1917 3317
251 182 284 221 ur
298 182 492 223 assumseram
507 184 610 222 emmor.
783 176 829 225 ast

22 260 76 309 rat
95 256 213 321 thuristum
234 258 329 311 defineri
347 260 375 309 ab
394 259 485 311 inferno
502 263 527 309 et
538 263 619 310 morte.
635 276 649 308 r
663 261 708 312 Set
721 263 832 325 quamdiu

22 330 112 395 liquis
132 333 170 381 est
192 334 309 392 mortuus,
324 330 440 381 detinetur
457 331 471 381 t
489 335 570 383 morte.
587 333 646 395 Ergo
660 333 750 383 ridetur
769 333 831 396 quid

21 402 110 453 :hristi
124 402 260 453 resurreetio
272 414 318 453 nou
327 402 430 453 debuerit
438 402 524 455 differri
534 416 605 465 usgue
615 404 645 453 ad
655 404 746 453 tertiam
758 405 831 468 diem,

21 476 58 525 ed
78 474 159 525 statim
171 474 249 525 eadem
264 474 300 524 die
310 486 442 537 resurgere,
457 473 589 538 praetem,
604 488 657 525 cum
667 475 749 527 Gioesa
761 489 831 540 snpra

21 547 121 597 udueta
142 545 202 596 dieat
218 562 233 593 n
246 546 331 597 nutam
346 558 396 597 esse
410 544 533 597 utilitatem
547 545 571 595 iu
583 544 697 598 effusione
710 547 830 610 sanguinus

21 616 121 679 timisti,
136 616 213 667 sinon
228 617 304 669 statim
322 622 458 680 resurgeret.
469 634 484 665 u

50 694 81 739 s.
95 692 227 753 Praeterea,
241 688 291 741 dies
311 688 410 753 incipere
430 690 521 741 ridetur
533 690 562 740 ah
575 694 627 740 ortu
641 689 713 752 solis,
733 690 772 751 uui
789 704 832 742 sua

20 762 151 826 rraesentia
168 761 228 811 diem
238 764 326 811 causat.
340 760 385 811 Sed
399 764 452 813 aute
465 766 541 812 ortum
554 762 611 813 eolis
630 761 738 813 Christus
750 774 831 813 rmnt-

20 834 99 897 ¹enit,
116 832 198 887 dieitur
216 833 278 883 euim
300 834 382 889 toea..
398 833 460 895 XX,
479 832 541 895 quet
557 849 571 881 u
589 847 635 884 una
654 834 743 885 sabbati
761 832 833 884 haria

19 904 157 969 tagdateue
167 902 232 955 uenit
240 916 322 964 mene,
337 901 389 955 oium
400 904 476 953 adhue
487 904 586 955 teneura
598 908 690 969 essent,
705 906 734 955 ah
747 918 830 956 moun·

19 978 144 1039 mentum;
154 978 201 1025 net
211 978 289 1027 tamen
298 973 403 1025 Christus
412 976 461 1039 jam
470 979 632 1038 resurrexerat,
643 977 698 1040 gana
705 977 829 1041 sequitur:

19 1066 32 1097 u
49 1049 86 1099 Et
101 1048 159 1099 uidit
175 1047 272 1112 lapidem
287 1046 401 1098 subtatum
412 1046 425 1096 h
435 1051 592 1098 monumento.
603 1062 618 1093 u
628 1048 679 1099 Non
689 1061 832 1112 ergoreeur-
847 1096 853 1107 ,

18 1120 87 1171 rexit
102 1118 204 1171 Christus
217 1119 286 1169 tertia
300 1118 344 1169 die.
424 1134 425 1139 ¹

54 1192 104 1243 Sed
116 1195 194 1241 eontra
208 1193 256 1251 est,
271 1191 330 1252 quod
347 1189 438 1253 dicitur,
452 1191 557 1246 Mattio..
568 1190 608 1241 XX
622 1205 629 1241 ι
643 1191 764 1241 «tradent
776 1204 832 1242 eum

18 1265 142 1317 Gentibus
159 1264 187 1313 ad
204 1262 360 1324 illudendum,
378 1262 537 1325 flagellandum
554 1266 578 1312 et
594 1262 789 1326 ermihgeudumg
806 1267 832 1315 et

20 1338 97 1389 tertia
114 1336 150 1386 dio
163 1338 300 1398 resurget.»

60 1412 68 1472 (
79 1410 224 1461 mucorem.
233 1432 264 1443 -
274 1406 331 1457 Cium
341 1406 428 1457 Christi
436 1408 572 1458 resurreetio
583 1406 712 1457 necessaria
724 1406 794 1457 tuerit
801 1407 832 1459 ad

21 1481 82 1533 fidei
105 1480 202 1539 nostru,
218 1484 263 1528 tam
277 1478 306 1529 de
319 1476 392 1540 ipsius
405 1478 542 1538 divinitate,
553 1491 622 1541 quam
635 1478 664 1527 de
679 1477 830 1540 humanitate,

22 1550 217 1611 instructionem,
231 1548 370 1599 couveniens
389 1547 432 1598 iuit
445 1552 470 1599 ut
484 1548 550 1599 tertia
565 1548 603 1600 die
616 1549 629 1599 i
643 1549 741 1601 mortuis
753 1561 831 1599 resur·

23 1621 116 1689 geret.)

59 1694 199 1759 Respondes
224 1692 361 1750 dicendum,
374 1690 435 1755 quod
454 1691 515 1743 sieut
530 1692 617 1743 dietum
636 1695 684 1755 est,
698 1692 831 1744 resurreetio

23 1766 115 1821 Christi
126 1765 254 1816 necessaria
263 1764 308 1815 tuit
318 1766 346 1816 ad
355 1764 528 1817 instructionem
538 1765 589 1815 fidei
598 1771 691 1817 nostrae.
702 1766 744 1815 Est
753 1769 832 1815 auteur

24 1840 85 1891 fides
107 1842 182 1889 nostra
202 1837 230 1887 de
247 1836 364 1887 diuinitate
386 1839 409 1886 et
424 1836 567 1887 humanitate
584 1835 686 1899 Christi3
702 1849 749 1887 uon
769 1836 832 1887 euim

27 1909 116 1963 suffieit
129 1910 224 1961 alterum
239 1908 290 1961 sine
306 1910 378 1959 altero
388 1907 497 1967 eredere,
510 1911 536 1957 ut
545 1921 574 1958 er
587 1908 704 1972 praedietis
719 1910 790 1971 patet.
804 1909 832 1959 m

26 1982 97 2043 ideo,
109 1982 137 2031 ad
150 1982 194 2031 hoo
213 1980 275 2044 quhd
288 1980 459 2031 confirmaretur
473 1978 530 2029 fides
543 1979 572 2029 de
590 1979 687 2030 ueritate
706 1979 833 2031 diurnitatis

27 2052 113 2117 ipsius,
132 2052 232 2116 oportuit
243 2050 303 2115 queo
317 2052 361 2101 cito
378 2052 521 2113 resurgeret,
532 2054 557 2101 et
571 2050 622 2114 ejus
634 2051 773 2103 resurreetio
784 2064 832 2103 nou

16 2125 156 2177 ‘differretur
167 2137 238 2188 usque
252 2123 281 2173 ad
298 2123 367 2173 finem
383 2122 470 2172 mundi.
487 2124 519 2172 nh
530 2124 575 2173 hoe
587 2122 733 2186 autemquhd
746 2123 833 2174 confir-

27 2202 129 2251 maretur
139 2196 195 2247 fides
205 2196 233 2245 de
247 2195 340 2245 veritate
352 2194 502 2243 humanitatis
519 2198 542 2244 et
557 2194 636 2243 mortis
649 2194 716 2258 ejus,
729 2194 832 2258 oportuit

28 2281 117 2319 moram
130 2280 182 2319 esse
196 2268 255 2319 iuter
272 2270 368 2317 mortem
386 2269 409 2315 et
423 2266 626 2328 resurrectionem,
643 2265 664 2315 si
679 2266 741 2315 enim
754 2265 832 2317 statim

16 2345 83 2403 ‘post
97 2344 191 2391 mortem
201 2338 378 2399 resurrexisset,
393 2336 462 2388 videri
477 2340 554 2400 posset
564 2336 625 2399 quod
637 2338 688 2400 ejus
702 2350 763 2387 mors
776 2350 831 2387 uera

29 2426 77 2463 nou
95 2412 176 2473 suerit,
191 2416 215 2463 et
234 2424 275 2474 per
287 2423 429 2473 consequens
448 2422 491 2459 uec
501 2407 635 2459 resurrectio
646 2422 709 2457 uera.
725 2411 757 2459 nrt
771 2408 832 2457 reri-

16 2488 104 2535 ·tatem
123 2488 198 2535 autem
219 2483 297 2535 mortis
310 2483 395 2533 Christi
412 2480 601 2533 manifestandam
622 2480 752 2529 sufficiehat
770 2479 832 2542 quta

16 2571 104 2622 'usqne
120 2559 147 2607 ml
164 2557 254 2608 tertiam
274 2555 332 2607 diem
348 2555 399 2618 ejus
410 2553 546 2605 resurreetio
561 2552 704 2615 differretur,
719 2550 833 2616 quianon

17 2648 18 2651 ¹
34 2629 226 2695 contingitque,
241 2627 301 2679 iufra
315 2629 358 2678 hoe
370 2630 474 2692 tempus,
491 2623 620 2677 innomine
633 2624 674 2687 qui
685 2628 790 2674 mortuus
799 2622 833 2672 ri-

34 2794 63 2838 ed
77 2792 106 2848 t;
123 2799 146 2839 et
161 2795 261 2852 Opere..
279 2794 325 2850 111,
346 2804 399 2849 eap.
415 2789 478 2845 itm
494 2796 519 2837 et
534 2790 638 2847 operte„
653 2788 704 2841 hx,
716 2796 770 2844 cap.
789 2784 833 2844 20,

36 2858 96 2903 eirea
118 2857 200 2913 fluum,
216 2864 239 2902 et
254 2857 345 2902 Psutm.
362 2857 414 2914 XV,
436 2854 483 2901 eol.
499 2854 531 2909 e;
547 2857 571 2899 et
584 2852 669 2900 loon„
681 2850 717 2908 11,
730 2849 787 2895 ieet.
808 2847 833 2907 ³,

16 2944 23 3021 ἑ
37 2922 80 2967 eol.
91 2920 114 2967 2.
