1917 3317
203 191 233 228 nc
249 191 412 231 conseramus
429 195 590 248 servareris,
605 199 658 237 erc.
786 188 833 237 6t5

61 266 89 310 3.
109 263 228 328 eumen,
245 281 326 332 eorpus
342 269 424 320 Christi
444 271 488 322 luit
501 261 603 335 ejusdem
617 274 704 338 speciei
717 288 768 324 oum
782 289 834 324 cor·

40 334 129 383 arthur
144 335 233 386 ahorum
244 339 372 391 horriinuur.
384 342 428 391 Sed
439 357 534 407 corpora
548 346 643 394 aliorum
657 345 774 395 homiuum
787 360 833 396 non

47 409 156 455 lunantur
170 420 199 456 ex
214 410 338 472 perussimo
352 413 474 475 sanguiue,
485 415 526 464 sed
544 429 571 464 er
585 417 672 466 semine
687 421 710 464 et
723 417 834 479 sanguine

45 481 154 528 »instrue
168 479 227 542 Ergo
242 480 332 531 ridetur
350 484 409 546 quod
427 499 469 534 nec
481 486 550 534 etiam
569 501 649 551 corpus
663 487 747 537 Christi
765 487 834 537 luerit

49 553 164 610 neentum
187 564 216 600 ex
232 553 362 614 purissimis
376 555 526 618 sanguinibus
540 557 647 620 Virginis.

52 621 105 669 Sed
118 625 195 671 eontra
209 627 262 685 est,
282 627 341 687 quod
359 627 510 677 [damascenus
523 629 577 678 dicit
592 630 615 678 iu
630 631 669 679 lll.
684 629 724 678 lib.
740 644 791 694 cap.
806 635 831 691 2,

54 693 84 739 'nl
107 693 207 742 «Filius
226 695 267 744 llei
279 699 407 747 construxit
423 699 468 748 sibi
485 699 546 762 ipsi,
561 713 588 749 ex
603 701 735 751 castissimis
755 706 778 751 et
792 717 834 766 pn-

38 763 123 814 -simis
135 766 290 828 sanguinibus
304 769 420 834 Virginis,
435 785 527 821 earnem
538 771 661 822 animatam
674 775 750 823 anima
765 773 834 823 ratio·

38 850 74 882 ‘'l.

51 907 227 958 ‘Concussae
237 934 269 944 -
280 909 407 960 &cundum
426 913 552 963 naturalem
568 914 720 975 generationis
740 916 833 965 modum

44 985 158 1040 :neptum
169 980 218 1028 huit
232 980 316 1029 Christi
326 995 407 1047 eorpus
422 997 449 1033 en
460 984 589 1046 purissimis
600 990 623 1035 et
635 986 769 1036 castissimis
781 987 834 1036 vir·

45 1052 75 1098 ,ts
100 1051 280 1115 sanguinibus,
295 1054 322 1102 ad
346 1055 479 1117 ampliorem
497 1056 648 1119 digestionem
667 1070 707 1121 per
725 1057 834 1108 uirtutem

42 1122 177 1172 ner-atinam
194 1123 271 1174 beatae
287 1124 388 1188 Virginis
400 1127 523 1190 reductis.)

47 1195 194 1258 itespondeo
206 1193 348 1258 dicendum,
364 1197 423 1259 qrrdd
436 1197 494 1246 sicut
505 1197 573 1261 sopri
586 1199 731 1259 dictumest,
743 1198 767 1248 in
780 1213 833 1250 con·

55 1266 118 1316 tione
140 1265 235 1316 Christi
251 1263 295 1315 luit
312 1269 437 1316 secundum
451 1269 603 1318 conditionen
621 1273 708 1318 naturae
723 1269 783 1331 quhd
798 1273 834 1319 est

41 1346 78 1385 'rs
102 1352 135 1388 ex
160 1336 276 1397 immina,
291 1339 331 1387 sed
351 1339 418 1402 suprd
439 1339 592 1390 conditionem
614 1344 701 1388 naturae
719 1340 780 1402 quhd
797 1343 834 1389 est

51 1423 76 1456 us
96 1423 129 1459 ex
154 1407 268 1470 Virgine.
283 1409 355 1458 Habet
366 1412 441 1458 autem
459 1411 503 1459 hoe
520 1410 629 1460 naturalis
645 1411 761 1470 conditio,
774 1410 835 1473 quhd

42 1479 207 1530 :eneratiene
225 1479 333 1529 animalis
346 1480 438 1530 foemina
454 1482 569 1530 materiam
583 1480 715 1541 ministret,
727 1494 756 1529 er
770 1484 835 1543 parte

46 1569 79 1601 nn
94 1553 177 1602 maris
193 1552 223 1600 lit
239 1550 377 1614 principium
391 1553 490 1601 activum
505 1553 528 1602 in
542 1553 704 1614 generatione,
715 1553 835 1616 sicutpro'·

37 1634 42 1647 ·
63 1627 239 1690 Philosophus
257 1623 283 1673 in
302 1623 343 1673 lib.
365 1627 400 1674 De
420 1627 579 1688 generatione
598 1623 763 1673 eninrnttunr.
780 1625 836 1674 Foe-

48 1716 64 1744 .r
77 1703 169 1748 nutem
187 1709 246 1759 quse
261 1709 291 1744 ex
303 1709 365 1745 mare
379 1696 490 1759 concipit,
505 1709 551 1746 non
561 1700 597 1745 est
610 1695 687 1757 Virgo.
702 1695 730 1744 Et
742 1696 792 1745 ideo
807 1696 836 1745 ad

46 1768 219 1820 eruaturalem
236 1766 329 1815 modum
342 1768 497 1829 generationis
508 1766 715 1831 constipentur,
727 1766 785 1828 qubd
798 1780 836 1816 ae-

52 1858 72 1890 m
91 1838 255 1906 principium
270 1836 295 1885 in
309 1835 456 1900 generatione
476 1837 514 1886 illa
528 1837 596 1887 luerit
610 1838 681 1886 virtus
700 1844 836 1900 supernatu-

45 1927 53 1950 .·
69 1915 171 1962 diviua.
190 1909 242 1958 Sed
258 1907 288 1956 ad
302 1911 426 1958 naturalem
442 1909 534 1957 modum
551 1907 704 1971 generationis
716 1908 767 1970 ejus
783 1923 837 1971 per-

52 1991 68 2042 t,
82 1983 155 2048 qnbd
183 1977 305 2038 materia,
322 1979 350 2028 de
367 1992 410 2040 qiua
425 1992 508 2041 corpus
524 1979 575 2042 ejus
595 1981 728 2041 conceptum
743 1983 791 2040 est,
804 1980 836 2030 sit

46 2057 128 2105 'nimis
147 2047 268 2103 materiae
284 2062 352 2110 quam
370 2049 419 2098 aliae
437 2049 535 2098 loeminae
551 2048 723 2098 subministrant
736 2051 764 2098 ad
781 2064 835 2100 con-

43 2140 132 2176 unnern
152 2121 250 2188 prolis.
266 2119 406 2168 Hecautem
421 2121 521 2179 materia,
536 2118 657 2170 secundiun
669 2120 835 2183 Philosophum

45 2201 75 2246 :lu
92 2199 114 2248 l.
142 2197 190 2245 De
205 2191 549 2256 9ererutr·0neam·mrtmm,
563 2194 598 2240 est
615 2191 705 2254 sanguis
725 2191 835 2254 mathesis,

33 2286 42 2321 g
64 2272 249 2336 quicumque,
266 2261 307 2311 sed
326 2262 449 2324 perductus
468 2263 496 2312 ad
509 2262 628 2324 quamdam
645 2262 777 2326 ampliorem
797 2261 836 2311 di-

46 2357 127 2393 entem
140 2351 193 2404 per
206 2335 326 2384 virtutem
337 2334 490 2394 generativam
502 2333 579 2394 ruanis,
594 2337 619 2382 ut
629 2334 659 2383 sit
673 2334 766 2382 materia
778 2337 833 2397 apta

41 2419 188 2478 unu-eptam
207 2423 215 2458 :
236 2407 263 2454 et
278 2404 331 2454 ideo
343 2417 372 2453 cx
381 2404 422 2453 tali
431 2404 526 2454 materia
540 2404 584 2453 luit
594 2417 675 2467 eorpus
688 2404 772 2453 Christi
782 2419 837 2456 con·

34 2504 191 2623 r'tmglrrimum
217 2561 282 2611 ergo
298 2546 433 2608 dicendum,
447 2545 508 2609 qubd
528 2559 580 2595 cum
598 2548 663 2596 beata
684 2545 752 2606 Virgo
768 2547 838 2596 luerit

51 2646 93 2680 'rm
116 2632 225 2679 naturae
246 2631 304 2668 cum
322 2616 372 2665 aliis
385 2617 498 2677 leminis,
514 2630 656 2679 consequeus
671 2622 706 2666 est
719 2615 778 2678 qubd
795 2618 836 2665 ha·

48 2677 66 2751 it
80 2711 191 2752 carnem
210 2695 241 2744 et
258 2701 315 2740 ossa
330 2687 433 2750 ejusaem
449 2691 544 2738 naturae.
559 2688 644 2737 Carnes
662 2692 736 2736 autem
750 2691 773 2735 et
784 2698 837 2736 ossa

53 2777 79 2824 11,-
95 2767 221 2824 toeminis
236 2763 300 2812 sunt
314 2758 418 2807 actuales
429 2758 628 2820 corporeorum,
640 2771 669 2807 ea
682 2757 765 2818 gruibus
778 2769 835 2804 eon-

36 2855 94 2896 wfflf
106 2839 259 2904 integritas
275 2829 396 2894 corporis3
412 2833 435 2879 et
445 2828 498 2878 ideo
510 2829 611 2878 subtrahi
623 2841 669 2879 non
679 2831 774 2890 possunt
783 2826 834 2876 sine

33 2919 142 2982 „guone
170 2902 298 2972 corporis
321 2899 360 2951 ael
377 2899 537 2951 diminutione.
556 2899 660 2950 Christus
681 2902 772 2958 autem,
791 2896 833 2960 qui
