1917 3317
116 195 162 246 tia
199 201 307 244 sacoma
323 201 453 251 sumna,
473 199 567 248 onam.
583 197 696 248 mmm,
718 197 773 236 aaa.
789 199 828 236 ιιι.

118 282 186 348 (cap.
197 281 242 345 9),
257 281 286 330 ad
302 281 371 330 Usum
391 279 487 342 loquens
502 294 510 328 ι
532 275 633 327 «timos
652 278 675 324 to
689 278 763 339 amat,
786 275 827 340 qui
838 277 913 326 tecum

119 353 202 416 aliquid
224 353 284 401 eruat
300 350 360 414 quod
381 363 427 400 ooo
442 353 535 414 propter
555 353 578 398 te
598 350 666 396 amat.
686 347 780 397 »Unde
799 351 823 397 et
836 347 862 396 io
874 346 912 395 uo.

121 423 241 474 Lxxxlu.
258 423 394 484 Quoeetiou.
417 421 474 485 (qu.
490 419 546 484 36),
558 417 613 469 dicit
628 417 768 481 Augustinus
779 416 841 481 quod
854 435 869 466 a
879 432 918 466 nu·

118 494 249 545 trimeotum
263 491 382 544 charitatis
392 497 427 543 est
441 491 571 542 imminutio
581 488 711 554 cupiditatis
720 503 727 551 3
736 488 849 553 perfectio
858 488 916 538 nulia

119 566 238 630 cupiditas.
249 581 263 612 o
273 565 308 615 Ex
318 567 362 615 hoc
372 569 446 615 autem
458 562 518 628 qudd
532 561 614 626 aliquis
624 573 661 611 res
669 561 796 610 mundanus
806 559 915 624 possidet,

120 635 218 688 allicitur
227 636 315 686 animus
325 636 374 700 ejus
384 637 411 687 ad
426 648 503 686 earum
516 646 625 684 amorem.
635 631 700 682 Unde
712 632 854 694 Augustinus
866 632 917 682 dicit

119 708 144 758 iu
157 707 225 772 epist.
237 707 272 757 od
285 706 424 766 Pauliacum
434 709 459 756 et
471 705 617 756 Therasiam
633 702 715 767 (epist.
730 703 851 768 univ),
861 701 919 766 quid

122 797 136 829 ιι
155 784 245 830 terrena
261 779 384 842 diliguntur
405 778 490 828 arctius
507 777 604 840 adepta,
618 788 685 839 quam
709 774 841 839 concupita.
863 776 918 825 Nam

122 853 183 903 uude
202 852 295 916 juvenis
312 851 352 902 ille
372 850 443 901 tristis
458 848 574 912 discessit,
590 847 636 898 nisi
656 847 709 911 puin
721 859 817 910 magnas
833 847 917 920 diuitias

120 923 234 976 habetati
254 924 319 974 iliud
334 927 370 975 est
383 924 444 973 euim
458 921 519 972 uoile
531 920 675 984 incorporare
689 931 741 982 quae
751 920 852 983 desunt,
863 918 919 969 atiud

120 996 168 1060 jam
181 995 324 1060 incorporata
334 995 458 1056 diuellere;
473 992 512 1041 iiio
524 990 586 1041 enim
605 991 667 1041 uelut
679 993 790 1040 extranea
801 992 920 1055 repudiao·

122 1071 172 1129 tur,
183 1067 228 1118 ista
237 1066 290 1118 verd
300 1066 364 1115 uelut
372 1063 473 1115 membra
482 1062 694 1126 proscinduntur.»
707 1062 736 1111 Et
746 1063 920 1126 chrysostomus

122 1139 177 1190 dicit
192 1155 267 1204 super
282 1137 385 1196 Mutii„
396 1136 481 1201 (epist.
496 1133 593 1197 LXIV),
605 1133 666 1198 qodd
679 1150 693 1181 ιι
707 1133 823 1197 appositio
836 1134 921 1185 divitia

122 1225 172 1261 rum
184 1211 292 1276 majorem
307 1208 408 1258 accendit
418 1207 547 1268 tlammam,
557 1210 581 1256 et
589 1203 746 1255 uehementior
761 1204 788 1254 tit
801 1207 920 1270 cupido.»

123 1285 152 1334 Et
165 1283 218 1333 iude
232 1286 268 1332 est
278 1280 340 1345 quid
352 1280 380 1329 ad
394 1277 557 1344 perfectionem
571 1276 689 1327 charitatis
701 1275 876 1342 acquirendam,
883 1278 925 1342 pri·

124 1367 186 1403 mum
199 1353 371 1403 tundarneotum
380 1356 416 1402 est
424 1349 551 1400 uoluntaria
560 1351 697 1413 paupertas,
710 1352 735 1397 ut
746 1346 832 1412 aliquis
842 1351 924 1414 absque

124 1424 214 1489 proprio
235 1425 313 1484 uiuat,
326 1423 414 1473 dicente
428 1421 540 1484 Domino,
555 1420 658 1482 diuiti„
669 1421 721 1472 xlx
739 1435 745 1470 ε
762 1437 777 1468 ιι
791 1421 816 1470 Si
828 1423 869 1473 uis
881 1435 925 1487 per·

80 1499 82 1503 ’
125 1495 200 1547 iectus
214 1509 265 1547 esse
278 1495 347 1558 vade,
363 1495 436 1544 renue
451 1494 529 1544 omnia
540 1505 591 1557 quo
604 1492 688 1557 haim,
698 1495 722 1542 et
734 1492 765 1542 da
778 1494 925 1557 pauperibus,

125 1571 149 1618 et
160 1568 226 1628 veui,
238 1579 331 1630 sequere
345 1578 390 1617 me.
404 1581 418 1614 o

158 1639 191 1689 dd
208 1638 307 1702 primum
322 1650 374 1700 ergo
389 1637 525 1698 dicendum,
537 1635 597 1700 qudd
610 1635 670 1686 sicut
683 1633 763 1685 Glossa
773 1635 866 1687 ibidem
880 1637 929 1688 suh·

127 1712 175 1773 dit,
191 1727 205 1758 ιι
215 1723 260 1761 uon
273 1710 324 1760 ideo
338 1709 395 1759 dixit
403 1709 537 1773 apostulus,
549 1725 563 1756 ιι
578 1707 666 1758 scilicet
677 1711 703 1758 ut
712 1706 778 1757 uobis
788 1721 836 1758 nou
847 1710 881 1760 sit
892 1711 929 1760 tri·

126 1781 212 1832 bulatio
220 1819 229 1846 ,
239 1781 261 1832 id
282 1785 329 1844 est,
346 1785 486 1846 paupertas,
499 1797 513 1827 ιι
526 1781 581 1844 quio
595 1779 679 1829 metius
697 1782 759 1830 esset
772 1779 852 1830 omnia
869 1783 930 1841 dare,

127 1855 166 1905 sed
181 1853 278 1903 infirmis
290 1853 354 1903 timet
365 1852 411 1917 (t),
423 1865 480 1916 quos
491 1852 524 1901 sic
533 1853 586 1901 dare
598 1855 692 1912 monet,
704 1854 731 1900 ut
744 1854 877 1913 egestatem
888 1867 931 1903 ooo

127 1927 251 1989 patiantur.
267 1941 281 1972 ιι
292 1925 355 1975 Unde
364 1924 467 1974 similiter
480 1923 550 1974 etium
559 1935 588 1972 ex
601 1922 682 1973 Glossa
690 1920 735 1970 ulia
748 1935 796 1972 noo
810 1927 849 1972 est
863 1924 931 1976 iutel-

128 1997 242 2062 tigeudum
251 1996 311 2060 quod
321 2009 367 2046 oon
379 1996 447 2046 liceat
461 1995 538 2044 omnia
548 1993 682 2058 temporatia
693 1991 806 2056 abjicere,
817 1995 862 2045 scd
873 1995 932 2062 quod

129 2068 173 2119 hoc
186 2081 233 2119 mou
246 2081 275 2118 ex
289 2066 423 2118 necessitate
436 2065 565 2130 requiritur.
576 2065 639 2115 Unde
652 2067 677 2114 et
689 2063 822 2114 ambrosius
835 2065 896 2120 dicit
909 2071 932 2124 ir

128 2141 147 2189 i.
163 2141 200 2188 De
210 2139 276 2203 offic.
288 2142 348 2202 (cap.
362 2138 412 2202 30).
424 2153 437 2186 ιι
445 2137 554 2187 Dominus
564 2149 609 2186 uon
620 2136 669 2184 vult
682 2134 779 2199 (scilicet
787 2148 817 2187 ex
827 2143 933 2193 necessi.

130 2213 176 2262 tate
191 2209 314 2276 praecepti)
329 2209 396 2260 simui
410 2207 496 2260 eiiundi
509 2222 578 2272 opes,
591 2208 632 2257 sed
645 2207 787 2272 dispensari3
802 2209 848 2260 uisi
860 2212 931 2278 ioue,

129 2287 155 2332 ut
166 2282 261 2333 Elisaeus
274 2283 343 2333 boues
363 2295 415 2332 suos
429 2279 511 2331 occidit
524 2284 548 2330 et
567 2279 631 2343 parit
645 2291 757 2343 pauperes
776 2293 806 2330 eu
822 2294 852 2333 eo
871 2289 933 2350 quod

130 2354 222 2418 habuit,
235 2357 261 2403 ot
272 2353 332 2404 uultu
344 2365 399 2403 cura
411 2355 528 2402 teneretur
537 2348 667 2402 domestica.
679 2365 694 2397 »

162 2425 196 2476 rtd
212 2426 336 2476 secuudum
349 2422 555 2487 dicendumque
574 2422 613 2473 illc
628 2422 667 2486 qui
686 2421 762 2472 omnia
776 2437 818 2477 sua
835 2426 937 2480 dimitrii

131 2502 223 2562 propter
241 2498 356 2548 Christum
373 2509 420 2546 nou
436 2495 531 2558 exponit
546 2496 571 2545 se
585 2494 697 2558 periculo,
709 2507 783 2558 noque
796 2498 930 2563 spirituaii,

122 2583 205 2634 ,oeque
221 2567 339 2632 corporali.
351 2566 472 2632 spirituale
483 2567 545 2618 euim
557 2566 683 2630 periculum
694 2577 724 2616 ex
732 2573 868 2631 paupertate
881 2586 940 2635 ppt⁴

166 2737 201 2806 (t)
213 2741 243 2788 Ut
254 2737 327 2815 estin
341 2739 497 2813 manuscripto
511 2739 624 2799 summas,
644 2751 671 2785 ac
686 2741 714 2807 ir:
723 2741 834 2820 'origines
847 2770 941 2818 (Hom

134 2812 212 2867 textu,
227 2811 276 2850 tum
292 2805 444 2850 ruterhoearrs
460 2815 544 2859 novio,
557 2808 606 2849 tuna
617 2809 706 2870 ue'aem
715 2825 873 2888 mummi„
890 2848 941 2881 m

133 2874 461 2992 tuirieeeuuuss
477 2864 884 2957 *summeium
