1917 3317
282 240 313 279 nr
328 238 443 279 rusum
458 240 560 280 cuursrr.
776 232 822 282 ult

22 329 115 370 uanum
129 315 191 368 enirn
201 328 273 381 mnus
286 314 377 367 liberari
388 330 434 369 uou
444 320 536 383 potent
548 318 594 371 uisi
604 319 617 370 l
626 320 682 384 leo,
698 322 823 375 secunlum

22 392 71 441 llud
86 390 158 446 lsai„
173 389 251 439 xlv:
270 389 412 453 «Numquid
425 403 472 440 non
486 401 530 453 ego
542 390 668 454 Dominus,
687 396 712 444 et
726 406 773 445 nou
788 398 824 446 est

22 461 75 512 lira
90 461 152 511 lleus
165 460 251 524 absque
265 460 319 511 mel
333 460 394 511 Deus
407 461 485 526 justus
494 466 519 512 et
533 462 626 513 salvans
636 477 684 516 uon
693 467 729 516 est
742 470 824 531 preter

22 548 65 584 ue.
77 548 94 580 n
110 532 135 583 ln
147 532 218 582 mum
231 536 307 583 autem
326 544 372 583 ncn
390 532 451 583 cadit
465 532 541 597 aliqua
555 535 698 598 necessitas,
711 537 764 600 quia
779 540 823 589 hoc

22 607 157 668 epuguauet
173 602 344 667 omnipotentiae
363 602 445 667 ipsius.
461 604 521 669 Ergo
539 618 586 657 non
606 605 650 657 iuil
665 609 822 660 necessarium

22 675 136 727 {hristum
150 677 206 739 pati.

42 753 69 797 Ξ.
87 749 215 808 Promea,
230 746 383 797 necessarium
396 746 523 798 voluntario
536 749 667 813 opponitur.
682 751 726 802 Sed
738 752 821 804 Chris·

22 834 49 870 us
71 817 166 883 proprii
185 818 300 869 uoluntate
316 821 352 868 est
370 830 464 883 passus3
482 818 638 871 diciturenim
656 823 729 879 lsai..
747 824 819 875 llll:

22 890 133 941 :Oblatus
148 891 200 951 cst,
214 888 267 954 qnia
283 889 332 953 ipsc
343 889 423 940 uoluit.
440 904 454 937 n
473 891 523 940 Nou
539 904 592 955 ergo
608 894 764 945 necessarium
776 894 821 945 luit

23 976 66 1011 um
83 960 143 1026 pati.

41 1040 68 1085 3.
86 1036 211 1096 Praeterea,
227 1032 287 1083 sicut
301 1032 325 1083 in
338 1032 436 1083 Psolm.
447 1034 518 1084 lllllv
529 1034 620 1099 ututur,
632 1039 818 1093 anniversarie

22 1104 105 1157 lumini
122 1104 277 1156 misericordia
286 1107 309 1155 et
317 1104 412 1156 uerius.
427 1106 496 1157 »Sed
509 1120 555 1157 uon
566 1107 655 1159 uretur
663 1112 819 1163 necessarium

22 1178 71 1228 uod
84 1180 201 1241 putemur
211 1190 240 1228 ex
251 1180 315 1240 parte
331 1175 490 1228 misericordiae
502 1178 602 1242 dinuo,
612 1193 663 1243 qua
675 1181 735 1232 sicut
746 1185 819 1245 gratis

22 1262 70 1301 oua
90 1248 189 1309 lubuit,
202 1248 234 1297 ita
247 1246 337 1297 uidetur
355 1247 415 1311 quod
438 1248 509 1311 gratis
526 1250 603 1300 delita
615 1252 716 1313 relaxet,
732 1255 818 1319 absum

22 1320 183 1383 atisiactione;
194 1331 269 1384 neque
279 1320 348 1370 etiam
360 1332 389 1369 er
404 1323 469 1383 parte
482 1321 565 1372 diuina
572 1322 678 1387 justitia,
689 1326 818 1377 secundum

24 1406 80 1443 uam
91 1392 160 1443 homo
169 1394 277 1442 aeternam
293 1390 460 1443 damnationem
469 1398 590 1443 meruerat.
601 1394 661 1458 Ergo
671 1395 762 1446 udatur
770 1410 818 1448 nou

22 1464 82 1515 uisse
105 1461 258 1514 necessarium
278 1461 339 1527 quud
360 1462 466 1513 Christus
484 1477 525 1535 pro
545 1463 679 1517 liberatione
699 1467 818 1518 hominurn

22 1540 140 1587 tateretur.

44 1612 68 1658 t.
85 1609 212 1669 preterea,
225 1606 327 1669 angelica
339 1610 420 1658 natura
429 1610 464 1658 est
472 1607 620 1659 excellentior
630 1608 697 1675 quam
706 1610 817 1677 humana,

22 1684 37 1729 lt
53 1683 170 1744 patetper
186 1678 328 1743 Dionysium,
338 1680 375 1729 lv.
392 1679 584 1744 cauliculum.
598 1682 703 1731 Nomia.
718 1682 816 1748 Stupro

23 1752 158 1815 aparatione
179 1750 285 1814 angelica
307 1754 462 1816 naturaeque
484 1756 633 1816 peccaverat,
648 1754 752 1806 Christus
771 1769 817 1808 non

23 1827 44 1872 st
55 1836 147 1889 passus
162 1822 222 1885 Ergo
241 1820 331 1872 uidetur
352 1821 413 1886 quun
431 1836 475 1873 nec
489 1822 558 1874 etiam
571 1823 641 1875 luerit
658 1827 817 1878 necessarium

24 1908 62 1942 uun
74 1894 124 1958 pati
144 1906 186 1959 pru
198 1892 271 1943 saluta
287 1893 382 1943 humani
394 1894 494 1959 generis.

43 1966 90 2015 Sed
112 1968 191 2015 contra
209 1968 258 2027 est,
272 1964 332 2027 quoi
351 1964 432 2015 dicitur
451 1967 536 2025 Joon„
555 1966 586 2016 ΙΙΙ
602 1982 608 2016 z
624 1967 712 2018 «Sicut
725 1969 817 2035 ltoyses

24 2036 124 2087 xaltauit
133 2040 263 2100 serpentem
274 2034 298 2085 iu
312 2036 410 2100 deserto,
426 2036 459 2086 sic
472 2040 561 2102 oportet
573 2040 669 2090 exaltari
681 2039 763 2092 Filium
775 2044 816 2094 lio-

23 2107 96 2167 ninis,
113 2110 139 2157 ut
158 2106 231 2157 omnis
246 2106 285 2171 qui
303 2108 375 2158 credit
393 2108 418 2157 in
438 2121 491 2159 eum
509 2122 557 2160 non
574 2115 666 2174 perot,
678 2112 717 2163 sed
734 2113 818 2165 ualeat

23 2179 83 2228 itam
98 2182 219 2241 aternam3
239 2194 253 2226 u
274 2180 332 2242 quod
351 2178 443 2243 qudem
465 2181 493 2231 de
508 2181 645 2233 exaltatione
662 2181 687 2231 in
699 2196 766 2234 cruce
782 2184 818 2234 in·

23 2251 135 2313 elligitur.
151 2251 209 2314 lingo
223 2249 314 2301 videtur
325 2250 383 2314 quod
398 2251 515 2301 Christum
533 2254 659 2317 oportuerit
669 2255 726 2319 pati.

49 2323 385 2385 (concussio—Quanquam
393 2324 549 2374 necessarium
563 2338 610 2375 non
621 2325 690 2376 tuerit
702 2327 817 2387 Christum

23 2394 61 2442 rati
71 2394 149 2459 aliqui
161 2393 285 2445 coactionis
294 2395 439 2461 necessitate,
447 2408 491 2446 nuc
503 2409 532 2446 ex
544 2400 609 2461 parte
617 2398 674 2461 llei,
688 2400 727 2462 qui
740 2399 816 2464 ipsum

23 2464 62 2525 nati
76 2465 227 2530 definiverat,
241 2478 283 2517 nec
301 2466 387 2531 ipsius,
404 2467 443 2530 qui
456 2467 585 2519 voluntarie
604 2482 685 2534 passus
697 2469 756 2535 iuit;
771 2485 817 2523 ne-

23 2537 140 2588 :coffinum
157 2541 234 2589 tanuen
255 2542 278 2589 et
294 2538 422 2603 expediens
438 2538 497 2602 init,
511 2544 537 2589 ut
556 2539 640 2592 sibiet
659 2542 725 2593 nubis
743 2544 816 2593 vitam

23 2613 181 2661 ›numeraretur
195 2612 316 2671 aternam,
327 2623 368 2675 pru
378 2610 444 2662 nolis
454 2611 517 2662 Patri
527 2611 680 2675 satisiacieus,
690 2617 716 2664 ct
725 2618 752 2664 ul
766 2626 815 2665 orn·

24 2690 69 2729 rem
82 2680 107 2730 in
123 2682 168 2731 lucc
180 2680 287 2744 impleret
299 2681 460 2747 scripturam.)

45 2752 181 2817 Respondeo
195 2753 328 2818 dicendum,
342 2752 403 2817 quid
417 2753 476 2805 sicut
495 2754 649 2819 Philosophus
662 2754 728 2805 docet
745 2754 770 2805 iu
785 2754 815 2805 V.

24 2822 156 2888 lieluplryo.
167 2827 233 2889 (text.
252 2829 286 2888 tl,
298 2826 470 2875 necessariam
485 2824 639 2889 multipliciter
651 2824 735 2876 dicitur
745 2839 753 2875 t
764 2825 817 2877 lluo

24 2892 108 2955 raideuu
122 2896 203 2961 modu,
215 2898 276 2961 quud
293 2896 417 2949 secudum
437 2896 475 2948 sui
490 2900 594 2949 naturam
613 2896 754 2961 impositio
779 2901 816 2950 est

24 2964 274 3035 llurolutermt
290 2967 816 3037 commotorumquulnonrutusoes·
