1917 3317
135 131 179 178 16⁰
211 136 465 187 summasunmna,
483 135 728 184 commumoni,
747 133 802 173 nur.
819 135 847 171 ιι.

162 217 196 267 nd
212 216 302 267 tertium
325 214 458 277 dicendum,
474 212 536 277 quod
554 212 630 262 iubis
645 225 696 275 qua
716 212 745 261 od
764 211 914 275 perfectionem

130 289 257 354 pertinent,
273 287 393 350 episcopus
414 299 439 336 se
457 287 526 336 babet
541 298 582 350 per
601 284 692 334 modum
710 282 813 346 agentis,
829 280 918 345 religiosi

131 366 207 412 autem
221 373 261 424 per
278 360 367 410 modum
384 357 507 423 patientis,
520 362 544 407 ut
561 356 631 421 supra
649 356 733 405 dictum
755 360 790 406 est
804 356 919 420 (qm.18l,

131 438 173 484 art.
182 431 217 496 7).
228 435 301 496 rigens
311 435 385 482 autem
399 431 467 482 eliam
482 430 506 480 in
519 429 661 480 naturalibus
672 427 759 492 quanti>
769 432 805 478 est
818 427 920 492 superius,

130 504 195 556 tanto
207 509 242 554 est
255 504 326 566 magis
338 518 426 567 unum;
441 516 468 553 ea
482 501 535 553 verb
551 515 602 566 qua
620 500 746 565 patiuntur,
765 504 820 550 suut
834 501 920 551 diuersa

131 577 195 628 Unde
209 575 371 626 rationabiliter
381 579 418 625 est
427 588 487 625 unus
500 573 635 638 episcopalis
647 576 729 633 sulus,
738 572 863 636 religiones
876 567 921 620 rerb

133 648 237 699 diverse.

163 720 197 769 lid
217 722 320 783 quartum
342 719 473 779 dicendum,
490 717 549 782 qubd
567 716 671 767 conlusio
688 714 811 780 opponitur
835 716 922 767 distinc-

132 791 190 842 tioui
200 796 223 842 et
234 792 317 842 ordini.
329 791 366 842 Sic
374 805 427 854 ergo
444 803 473 841 ex
482 791 628 840 mullitudine
637 788 773 852 religionum
787 788 923 840 induceretur

132 863 250 923 conlusio,
269 863 289 913 si
306 864 332 913 ad
350 863 410 913 ideun
427 863 546 913 eteoclem
563 860 629 911 modo
644 861 740 911 diuersae
760 859 885 923 religiones
896 871 923 908 es·

132 940 196 997 sent,
211 936 296 1000 absque
310 934 409 986 utilitate
424 938 447 985 ct
463 935 607 984 necessitate.
623 934 704 994 Unde,
719 936 744 982 ut
759 934 804 982 boo
817 947 867 984 nom
881 933 922 990 liat,

132 1006 250 1058 salubriter
271 1008 400 1058 institutum
424 1010 461 1057 est
485 1019 514 1057 me
534 1019 596 1056 nora
622 1004 702 1070 religio
728 1004 774 1055 nisi
799 1004 925 1056 auctoritate

132 1078 215 1129 summi
229 1079 346 1131 Pontidcis
357 1079 496 1131 instituatur.

427 1257 631 1332 nuuruuuusu.

150 1385 235 1431 Utroim
246 1385 329 1442 aliqum
338 1384 423 1441 religio
435 1384 530 1428 instituti
540 1360 622 1428 debeat
635 1383 667 1428 ad
676 1395 746 1441 opero
763 1385 819 1428 vitoe
831 1385 919 1430 activo.

164 1513 197 1562 ld
213 1511 338 1562 secumdum
352 1510 386 1561 sic
402 1510 540 1574 proceditur.
551 1510 645 1561 Videtur
659 1510 718 1574 qubd
731 1511 794 1560 mulla
804 1511 889 1576 religio
903 1510 931 1558 in·

131 1583 193 1635 stitui
209 1583 288 1633 debeat
299 1583 326 1631 ad
339 1594 406 1646 opera
414 1581 468 1632 ritae
478 1581 566 1632 activa.
577 1582 655 1632 Omnis
668 1581 730 1632 enim
743 1581 824 1645 religio
836 1583 932 1647 pertinet

132 1655 160 1704 ad
178 1653 326 1718 perfectiouis
340 1657 437 1714 statum,
454 1659 478 1702 nl
501 1667 530 1703 ex
543 1652 618 1724 ‚supri
638 1653 704 1703 dictis
721 1656 784 1717 patet
802 1655 811 1716 (
821 1669 865 1717 uu.
884 1658 932 1711 lsi,

132 1728 174 1776 art.
189 1728 230 1787 d).
245 1725 288 1775 Sed
303 1725 414 1789 perfectio
431 1725 531 1788 religiosi
544 1724 618 1775 statuis
633 1724 737 1775 consistit
750 1725 775 1774 in
789 1727 932 1791 comtempla-

131 1796 194 1848 tione
205 1796 346 1859 diuinorum;
360 1795 413 1846 dicit
424 1797 486 1846 emim
496 1796 631 1861 Dionysius,
642 1797 680 1846 Vl.
689 1795 781 1845 Erotes.
793 1795 931 1850 newarca,

132 1868 194 1931 qubd
214 1869 385 1918 «nominantur
398 1882 426 1920 ex
441 1868 482 1918 liei
492 1880 550 1932 puro
560 1867 652 1918 seruilio
666 1871 688 1918 et
702 1867 822 1931 famulatu,
839 1873 865 1919 et
881 1869 933 1918 iudi·

132 1938 218 1990 visibili
232 1942 256 1989 et
269 1940 377 2003 singulari
388 1939 436 1990 rtet
449 1938 543 1990 uniente
557 1952 596 1989 eos
609 1938 760 1989 invisibilium
773 1941 863 1991 sanclis
882 1955 933 1991 cou-

133 2010 286 2061 uolutiouibus
301 2011 392 2072 (idest
405 2010 647 2074 contemplationibus)
663 2012 692 2060 ad
709 2009 844 2061 deiformem
863 2013 937 2062 uuila·

132 2084 178 2131 tem
193 2086 216 2131 et
229 2083 347 2133 amabilem
361 2084 401 2134 liei
413 2083 610 2147 perlectionem.»
625 2083 684 2145 Ergo
695 2081 784 2131 ridetur
795 2083 863 2146 qubd
879 2085 936 2134 mulla

133 2152 212 2214 religio
228 2151 317 2202 institui
329 2155 403 2218 possit
416 2154 444 2204 ad
456 2167 524 2217 opera
535 2153 588 2203 uilae
599 2153 687 2204 activa.

164 2226 188 2271 2.
204 2222 328 2287 Praeterea,
346 2225 405 2275 idem
425 2225 538 2289 judicium
551 2223 640 2274 ridetur
660 2237 709 2275 esse
731 2224 759 2274 de
776 2229 906 2278 monacbis
922 2232 941 2276 el

133 2292 248 2343 canonicis
260 2295 417 2360 regularibus,
432 2299 458 2345 ut
470 2297 565 2346 babetur
574 2299 660 2347 bactro
669 2296 701 2346 de
710 2296 875 2360 postulando,
892 2314 942 2363 cap.

133 2367 175 2415 du
187 2369 275 2430 purim
286 2370 310 2416 et
319 2368 354 2416 De
364 2370 436 2416 stateo
446 2369 641 2429 monachorum,
652 2383 702 2433 cap.
714 2369 787 2431 Quod
799 2370 849 2419 Dei
865 2374 945 2421 timo-

134 2453 202 2492 rem,
217 2437 297 2488 dioilur
312 2438 373 2502 quod
388 2457 402 2488 o
413 2439 425 2489 ι
437 2444 567 2492 sauctorum
583 2443 745 2492 monachorum
759 2443 882 2494 consortio
899 2459 944 2495 uon

133 2512 241 2574 putantur
252 2510 366 2574 sejuncti;
381 2527 394 2558 m
410 2514 432 2561 et
448 2512 528 2562 eadem
541 2513 597 2564 ratio
614 2513 704 2563 uidetur
720 2527 771 2565 esse
786 2515 815 2564 de
830 2517 946 2565 omnibu

134 2582 185 2633 aliis
198 2581 319 2645 religiosis.
335 2583 380 2633 Sed
392 2585 552 2634 monachorum
563 2584 642 2648 religio
656 2589 692 2634 est
700 2584 805 2635 instituta
822 2587 853 2635 nd
872 2588 925 2638 vitu

134 2654 331 2718 contemplativam
341 2671 347 2717 ;
358 2656 416 2705 uude
424 2657 574 2721 Hieronymus
583 2658 636 2709 dimit
646 2657 683 2706 od
694 2657 836 2707 Paulinum
852 2660 939 2724 (Epist

134 2726 197 2788 lllll)
211 2742 216 2775 ι
233 2744 246 2773 u
257 2727 280 2776 Si
293 2726 360 2790 cupis
375 2740 424 2778 esse
438 2730 497 2791 quod
511 2728 605 2791 diceris,
617 2731 759 2793 monachus,
774 2730 845 2781 idest
862 2734 935 2783 solus

134 2799 188 2862 quid
205 2798 261 2847 iacis
275 2798 299 2847 in
313 2799 421 2850 urbibus?
436 2815 450 2847 m
465 2804 488 2850 el
504 2800 562 2852 idern
582 2802 679 2852 habetur
693 2803 779 2852 Extra
795 2803 828 2852 de
847 2819 942 2856 renum

136 2871 258 2928 tiotiome,
272 2881 324 2934 cap.
333 2871 393 2922 Nom·
404 2871 463 2922 olom
475 2872 595 2937 pridem,
605 2876 628 2924 et
640 2875 677 2924 De
688 2873 872 2939 repertoribus,
895 2877 948 2943 capt
