1917 3317
537 131 633 181 2¹16
935 140 1057 184 rus
1089 142 1168 192 ιιι,
1201 140 1390 188 ouaesr.
1424 142 1490 189 ιι,
1522 141 1634 183 Ant.
1671 142 1739 182 m.

537 220 709 271 tionem
736 230 942 283 personat
971 219 1044 271 vel
1072 217 1376 271 subsistentiae
1401 217 1605 282 suscepit
1632 220 1782 269 sancta
1798 212 1917 269 Trint

537 292 724 340 carnato
759 303 852 340 uno
895 291 953 341 de
999 294 1157 340 sancta
1192 289 1411 339 Trinitate
1447 290 1542 340 Deo
1579 290 1746 341 Verbo.
1779 305 1804 337 ιι
1831 287 1917 340 Sub

539 365 690 414 autem
718 361 840 414 idem
874 365 948 414 est
974 375 1027 411 ac
1053 376 1125 411 res
1151 362 1412 416 subsistens
1430 399 1444 423 ,
1469 362 1588 425 quod
1621 365 1693 412 est
1716 359 1917 424 propriuu

537 434 679 494 tasis,
708 436 758 483 ut
788 437 916 497 patet
942 446 1023 497 per
1050 433 1257 484 Boetium
1283 432 1328 483 in
1354 433 1433 482 lib.
1469 434 1540 484 De
1560 432 1758 485 duabus
1774 432 1875 481 nat.
1902 429 1917 477 Ε

538 505 644 571 quia
672 505 712 555 si
740 507 871 557 detur
906 505 1025 568 qubd
1052 520 1245 569 persona
1288 505 1459 568 almuid
1494 507 1629 557 addat
1665 518 1794 567 super
1829 504 1917 566 hyp

540 577 590 630 in
625 590 716 642 quo
742 578 889 642 possit
914 578 1029 629 unio
1056 577 1180 640 fieri,
1217 580 1307 629 boc
1334 577 1449 628 nihil
1480 577 1603 627 aliud
1632 580 1703 627 est
1726 588 1852 638 quam
1882 590 1917 638 pi

541 652 597 704 ad
629 649 891 715 dignitatem
916 650 1175 714 pertinens,
1207 651 1456 702 secundum
1492 648 1614 712 quod
1646 646 1917 710 aquibnsdar

543 721 664 785 quod
687 735 882 785 persona
909 724 980 773 est
1006 739 1033 769 «
1059 723 1319 787 hypostasis
1347 721 1625 785 proprietate
1651 719 1857 777 distincta
1878 732 1917 778 ,³

541 797 684 845 tatem
712 793 987 857 pertinente.
1014 810 1042 841 »
1070 794 1120 845 Si
1143 807 1251 855 ergo
1280 795 1401 843 facta
1430 791 1489 842 sit
1516 790 1623 842 unio
1653 792 1702 840 in
1729 803 1914 854 persona

543 864 598 917 in
629 867 900 930 hypostasi,
940 878 1226 929 consequens
1255 865 1340 915 erit
1371 864 1494 927 qued
1530 876 1622 913 non
1658 863 1775 913 facta
1803 861 1861 915 sit
1883 878 1917 912 ut

547 937 793 990 secundum
820 936 1093 999 dignitatem
1121 937 1381 1001 quamdam.
1412 938 1467 986 Et
1499 936 1588 986 hoc
1627 939 1720 995 est,
1758 934 1917 998 approb

546 1009 668 1060 nodo
687 1008 934 1072 Ephesina,
965 1009 1225 1061 damnatum
1253 1008 1280 1057 a
1308 1009 1477 1073 Cyrillo
1508 1006 1592 1058 sub
1618 1007 1691 1057 his
1716 1004 1864 1056 verbis
1892 1008 1917 1057 C

551 1080 648 1130 «Si
673 1080 774 1144 quis
795 1080 843 1129 in
867 1094 958 1131 uno
982 1079 1162 1131 Christo
1183 1079 1347 1130 dividit
1370 1079 1686 1131 subsistentias
1704 1081 1808 1142 post
1826 1078 1917 1127 adu}

549 1150 646 1205 sola
684 1152 902 1215 copulans
945 1164 1023 1205 eas
1066 1152 1420 1215 conjunctione,
1458 1164 1559 1214 quae
1594 1151 1841 1202 secundum
1884 1149 1917 1198 di

548 1223 789 1288 quamdam
810 1262 822 1284 ,
843 1222 918 1273 vei
943 1221 1257 1274 auctoritatem
1285 1227 1382 1286 est,
1414 1222 1489 1272 vei
1520 1222 1773 1272 secundum
1800 1225 1917 1284 pote1

548 1309 642 1346 non
668 1294 811 1357 magis
847 1307 1076 1347 concursu
1104 1295 1351 1346 secundum
1382 1295 1435 1345 ad
1472 1294 1703 1344 notionem
1736 1294 1917 1344 natural·

547 1368 700 1424 thema
720 1366 795 1417 sit.
821 1384 849 1413 »
871 1366 1046 1429 Tertio,
1066 1366 1173 1429 quia
1194 1370 1371 1417 tantum
1391 1365 1648 1431 hypostasis
1668 1368 1736 1416 est
1756 1364 1832 1414 cui
1848 1370 1913 1416 att

548 1438 838 1504 operationes
869 1442 917 1487 et
951 1437 1253 1502 proprietates
1288 1441 1461 1491 naturae
1479 1475 1493 1501 ‚
1532 1440 1581 1487 et
1612 1449 1667 1489 ea
1696 1436 1833 1487 etiam
1864 1453 1917 1499 qu

548 1515 663 1561 turae
690 1510 912 1560 rationem
947 1509 1178 1574 pertinent
1208 1510 1255 1560 in
1290 1513 1530 1572 concret03
1553 1507 1746 1558 dicimus
1773 1509 1896 1562 enim

549 1582 686 1634 homo
708 1580 1022 1641 ratiocinatur,
1043 1583 1097 1633 'et
1128 1585 1199 1633 est
1224 1580 1431 1645 risibiIiS,
1462 1584 1509 1632 et
1538 1584 1607 1631 est
1638 1580 1808 1631 animal
1838 1582 1917 1632 rati

550 1654 638 1701 hac
658 1651 831 1702 ratione
861 1652 932 1702 bic
964 1653 1101 1703 bomo
1130 1651 1292 1704 dicitur
1314 1665 1417 1705 esse
1440 1653 1765 1716 suppositum
1781 1672 1795 1715 ‚-
1829 1654 1917 1717 qui

554 1722 826 1788 supponitur
845 1722 919 1773 his
938 1738 1038 1787 quae
1061 1724 1118 1776 ad
1146 1724 1382 1776 hominem
1405 1725 1665 1789 pertinent,
1686 1736 1846 1775 eorum
1875 1740 1917 1789 pi

554 1808 658 1847 nem
700 1794 942 1858 recipiens.
986 1794 1033 1845 Si
1068 1795 1262 1858 ergo.sit
1287 1795 1374 1845 alia
1400 1795 1661 1859 hypostasis
1694 1794 1742 1843 in
1776 1797 1917 1847 Christ

555 1866 834 1933 hypostasim
852 1865 1009 1927 Verbi,
1028 1866 1231 1929 sequitur
1256 1868 1375 1931 qnod
1404 1868 1462 1919 de
1480 1866 1631 1931 atiquo
1656 1866 1743 1917 alio
1773 1868 1910 1932 quam

556 1938 846 1992 verificantur
863 1951 919 1989 ea
946 1951 1046 2000 quae
1072 1942 1180 1988 sunt
1195 1938 1414 2003 hominiS,
1436 1942 1546 2003 puta
1562 1951 1665 1990 esse
1686 1940 1848 1999 natum
1876 1942 1917 1991 d<

554 2024 742 2077 passum
763 2045 778 2070 ,
806 2010 1068 2062 crucifixum
1088 2048 1101 2066 ‚
1132 2013 1176 2061 et
1212 2012 1459 2075 sepultum.
1488 2013 1548 2061 Et
1590 2012 1677 2061 hoc
1718 2011 1860 2064 etiam
1901 2014 1917 2061 c

555 2086 627 2135 est
658 2082 934 2149 approbante
970 2082 1172 2133 Concilio
1215 2082 1443 2147 Ephesino
1476 2083 1559 2137 sub
1586 2082 1660 2133 his
1699 2084 1856 2134 verbis
1887 2088 1917 2133 C

559 2169 587 2204 α
614 2154 664 2214 Si
691 2153 797 2218 quis
833 2153 1041 2220 personis
1072 2153 1245 2205 duabus
1272 2154 1346 2205 vel
1381 2153 1681 2207 subsistentiis
1719 2167 1799 2205 aas
1835 2170 1917 2219 qua

556 2224 844 2292 Evangelicis
875 2230 924 2280 et
949 2226 1223 2291 apostolicis
1256 2225 1526 2290 ScripturiS,
1556 2225 1748 2289 partitur
1785 2240 1917 2281 voces

557 2295 736 2349 Christo
759 2296 785 2349 a
812 2297 983 2351 sanctis
1004 2297 1174 2358 dictu,
1196 2300 1276 2348 aut
1294 2298 1351 2347 ab
1373 2296 1473 2360 ipso
1496 2297 1552 2348 de
1570 2310 1647 2359 se,
1668 2302 1715 2349 et
1737 2300 1917 2361 quasdm

555 2368 682 2420 velut
716 2369 893 2421 homini
935 2375 1099 2436 praeter
1134 2368 1245 2419 illud
1273 2382 1329 2419 ex
1370 2370 1470 2420 Deo
1506 2368 1700 2419 Verbum
1742 2371 1917 2433 special<

554 2438 676 2491 lecto
712 2440 930 2506 applicat,
957 2441 1180 2506 quasdam
1207 2434 1315 2492 vero
1344 2440 1471 2491 velut
1490 2441 1582 2493 Deo
1611 2439 1854 2506 decibileS,
1875 2450 1917 2493 s(

557 2510 689 2562 Patre
721 2512 870 2564 Verbo
889 2550 902 2576 ,
943 2512 1185 2567 anathema
1232 2511 1310 2567 sit,
1342 2528 1368 2559 ι)
1400 2512 1473 2563 Sic
1509 2524 1616 2577 ergo
1642 2515 1770 2577 patet
1812 2527 1917 2567 esse

557 2580 664 2632 olim
691 2582 748 2634 ab
778 2582 981 2635 Ecclesia
1016 2584 1269 2634 damnatam
1289 2622 1301 2643 ‚
1334 2584 1485 2635 dicere
1502 2582 1623 2646 qued
1653 2584 1699 2639 in
1726 2586 1913 2640 Christo

535 2652 854 2720 hypostases,
883 2656 959 2709 vel
987 2656 1076 2707 duo
1104 2656 1368 2719 supposita,
1402 2655 1499 2707 sive
1536 2654 1660 2719 quod
1686 2656 1795 2709 unio
1837 2673 1917 2712 nor

558 2723 608 2773 in
645 2726 882 2790 hypostasi
921 2726 997 2776 vel
1044 2725 1297 2791 supposito.
1338 2727 1464 2777 Unde
1497 2726 1543 2776 in
1583 2728 1741 2778 eadem
1777 2728 1917 2795 Syna

564 2795 687 2848 Can.
721 2797 776 2849 ΙΙΙ
800 2812 811 2845 :
841 2815 868 2847 «
893 2797 944 2847 Si
973 2797 1077 2863 quis
1106 2810 1199 2850 non
1225 2798 1462 2849 confitetur
1481 2798 1607 2849 carni
1626 2802 1878 2854 secundum
1907 2818 1917 2856 ε

559 2866 670 2917 tiam
685 2868 864 2919 unitum
887 2884 944 2921 ex
962 2870 1053 2919 Deo
1072 2870 1209 2918 Patre
1226 2868 1423 2919 Verbum
1442 2884 1674 2935 unumque
1695 2885 1797 2923 esse
1812 2875 1917 2925 Chri
