1917 3317
266 136 298 175 ora
311 135 447 176 sirenarum
462 135 567 177 cunum.
771 126 817 175 tlt

41 211 819 277 t.Prmlerca‚oquaocumquescriptasunt(praecipuldechristol‚

22 283 42 332 ,d
51 286 157 333 nostram
167 283 292 335 doctrinam
301 285 388 350 scripta
400 284 513 349 suntid),
523 300 538 331 n
550 288 576 333 ut
584 283 668 334 dicitur
677 286 760 345 Rom„
769 286 820 335 llll.

22 356 57 405 ‚eo
68 354 177 419 quaedam
187 356 314 407 scribuntur
323 356 347 407 in
357 356 488 420 Evangeliis
495 357 557 407 circa
568 356 714 420 sepulchrum
725 356 822 418 Christi,

22 440 64 489 ¹uae
82 427 108 477 in
125 427 190 478 nullo
203 425 310 477 videntur
321 428 350 479 ad
367 432 468 481 nostram
482 428 608 479 doctrinam
615 426 745 491 pertinere3
761 427 822 479 elom

22 496 76 559 uod
91 492 138 547 fuit
160 499 261 561 sepultus
281 500 305 549 in
318 501 400 562 horto,
416 499 476 564 quhd
490 499 515 550 in
534 502 680 551 monumento
695 498 783 560 alieno,
797 502 823 548 et

22 582 75 619 rouo
92 574 117 620 et
132 570 209 622 exciso
220 569 244 620 in
258 574 331 636 petra.
347 572 513 624 inconveniens
527 584 582 635 ergo
594 571 638 622 luit
651 572 732 623 modus
742 570 820 635 scpul-

22 654 71 691 urae
87 641 183 692 Christi.

45 713 92 764 Sed
103 721 184 765 contra
194 720 237 780 cst,
249 716 309 781 quod
320 716 400 768 diciim
413 717 486 775 lsai„
496 717 528 767 xl
538 731 545 766 :
555 732 570 764 o
579 717 609 767 lit
618 714 662 767 erit
673 716 820 780 sepulchrum

22 784 66 849 rjus
81 786 240 849 gloriosum.»

46 858 245 922 (Coronos10.-
255 860 410 910 convenienti
422 860 501 911 ordine
513 865 537 911 ct
547 861 613 911 modo
622 861 739 911 Christum
748 859 830 911 foisse.

22 931 134 993 epultum
148 930 266 994 Scriptura
280 930 373 995 exponit
386 930 536 994 evangelica.)

48 1000 188 1063 Respondeo
204 1002 336 1063 dicendum,
348 1002 407 1065 quod
420 1002 502 1052 modus
512 1003 634 1066 sepultura
648 1004 731 1055 Christi
743 1007 821 1055 osten·

22 1072 80 1121 litur
93 1085 146 1123 esse
158 1072 307 1136 conveniens,
319 1076 429 1137 quantum
439 1073 467 1123 ad
478 1072 521 1123 tria
531 1089 538 1123 :
548 1073 622 1138 primh
633 1076 732 1138 quidem,
748 1087 822 1139 quam

22 1157 66 1191 ‚um
86 1144 114 1193 ad
132 1144 308 1195 confirmandam
328 1144 394 1195 tidem
406 1145 485 1195 mortis
498 1149 522 1195 et
542 1146 713 1197 resurrectionis
729 1147 821 1211 ipsium

22 1214 129 1278 recondo,
145 1217 173 1267 ad
190 1216 394 1267 commendandam
408 1216 520 1281 pietatem
537 1228 614 1266 eorum
633 1216 673 1279 qui
687 1231 739 1268 cum
751 1232 822 1281 sepe-

22 1285 120 1350 ierunl3
133 1288 194 1339 unde
205 1287 345 1351 Augustinus
356 1288 409 1338 dicit
420 1287 444 1337 iu
458 1289 476 1339 l.
489 1289 525 1337 De
539 1288 619 1339 Ciuit.
630 1288 677 1337 Dei
690 1289 752 1352 (cap.
761 1288 822 1349 tal:

22 1375 33 1407 u
46 1358 203 1409 Laudabiliter
215 1364 417 1411 commemorantur
434 1360 459 1409 in
471 1359 602 1423 Evangelio.
618 1359 658 1421 qui
674 1372 759 1421 corpus
774 1359 825 1422 ejus

22 1430 48 1480 ie
58 1443 126 1481 cruce
140 1435 267 1496 acceptum,
280 1432 400 1495 diligenter
411 1434 479 1497 atque
489 1430 612 1482 honorilice
623 1432 743 1493 tegendum
757 1443 823 1493 oepe-

22 1500 167 1567 liendumque
188 1506 303 1553 curarunt.
323 1502 442 1565 stertit,
460 1506 570 1566 quantum
584 1503 612 1552 ad
630 1500 763 1565 mysterium
782 1513 825 1563 per

22 1573 82 1636 quod
96 1572 247 1624 informantur
259 1573 292 1623 illi
308 1573 347 1637 qui
361 1575 451 1625 Christo
464 1573 649 1637 consepeliuntur
663 1573 687 1622 in
699 1574 806 1621 mortem.

54 1646 87 1695 hd
102 1646 198 1710 primum
213 1659 266 1709 ergo
279 1645 409 1707 dicendum,
418 1645 477 1708 quod
491 1645 549 1695 circa
561 1648 654 1694 mortem
667 1642 754 1692 Christi
763 1656 823 1693 rom·

22 1718 144 1767 mandatur
154 1716 262 1781 patientia
270 1720 293 1768 et
302 1716 428 1767 constantia
437 1718 520 1781 ipsios,
529 1715 571 1779 oui
582 1720 677 1766 mortem
687 1719 723 1764 est
734 1727 822 1778 nassum

22 1792 48 1839 et
62 1788 125 1840 tautd
140 1790 212 1853 magio
226 1788 310 1851 quanto
329 1802 389 1839 mors
405 1789 450 1838 luit
470 1788 586 1852 abjectior.
606 1786 650 1837 Sed
669 1787 693 1837 in
709 1787 825 1849 sepultura

22 1861 148 1911 honorifica
162 1860 318 1914 consideratur
337 1860 410 1911 virtus
424 1860 558 1921 morientis,
571 1860 611 1923 qui
625 1862 703 1909 contra
716 1859 825 1910 intentio·

24 1944 79 1982 nem
92 1932 249 1995 occidentium,
265 1934 332 1983 etiarn
348 1937 452 1983 mortuus
464 1930 587 1983 honorilice
597 1931 705 1996 sepehtur
714 1968 721 1993 ,
731 1934 756 1980 et
769 1945 825 1994 prae·

25 2003 134 2066 figuratur
150 2005 240 2056 deuotio
253 2004 354 2055 fidelium
367 2004 406 2068 qui
424 2008 491 2054 erant
507 2003 597 2053 Christo
611 2007 700 2053 mortuo
712 2002 825 2053 servituri.

60 2077 93 2125 hd
105 2077 227 2127 secundum
237 2076 370 2136 dicendum,
381 2074 442 2139 quod
450 2075 473 2125 in
483 2077 528 2126 hoo
536 2075 596 2139 quod
607 2074 752 2137 Evangelista
762 2072 824 2134 dicit,

26 2145 88 2213 qudd
104 2148 262 2213 «sepelierunt
276 2162 328 2197 eum
342 2147 401 2197 siout
415 2160 464 2197 mos
478 2152 514 2197 est
530 2146 613 2197 lndaeis
624 2145 730 2210 sepelire,
742 2162 756 2194 u
769 2144 827 2195 sicut

28 2219 168 2281 Augustinus
183 2220 237 2270 dicit
259 2234 335 2284 super
348 2220 420 2269 loon.
442 2220 533 2283 (Tract.
553 2218 669 2282 cxxix),
687 2215 829 2266 «admonuit

28 2291 56 2341 in
65 2289 194 2351 hm'osmodi
201 2290 282 2341 ciliciis
291 2305 342 2354 quac
353 2289 448 2341 mortuis
458 2291 604 2353 exhihentur,
613 2302 698 2341 morem
706 2287 827 2351 cujuslibet

29 2362 105 2427 gentis
119 2376 167 2413 esse
187 2364 339 2426 servandum3
353 2368 402 2414 erat
416 2367 492 2415 autem
506 2362 571 2413 istius
586 2362 662 2427 gentis
672 2360 826 2421 consuetudo,

28 2439 57 2483 ut
71 2438 206 2485 mortuorum
223 2449 317 2499 corpora
331 2435 400 2485 uariis
415 2435 552 2486 aromatibus
567 2434 721 2497 condirentur,
735 2437 762 2481 ut
774 2431 827 2481 diu·

30 2506 78 2556 ttius
91 2512 231 2557 servarentur
240 2507 318 2557 illoesa.
330 2524 343 2555 n
353 2508 416 2559 Unde
426 2511 448 2557 et
459 2506 484 2558 in
497 2508 536 2556 lll.
547 2508 584 2555 De
595 2506 713 2555 doctrino
725 2503 828 2553 Christi

33 2579 96 2643 (cap.
106 2578 154 2643 lt).
171 2579 251 2631 dicitur
265 2578 326 2643 qudd
339 2580 387 2631 «in
399 2578 504 2630 omnihus
517 2578 600 2628 talibus
613 2589 660 2627 uon
674 2588 729 2625 usus
740 2586 826 2635 rerum,

66 2742 98 2803 (1)
113 2743 162 2789 Alio
176 2750 255 2790 temen
268 2756 338 2791 seusu
356 2748 380 2789 et
395 2744 501 2791 instituto
521 2742 590 2799 quam
604 2737 657 2797 hle,
671 2741 701 2783 att
713 2749 759 2794 W
777 2748 828 2795 W·

33 2807 142 2853 tieotioro
154 2810 175 2852 al
188 2808 374 2853 consolationem
393 2807 586 2865 Scriptororom
601 2813 667 2860 spem
680 2800 826 2854 tetemet

33 2870 78 2916 atsi
92 2870 119 2915 ad
132 2869 191 2916 huuc
204 2870 274 2917 otiam
287 2882 381 2919 sensum
394 2870 524 2930 generalius
536 2866 629 2915 extendi
643 2867 730 2923 potest.
