1917 3317
144 190 193 236 181
338 197 398 237 rins
414 199 455 248 ni,
470 200 563 245 onnsr.
579 200 657 247 mr,
672 202 728 238 aar.
745 204 763 239 r.

142 274 285 327 conveniens
297 278 323 323 ut
335 275 441 325 Christos
455 276 480 325 in
494 290 535 325 sna
555 276 708 340 conceptione
723 278 837 341 acciperet
852 275 906 339 grati·

142 348 282 397 habitualem
296 351 385 396 tentum
404 348 489 409 absque
510 352 575 409 aetu3
598 349 690 411 accepit
709 349 771 398 enim
792 350 879 411 gratiam
896 362 923 393 r=÷

142 420 171 469 ad
185 431 323 476 mensorem,
336 420 361 465 ut
372 418 441 481 sopri
456 418 605 482 (ithacium
616 424 660 468 est.
674 419 755 469 Gratia
768 424 843 470 antem
858 418 898 466 riri

143 504 195 540 cum
212 489 243 538 sit
259 489 367 539 deficiens
380 487 394 537 h
408 490 480 552 gratia
500 490 718 553 comprehensoris,
734 490 804 541 hahet
824 504 899 540 menso·-

142 561 254 609 minorem
277 565 381 623 respecto
404 561 483 621 gratie
500 562 710 624 comprehensoris.
726 563 792 612 Unde
810 564 899 611 munite,

142 637 192 693 est,
205 631 266 694 quiid
277 631 383 681 Christus
393 632 417 680 in
428 632 500 695 primo
516 631 611 681 instanti
620 646 669 683 snae
685 633 858 697 conceptionis,
868 648 900 679 rin:

143 716 192 753 non
213 703 286 752 sotum
306 705 392 751 tantem
407 704 502 766 gratiam
514 706 624 767 quantam
635 707 844 767 comprehensores
856 704 895 752 hrt

143 776 182 824 sed
197 775 266 823 etiam
278 773 384 823 omnihus
400 773 629 837 comprehensoribus
643 777 767 840 majorem.
777 778 807 827 Et
817 777 868 841 quie

141 845 180 894 itta
192 860 238 895 non
252 845 294 894 init
308 846 359 895 sine
371 850 436 907 actu,
450 858 597 909 consequens
610 850 647 897 est
661 846 727 911 quod
741 852 795 899 actu
809 848 873 899 inerit
885 867 902 895 ιΙΙ

141 919 280 981 prehensor‚
292 916 392 967 ridendo
406 919 476 967 [teum
489 930 529 979 per
542 918 667 969 essentiam
686 919 773 971 etarihs
784 922 871 972 caeteris
882 934 897 966 r

142 988 210 1038 turis.

174 1060 208 1107 sd
222 1058 319 1121 primum
333 1072 387 1121 ergo
399 1058 520 1109 dicendum
531 1097 537 1119 ‚
548 1059 609 1122 qnod
625 1060 700 1123 (sicut
718 1062 790 1127 snprh
801 1063 881 1112 dictum
893 1074 909 1107 r-

142 1129 247 1179 christus
267 1142 313 1179 noo
327 1129 411 1178 meruit
424 1130 518 1192 giarium
534 1130 633 1197 anime,
650 1134 783 1183 secondhm
796 1146 862 1197 qnam
873 1133 898 1180 iti¹

143 1202 333 1263 comprehensor,
352 1202 391 1251 aed
408 1201 503 1265 gtoriam
517 1202 617 1266 corporis
632 1204 661 1253 ad
677 1218 751 1267 qoam
768 1220 813 1271 per
826 1220 900 1267 snam:

143 1270 232 1320 sionem
246 1272 361 1335 pervenit.

175 1343 240 1391 Unde
254 1348 317 1406 putet
330 1344 449 1407 responsio
463 1344 490 1393 ad
508 1345 643 1395 secundum.

175 1414 208 1462 hd
222 1414 313 1463 tertium
327 1414 456 1475 dicendum,
469 1415 528 1478 quod
541 1416 656 1479 Christus,
668 1430 698 1467 en
707 1418 756 1467 hoc
768 1420 830 1483 qnod
843 1419 881 1467 init
892 1417 902 1462 t*

142 1488 166 1535 et
178 1486 256 1546 homo,
265 1486 333 1535 etiam
348 1486 373 1540 in
384 1500 424 1535 sua
437 1487 581 1537 humanitate
600 1487 681 1537 hahuit
702 1490 794 1553 aliquid
807 1504 852 1555 pre
868 1501 901 1538 cn:

142 1557 267 1620 creatoris,
281 1561 308 1606 nt
319 1557 408 1607 scilicet
422 1559 499 1608 statim
512 1558 525 1609 1
537 1558 655 1623 principio
669 1564 737 1611 esset
756 1562 847 1613 heatus.

389 1901 556 1969 homerio
575 1904 707 1970 XXXV.

219 2044 254 2089 De
266 2046 395 2091 nativitate
413 2046 508 2092 Christi·
516 2080 525 2097 ,
539 2049 569 2093 e'n
581 2052 634 2093 octo
648 2052 776 2097 articulos
791 2054 880 2100 diuiso.

175 2198 345 2261 Consequenter
362 2204 415 2264 post
434 2200 519 2251 Christi
536 2203 714 2265 conceptionem
737 2210 855 2270 agendum
874 2220 902 2255 est

144 2270 196 2332 ejus
215 2271 335 2319 nativitate
352 2286 358 2318 t
373 2277 397 2321 et
418 2272 509 2335 primo,
524 2272 632 2335 quianthm
653 2276 681 2324 ad
702 2276 779 2340 ipsam
801 2280 905 2329 hatinies

144 2341 253 2399 secondo,
271 2346 380 2404 qnantum
397 2345 424 2392 ait
438 2344 564 2393 natiuitatis
577 2345 803 2399 manifestationem.

176 2411 239 2461 Circa
253 2413 351 2474 primum
366 2420 496 2475 pumuntur
513 2420 564 2465 orto
580 2431 586 2463 ι
603 2418 630 2461 1⁰
647 2416 728 2466 Utinm
743 2422 857 2472 nativitas
869 2422 892 2469 si:

143 2486 199 2532 tone
214 2483 250 2531 ret
264 2498 375 2545 persone.
387 2490 415 2533 20
429 2486 507 2535 Utrum
521 2488 612 2537 Christo
625 2488 655 2537 sit
671 2482 821 2542 attribuenda
836 2495 895 2542 atini

142 2554 204 2603 ritas
218 2561 301 2617 preter
311 2560 426 2605 aternani.
442 2561 468 2604 3⁰
478 2556 557 2605 Uirium
568 2559 693 2608 secundnm
704 2562 855 2613 nativitatem
866 2570 898 2610 ter

142 2625 212 2675 ratem
228 2626 293 2674 heata
306 2625 375 2688 Virgo
389 2627 420 2674 sit
435 2631 506 2676 mater
517 2629 578 2691 ejus.
592 2633 619 2678 11⁰
629 2630 712 2681 Utrum
728 2632 814 2683 deheat
828 2635 872 2684 diei
884 2636 899 2680 tr

177 2773 211 2836 (1)
225 2777 338 2821 Nimirum
351 2790 392 2833 qu.
411 2777 436 2831 7,
451 2785 496 2825 art.
514 2780 564 2825 9et
581 2780 620 2835 to,
635 2785 815 2842 nominetenus,
827 2788 880 2832 erim
902 2800 907 2810 ·

141 2837 211 2882 hatur
221 2839 245 2881 in
257 2839 347 2883 christo
359 2840 478 2895 plenitudo
489 2842 568 2899 gratim
580 2846 613 2889 sic
627 2846 702 2893 inisse
720 2854 746 2893 nt
759 2850 784 2893 ei
797 2862 846 2906 pree
865 2858 904 2893 ca·

144 2900 323 2953 proprieesset5
338 2901 379 2945 sad
390 2907 435 2946 art.
447 2902 487 2961 11,
500 2910 548 2951 tum
561 2907 586 2951 in
597 2920 675 2968 corp,
690 2914 738 2955 tom
749 2912 781 2957 ed
793 2911 817 2971 1,
832 2926 872 2969 exp
882 2927 915 2955 ri-
