1917 3317
140 195 186 245 sss
308 200 369 243 ems
383 202 427 253 m,
443 198 538 247 susm.
554 196 641 251 mu,
657 197 710 239 mr.
727 198 761 238 rr.

138 296 207 347 snper
215 282 332 333 christum
346 279 463 331 debuisset
474 278 614 331 dssmudore
626 280 651 328 in
670 276 743 342 specie
758 266 864 332 eduum,
878 266 909 319 sti

139 353 164 405 in
180 355 258 418 specie
269 352 341 417 ignis.

169 427 215 476 Sed
235 431 314 476 contre
333 430 383 484 est,
398 424 458 487 qnod
479 423 561 473 dicitur
581 424 651 480 bec,
667 424 698 473 lll
717 421 771 487 (1);
789 414 910 469 ollesceoll

140 498 236 562 Spiritus
251 502 343 548 sanctus
357 497 468 559 corporali
485 496 574 559 speeie,
585 496 645 545 sicut
654 494 770 553 columbe,
784 490 908 556 inipsunn.1¹

172 572 328 635 (Concessio.
342 594 374 607 -
386 570 416 618 Ut
433 580 514 618 omnes
527 567 641 631 baptismo
656 565 740 617 Christi
752 564 906 629 baptizandus

140 643 238 706 simplici
253 642 321 692 corde
336 645 359 692 et
369 654 414 691 non
433 639 486 689 lictd
505 640 630 701 accedant,
641 637 739 703 Spiritus
756 636 828 687 suncti
841 633 904 696 grem

140 720 270 777 recepturos
284 726 334 763 csse
347 712 523 776 signifimretm,
534 711 677 763 conueniens
689 710 732 759 luit
745 713 770 757 nt
782 721 846 771 super
857 708 905 754 mrs-

139 790 190 835 tum
212 785 351 848 baptizatum
373 783 470 847 Spiritus
493 785 588 832 sanctus
609 782 634 831 in
656 778 905 845 sponsionumque

142 858 236 921 simplex
253 856 337 906 emmel
351 859 399 915 est,
418 854 566 919 appareret)

174 931 311 994 Respondes
324 928 452 989 dicendum,
462 925 524 990 dudd
532 928 577 977 boc
586 926 648 989 quod
658 926 719 975 circe
731 924 841 975 cbristus
852 922 910 969 laum

143 1002 210 1053 estin
222 1002 273 1065 ejus
285 999 398 1063 baptismo
408 999 478 1062 (dont
494 998 671 1063 chrysostomus
682 996 737 1047 dicit
746 1009 819 1059 super
826 990 897 1043 llolll.

142 1075 241 1139 pertinet
254 1074 282 1123 ed
295 1071 428 1135 mysterium
440 1070 552 1132 omnium,
562 1069 603 1132 qui
611 1067 759 1133 postmodnm
771 1068 854 1117 luerent
863 1064 900 1122 bed

143 1146 217 1196 rendi.
226 1146 309 1195 Omnes
318 1147 394 1193 eutem
401 1142 442 1205 qni
451 1142 565 1205 baptismo
575 1141 661 1192 Christi
672 1140 824 1205 baptizentur,
833 1135 903 1199 Spimn

143 1223 246 1267 sunctum
260 1214 436 1279 recipiunt3nisi
447 1214 498 1265 note
512 1212 767 1275 emedsnt,seounddm
776 1212 828 1261 illud
837 1208 904 1259 dlnllt.

143 1290 173 1339 lll
194 1304 200 1337 z
216 1290 295 1353 «lpse
311 1300 353 1337 ros
365 1287 489 1351 baptizabit
502 1286 526 1335 ln
544 1286 632 1351 Spiritu
647 1290 737 1337 sancto.
753 1301 768 1331 n
785 1284 812 1333 llt
821 1281 865 1331 idm
876 1290 911 1324 nso·

143 1360 240 1411 veniens
256 1359 302 1409 luit
321 1362 348 1407 ut
363 1370 432 1422 super
448 1356 566 1407 Christum
583 1356 726 1421 bsptisstum
739 1356 836 1420 Spiritus
851 1359 904 1401 smil

144 1432 300 1483 descenderet.

176 1506 208 1555 lld
224 1506 323 1569 primum
339 1516 393 1565 ergo
408 1502 542 1564 dicendum,
562 1498 622 1563 qnod
647 1498 710 1549 sicut
731 1496 863 1563 Augustinus
880 1492 895 1538 l:

144 1578 194 1627 llll.
213 1578 249 1626 De
269 1577 348 1637 Trim,
364 1591 378 1622 «
389 1572 576 1624 absurdissimum
589 1575 623 1623 est
632 1572 710 1621 dicere
726 1570 777 1634 (ᾖ),
791 1568 844 1633 qubd
856 1565 914 1613 Cli·-

144 1653 196 1707 tus,
216 1647 267 1697 cbrn
288 1648 338 1711 jem
359 1645 452 1707 triginta
472 1647 535 1693 esset
559 1654 687 1704 annorum,
704 1643 820 1706 acceperit
836 1636 897 1701 Spiull

145 1722 260 1778 sunctum
275 1720 315 1768 sed
331 1718 395 1767 venit
405 1717 433 1766 ad
446 1716 591 1779 baptismum,
610 1714 671 1763 siout
681 1713 735 1763 sine
750 1710 906 1777 peccatelam

145 1791 195 1839 sine
208 1790 305 1853 Spiritus
322 1792 408 1839 sancto.
428 1788 453 1837 Si
472 1786 535 1837 enim
551 1786 579 1836 de
592 1786 679 1835 loeune
695 1786 809 1849 scriptum
820 1788 862 1842 ed,
875 1793 898 1839 qn

145 1861 231 1924 Spiritu
245 1865 325 1911 sancto
336 1860 459 1924 replebitur
469 1860 498 1909 ab
508 1862 572 1908 utero
585 1858 666 1907 metris
675 1870 738 1920 sum,
753 1858 809 1919 quid
819 1856 844 1905 de
853 1855 895 1901 boin

146 1933 238 1983 cbristo
257 1932 377 1983 dicendum
392 1934 444 1992 est,
459 1930 525 1993 cujus
539 1928 615 1979 camis
629 1927 682 1992 ipss
696 1927 818 1993 conceptio
833 1938 872 1974 sou
892 1934 898 1965 .·

146 2004 205 2055 nelis
213 2042 221 2068 ,
237 2006 278 2055 sod
296 2003 419 2068 spiritualis
432 2002 493 2052 luit?
513 2002 576 2051 Tune
588 2012 641 2063 ergo
656 1998 766 2064 (idest,
781 2002 805 2049 ie
816 1995 900 2061 nuptis..

146 2090 229 2142 eorpus
241 2090 317 2139 sunm,
333 2076 419 2137 idest,
435 2074 561 2124 Ecclesium
579 2072 727 2135 prmligumre
742 2072 845 2135 dignutus
858 2074 898 2116 est.

147 2162 192 2213 que
206 2148 315 2211 bsptizuti
329 2146 445 2211 precipue
457 2146 572 2209 accipiunt
584 2143 693 2207 Spiritum
707 2148 823 2193 sunctum
839 2156 853 2187 s

179 2223 212 2271 nd
226 2221 350 2271 seeundum
366 2219 499 2280 dicendum,
514 2216 574 2282 qued
587 2216 648 2265 sieut
661 2216 806 2279 Augustinus
816 2212 866 2264 dicit
879 2209 896 2256 i:

148 2294 185 2341 De
205 2294 307 2348 Trinit„
321 2291 421 2356 Spiritus
434 2294 528 2340 sanctus
539 2286 684 2337 descendisse
700 2287 785 2336 dicitur
798 2283 890 2349 snpert'l

147 2368 197 2414 tum
212 2364 325 2429 corporali
338 2363 425 2427 speeie,
435 2362 495 2411 sicut
507 2359 609 2411 columba
616 2395 625 2421 ‚
635 2370 682 2408 non
695 2358 752 2422 quie
761 2358 814 2421 ipss
825 2355 905 2405 solem

147 2436 245 2501 Spiritus
259 2435 332 2485 sensti
345 2435 469 2496 uideretur,
484 2446 535 2497 qne
552 2434 586 2482 est
602 2427 742 2493 invisibills,
758 2441 833 2492 neque
846 2427 875 2475 ils

180 2554 211 2616 (1)
226 2558 257 2600 Ut
270 2566 330 2599 vers.
348 2555 379 2598 Ἠ
389 2554 466 2599 videre
477 2558 527 2605 eutr
544 2550 606 2607 quod
617 2548 716 2597 Mettis„
725 2550 773 2607 111,
790 2559 848 2592 vers.
861 2543 897 2586 ld.
910 2562 915 2570 ·

147 2618 297 2674 exprimitur:
317 2616 384 2661 Vidit
394 2616 519 2674 Spiritum
531 2614 576 2657 Dei
589 2611 770 2657 descendentem
783 2612 846 2656 sicut
859 2610 899 2650 coli

146 2679 199 2723 dum
213 2683 235 2723 et
244 2680 378 2723 uenientem
392 2689 467 2736 super
475 2690 513 2729 ιω
523 2676 610 2723 Mure„
621 2676 633 2718 Ι
643 2706 649 2732 ,
658 2686 721 2719 vers.
736 2672 784 2724 1⁰:
805 2670 868 2717 Vidit
880 2682 889 2709 c

146 2745 258 2796 apertos,
269 2745 291 2785 st
302 2740 427 2797 Spiritum
449 2744 565 2798 umquem
582 2736 718 2782 vetustum
737 2735 908 2781 demamus»

146 2809 281 2846 manentem
293 2804 323 2846 s'ss
338 2804 400 2859 ipso.
745 2806 748 2813 ·

180 2868 213 2929 (1)
226 2873 277 2916 sies
299 2871 504 2917 absurdissimum
524 2876 558 2919 est
575 2874 604 2917 ut
620 2870 765 2919 credemus,
778 2880 810 2913 ex
828 2870 910 2920 Ausus:

145 2932 222 2990 urm,
233 2945 287 2989 oep.
298 2933 329 2976 sd
341 2934 403 2978 circs
411 2936 528 2995 medium,
538 2935 579 2981 ubi
593 2938 617 2979 et
630 2934 755 2993 sequeutia
766 2930 840 2989 psulb
850 2931 913 2986 pleon
