1917 3317
187 183 220 226 litt
235 181 389 226 mamm!
404 183 489 226 Bm!
504 183 597 228 nm.
745 183 791 229 6⁰8

56 259 67 306 ι
79 257 165 324 injuria,
180 273 232 312 aum
251 261 343 312 raritati
362 262 419 314 nihii
436 262 559 327 periret3a
577 265 632 329 quia
651 279 681 318 ex
703 267 792 318 semiue

57 331 84 392 ui,
97 335 116 382 ει
129 333 214 396 ioseph
229 337 279 383 arai
296 337 319 384 et
332 334 409 384 Maria.

57 403 66 449 ι
80 404 159 454 restium
170 405 370 468 dicentiumquud
384 405 444 456 sicut
457 407 537 457 Giuaaa
553 406 611 458 dieii
622 407 689 472 ibim,
702 410 793 461 mulie

74 489 105 535 [rm
118 475 211 526 ioemiua
229 476 320 539 posuit,
335 489 398 541 mure
418 476 542 528 lorutiuuiu
561 479 704 530 Hebraeorum
715 497 723 544 ;
736 495 793 534 uaua

56 565 63 592 a
76 547 164 598 Hebraeae
182 547 307 598 locutionis
325 547 446 600 mulieres
460 548 514 599 dicit
528 563 573 601 uou
592 550 723 614 uirginitate
742 566 793 604 uur-

59 631 85 678 as,
98 617 132 668 sed
147 619 265 670 foemiuae.

55 691 64 726 ι
77 694 171 750 quartum
186 690 323 754 dicendum,
334 690 395 754 queri
413 692 471 742 ratio
489 692 527 742 illa
544 693 614 743 habat
628 693 704 744 lacum
715 694 740 745 iu
756 696 793 748 luia

65 762 211 821 maceduutiu
224 764 514 828 circummunitam
528 764 625 829 eaquid
637 769 719 817 uatum
731 765 793 819 aieut

64 833 184 883 rtrrmiuata
196 834 226 883 ad
240 847 311 884 uuum
326 833 447 896 effaetum,
461 835 494 886 ita
508 833 577 886 etiam
595 839 630 886 eat
641 837 793 889 determinata

57 919 103 953 uum
113 907 208 956 mudum
227 905 368 970 producendi
379 906 450 956 illum.
467 908 515 958 Sed
527 907 601 958 virtus
613 911 792 973 supernaturalia

58 989 85 1036 u,
99 990 147 1026 rum
163 976 197 1027 sit
215 977 317 1033 infinita.
335 976 393 1028 sicut
405 991 452 1028 uou
462 983 498 1028 eat
510 979 661 1030 determinata
674 983 702 1032 ai
720 995 792 1033 uuum

64 1063 103 1111 uu,
113 1050 145 1100 iia
155 1062 206 1100 nau
220 1053 257 1100 eat
269 1049 417 1100 determinata
428 1051 456 1100 ad
467 1051 558 1101 madum
569 1052 791 1118 pmiueauiiquem-

64 1134 84 1168 ue
94 1121 210 1171 effaetum.
226 1121 256 1170 Et
273 1119 339 1181 ideo,
355 1119 416 1171 sieut
427 1120 512 1172 virtute
526 1123 605 1172 diviua
617 1123 665 1174 fieri
679 1125 754 1188 putuit
765 1130 792 1175 ut

54 1203 79 1238 us
92 1192 157 1242 humo
171 1191 202 1242 de
216 1190 272 1242 limo
286 1194 353 1241 terrm
370 1190 513 1255 formaretur,
526 1192 560 1242 ita
573 1193 642 1244 etiam
655 1194 705 1246 iieri
718 1195 792 1259 putuit

62 1263 99 1311 um
109 1263 195 1314 uirtute
206 1275 291 1326 corpus
309 1260 393 1312 Christi
405 1262 541 1314 formaretur
553 1265 582 1314 de
598 1263 692 1328 Virgine
707 1266 793 1330 absque

69 1347 154 1386 semma.

68 1406 163 1466 quintum
178 1405 314 1467 dicendum,
327 1404 388 1469 quid
398 1406 525 1456 secuudum
538 1406 705 1470 Philosophum
714 1408 738 1457 iu
749 1408 791 1460 lib.

53 1481 192 1528 eiuratione
203 1477 373 1537 animalium,
388 1491 466 1529 semen
479 1478 548 1528 maria
561 1491 608 1530 uou
621 1483 658 1529 eat
670 1478 732 1529 sieut
742 1493 791 1531 ma·

71 1548 89 1596 iu
103 1549 260 1616 conceptione
277 1547 383 1600 auimaiis
392 1586 401 1612 ‚
419 1549 459 1600 sed
480 1549 554 1600 auium
570 1548 630 1600 uieut
646 1561 731 1612 agrum
743 1551 792 1602 suta

52 1635 65 1664 u
81 1621 169 1670 temiua
196 1618 320 1670 materiam
333 1620 491 1671 subministrat
512 1620 793 1685 ianuamianuaim

52 1690 96 1740 raud
109 1705 191 1743 semen
211 1689 285 1740 maris
298 1691 370 1742 defuit
384 1691 407 1742 iu
419 1692 569 1756 conceptione
581 1691 682 1755 eorporis
695 1692 791 1756 curiati,

56 1764 143 1825 equitur
160 1762 229 1828 quau
242 1762 340 1812 uetuerit
353 1763 375 1814 ai
386 1763 462 1814 debita
470 1763 574 1814 materia.
585 1763 611 1812 Si
621 1765 701 1814 tamen
711 1776 790 1815 aeman

53 1841 118 1885 «isset
129 1835 236 1886 materia
250 1834 320 1884 ioetus
333 1835 440 1900 concepti
454 1835 479 1884 iu
492 1833 636 1897 animantem,
646 1835 792 1886 manifestum

58 1907 85 1952 ui
97 1921 142 1958 uou
155 1911 194 1958 est
205 1906 305 1956 materia
313 1919 451 1970 permaneus
465 1906 491 1956 iu
506 1905 586 1956 eadam
594 1907 678 1966 terma,
692 1907 732 1957 aad
743 1919 793 1956 ma·

68 1981 226 2028 transmutata.
252 1977 278 2026 Et
303 1977 405 2041 quarmia
428 1977 502 2028 uirtus
524 1975 634 2027 naturalia
654 1990 701 2027 uuu
718 1977 793 2041 posuit

59 2051 169 2100 mareau
185 2053 281 2100 certam
294 2049 390 2100 formam
403 2049 450 2100 uiai
468 2047 639 2099 determinatam
657 2049 789 2109 materiam,

53 2123 143 2172 atamen
166 2120 269 2182 diviua,
286 2133 337 2183 quar
365 2123 400 2172 est
421 2119 524 2182 infinita,
546 2122 622 2184 puteat
639 2122 790 2170 transmutare

52 2201 74 2236 m
88 2192 206 2244 materiam
222 2189 251 2240 iu
263 2203 430 2256 quamcumque
441 2191 548 2243 turmam.
565 2190 638 2253 Unde,
647 2189 706 2240 sicut
716 2193 791 2240 traua·

52 2261 168 2314 mimum
188 2260 546 2326 murmurmurmur
566 2261 591 2311 iu
609 2274 692 2324 mrum
705 2260 792 2312 curiati

52 2337 128 2385 uuture
136 2334 220 2400 potuit
232 2332 351 2384 materiam
363 2333 455 2384 amatre
469 2332 635 2395 miuiatratam,
645 2331 735 2385 etiamsi
745 2345 793 2384 uau

62 2405 168 2458 euticiana
177 2404 284 2458 materia
300 2405 329 2456 aul
341 2406 468 2457 naturalem
483 2407 631 2469 murratum,
