1917 3317
178 174 209 213 ott
221 173 363 213 manns
378 174 501 213 ΡΔΕΕΙΟΜΕ
517 174 622 213 (mml-
755 166 803 212 903

43 251 114 300 diam
125 249 250 315 prohibens
258 251 362 305 homines
372 250 400 301 ab
414 251 525 315 inpressu.
536 250 715 302 Prohibebintnr
726 255 802 302 aneon

41 322 107 372 nines
124 320 154 371 ab
169 318 274 384 ingressu
287 322 351 387 regni
366 322 465 373 eoelestis
479 326 574 387 proptor
590 326 721 387 peccatum
733 323 801 388 qnia,

41 398 56 442 rt
67 393 154 443 dicitnr
167 393 239 450 lsai„
254 394 344 458 XXXV,
361 393 425 443 «n'a
438 393 477 444 illa
487 398 565 443 saneta
576 393 703 457 nocebitur,
718 398 742 445 ot
755 406 803 445 non

41 464 108 515 rsibit
119 477 162 528 per
172 477 221 516 earn
234 465 343 528 pollutus.
356 482 370 513 n
386 466 426 515 Est
439 469 517 515 autern
532 464 617 529 duplex
631 469 748 529 pessimos
760 465 804 517 inr-

44 538 95 585 iens
114 536 143 587 ab
160 536 262 600 ingressu
273 536 336 599 regni
347 536 446 587 eoelestis
461 553 467 587 ι
479 537 553 586 Unum
569 536 670 601 quidem,
683 549 803 589 commune

40 622 66 656 ns
79 610 189 657 humane
206 610 308 669 nntnrae,
323 609 383 671 quod
394 610 429 658 est
442 613 560 671 peceatum
574 607 642 673 primi
650 608 766 673 parentis,
780 611 805 657 et

49 680 94 729 troo
106 681 227 743 peccatum
242 677 419 743 praecludebatur
427 678 516 729 homini
528 679 602 730 aditus
612 681 677 744 regni
690 678 801 742 ooelestis;

40 752 56 798 io
75 750 163 815 legitur
176 750 272 805 Gentes„
287 750 332 813 ΙΙΙ,
342 749 401 813 qnod
413 754 466 815 post
481 754 599 815 positum
612 750 802 817 primipotentis,

39 822 149 873 ottocarit
164 822 224 873 oens
237 821 368 884 Cherubim,
384 826 407 873 et
418 824 546 873 flammeum
558 823 656 888 gladium
671 828 737 888 atque
747 836 802 873 ner-

39 895 103 956 iern,
119 896 149 945 ad
164 893 338 945 custodiendum
350 893 409 944 viani
423 893 480 958 ligni
490 895 552 945 nite.
568 896 658 947 »ritino
677 901 753 946 entem
767 898 804 945 est

41 970 121 1015 natum
132 966 232 1031 speciale
245 965 425 1030 uniuscuiusque
434 980 551 1031 persono,
565 970 625 1031 qnod
636 981 678 1033 per
687 967 804 1033 proprium

39 1054 74 1088 nnn
103 1038 287 1103 uniuscnjusque
312 1038 411 1089 hominis
429 1039 585 1091 committitur.
608 1041 652 1091 Por
674 1041 804 1104 passionem

40 1125 73 1161 ern
89 1110 179 1161 Christi
190 1110 281 1160 liberati
298 1124 392 1175 snmus,
405 1124 452 1162 non
464 1110 537 1161 solirnn
554 1111 672 1175 ipeooato
689 1111 802 1163 communi

42 1198 67 1232 ns
83 1185 313 1245 numinensium,
333 1187 356 1232 et
372 1187 483 1246 qnantum
498 1184 527 1233 ad
543 1184 632 1247 eulpam
649 1188 672 1234 ot
689 1187 799 1247 qnantum

40 1258 129 1303 rentum
144 1266 228 1318 poeno,
238 1253 289 1318 ipso
298 1254 399 1305 solvente
410 1254 508 1318 pretinm
517 1268 558 1318 pro
567 1254 643 1317 nobis,
653 1254 694 1304 sed
704 1254 773 1304 etiam
785 1252 799 1303 i

37 1326 96 1375 ¹eatis
110 1324 213 1391 propriis
229 1324 385 1388 singulorum,
400 1326 440 1389 qni
450 1325 619 1377 communicant
631 1326 682 1390 ejus
699 1324 802 1389 passioni

48 1398 132 1459 tidem,
148 1396 283 1446 charitatem
296 1400 318 1446 et
332 1395 384 1446 fidei
398 1400 554 1460 sacramentn3
570 1402 593 1447 et
603 1397 654 1448 ideo
663 1410 704 1461 per
713 1397 801 1461 passio-

37 1484 49 1516 n
64 1468 153 1519 Christi
167 1472 245 1531 aperta
258 1471 293 1519 est
308 1469 372 1519 nohis
383 1468 455 1532 janua
468 1469 533 1531 regni
544 1470 651 1519 celestis.
665 1469 695 1517 nt
706 1469 750 1518 troo
767 1470 803 1517 est

37 1541 57 1589 id
74 1538 200 1604 Apostolus
217 1538 287 1600 dicit,
304 1538 388 1594 ireos..
410 1540 452 1600 Ν,
466 1540 527 1602 qnod
548 1556 562 1588 o
575 1540 679 1590 christus
693 1539 803 1589 assistens

36 1611 107 1661 ntiien
120 1610 250 1661 futurorum
260 1610 371 1661 honorum
379 1623 420 1676 per
429 1610 546 1675 proprium
556 1612 689 1675 sanguinein
699 1608 803 1660 introivit

36 1684 69 1732 nel
80 1684 105 1733 in
121 1686 216 1745 sancta,
227 1682 312 1733 aeternt
324 1684 479 1746 redemptione
494 1682 598 1733 inventi.
613 1702 626 1729 n
641 1683 671 1732 Et
682 1682 726 1731 hoo
738 1680 803 1744 fign-

36 1770 59 1802 nr
72 1759 195 1809 Numer„
213 1753 309 1815 XXXV,
325 1753 363 1803 nbi
378 1752 460 1803 dicitnr
472 1754 533 1817 quod
552 1753 690 1805 «homicida
703 1752 803 1803 manebit

46 1826 151 1889 (seilicet
164 1826 190 1875 in
204 1824 295 1876 civitate
315 1824 428 1889 refugii),
443 1825 516 1876 donee
528 1825 636 1877 sacerdos
653 1836 748 1889 magnus
763 1824 803 1887 qni

38 1910 50 1947 o
65 1902 146 1949 saneto
159 1901 244 1947 unctus
256 1902 308 1959 est,
323 1896 444 1962 moriatnr3
467 1910 512 1961 qno
525 1900 614 1948 mortuo
630 1896 715 1961 poterit
726 1896 751 1945 in
763 1895 804 1946 do·

36 1982 61 2018 nn
76 1982 144 2019 snam
155 1968 239 2020 redire.
251 1985 265 2017 n

36 2042 66 2090 id
80 2040 183 2105 primurn
200 2052 254 2105 ergo
273 2040 410 2102 dicendum,
429 2039 490 2105 qnod
510 2039 581 2091 saneti
595 2043 672 2104 patres
688 2039 804 2105 operando

36 2124 69 2161 ora
87 2112 187 2175 justitiae
203 2115 332 2163 meruerunt
348 2113 465 2164 introitum
479 2112 544 2177 regni
563 2112 662 2164 scelestis
677 2125 718 2177 per
734 2111 804 2162 tidem

36 2183 115 2234 ssionis
132 2183 234 2247 Christi,
249 2184 372 2235 secundino
391 2184 445 2234 illud
462 2185 547 2242 flebo„
568 2184 599 2234 Xl
616 2200 623 2235 :
640 2201 654 2232 o
671 2184 749 2235 saneti
762 2195 804 2246 per

37 2272 67 2305 ern
77 2258 184 2307 vicerunt
193 2270 262 2319 regna
270 2295 277 2318 ‚
286 2256 374 2321 operati
382 2260 436 2307 snnt
443 2256 570 2321 justitiam
580 2274 594 2304 o
604 2270 646 2321 per
656 2270 724 2321 qnnnn
735 2257 804 2307 stiam

39 2328 163 2393 nsqnisque
174 2327 290 2391 ipercato
304 2328 447 2391 purgabatur,
460 2332 569 2391 qnantum
578 2328 677 2393 pertinet
687 2329 714 2379 nd
726 2340 804 2377 ennen-

36 2400 118 2449 tionem
133 2398 232 2463 proprior
244 2412 358 2463 persono.
372 2399 422 2450 Non
436 2403 513 2449 tannen
528 2399 624 2465 alicujus
636 2400 692 2451 tides
704 2400 740 2449 vel
751 2399 803 2462 ins-

36 2470 53 2519 in
66 2470 197 2521 sufficiebat
214 2471 243 2520 nd
254 2471 413 2521 removendum
428 2470 616 2535 impedimentum
630 2472 690 2535 qnod
703 2475 751 2521 erat
764 2482 806 2535 per

36 2546 89 2592 itum
106 2542 180 2593 totins
197 2544 302 2593 hnmano
320 2546 445 2606 creature,
460 2544 520 2607 qnod
536 2543 627 2606 quidem
645 2546 755 2593 renrotnm
769 2546 806 2592 est

36 2614 77 2664 etio
88 2615 210 2678 sangoinis
219 2614 313 2665 Christi.
326 2615 355 2664 Et
365 2614 417 2665 ideo
429 2618 482 2665 anto
492 2615 622 2679 passionem
630 2614 714 2664 Christi
729 2614 804 2664 nnllns

36 2690 87 2736 trare
104 2689 196 2751 poterat
214 2698 308 2750 regnunt
325 2686 432 2748 eoeleste,
447 2686 592 2752 adipiscendo
605 2686 692 2736 seilicet
704 2685 804 2735 beatitu-

36 2770 80 2807 nem
97 2764 223 2819 eternam,
239 2770 289 2821 qun
304 2756 406 2807 consistit
417 2756 442 2807 in
453 2756 520 2822 piena
535 2757 576 2808 Dei
588 2756 704 2807 insitione.

39 2831 69 2879 rin
83 2830 212 2881 seeundum
223 2828 358 2890 dicendum,
368 2828 428 2893 quod
436 2830 497 2880 stin
505 2829 636 2880 sublevatus
645 2828 714 2879 estin
722 2827 804 2879 colum

37 2914 105 2967 reum,
121 2916 170 2955 non
180 2906 255 2954 nutem
270 2901 295 2953 in
308 2902 389 2953 solnm
402 2914 548 2968 enipprenm,
562 2901 603 2966 qni
616 2903 651 2951 est
661 2900 724 2952 loono
734 2899 803 2951 Sans-

833 2650 870 2691 ν.
