1917 3317
572 158 668 207 248
973 167 1093 206 rus
1125 167 1207 219 ιιι,
1241 168 1426 214 οωιετ.
1463 168 1528 220 11,
1561 168 1674 206 Aur.
1707 168 1775 207 w.

1162 352 1475 404 ARTICULUS
1505 353 1581 403 lv,

580 482 752 528 Utrum
788 492 989 538 persona
1022 480 1098 524 vel
1137 478 1401 536 hypostasis
1440 478 1624 523 Christi
1658 483 1764 535 post
1796 480 1917 524 incar

1194 543 1260 586 sit
1286 542 1560 599 composita.

671 670 697 719 d
722 671 929 734 quartum
958 667 1027 717 sic
1050 666 1307 731 proceditur
1328 667 1410 729 (1).
1433 667 1620 716 Videtur
1645 666 1766 731 quod
1797 680 1917 732 pers<

570 756 601 792 n
634 756 663 791 n
690 741 751 790 sit
789 739 1054 803 composita.
1092 740 1290 789 Persona
1321 738 1443 789 enim
1472 738 1642 789 Christi
1671 753 1763 789 non
1795 745 1866 791 est
1893 753 1917 789 a

570 826 765 877 persona
788 813 861 861 vel
890 810 1149 876 hypostasis
1176 809 1311 860 Verbi
1335 846 1347 871 ,
1370 814 1422 859 ut
1444 823 1500 860 ex
1524 810 1655 861 dictis
1678 816 1829 875 patet.
1849 812 1917 863 Se‹

572 898 665 935 non
693 888 765 935 est
789 884 906 932 aliud
932 896 1145 948 persona
1172 886 1220 931 et
1244 886 1463 941 natura,
1486 886 1537 931 ut
1563 886 1689 946 patet
1717 896 1774 933 ex
1804 884 1915 934 dieti

573 960 701 1021 parte
739 954 829 1019 (2).
861 953 974 1005 Ciim
1013 968 1119 1018 ergo
1146 957 1308 1004 natura
1331 954 1469 1003 Verbi
1506 954 1567 1003 sit
1602 954 1799 1018 simplex
1832 956 1917 1021 (ut

572 1032 804 1079 ostensum
831 1026 963 1089 est),
993 1026 1274 1091 impossibile
1300 1028 1371 1075 est
1404 1024 1525 1089 quod
1554 1038 1747 1090 persona
1766 1027 1917 1077 Christ

573 1100 740 1164 posita.

638 1175 686 1220 2.
717 1171 967 1232 Praeterea,
996 1167 1144 1218 omnis
1186 1168 1460 1233 compositio
1497 1169 1679 1220 videtur
1717 1184 1823 1223 esse
1861 1184 1917 1221 ex

573 1242 662 1293 Sed
699 1242 847 1292 divina
895 1244 1055 1290 natura
1091 1253 1182 1290 non
1222 1244 1373 1305 potest
1404 1241 1570 1291 habere
1609 1240 1837 1292 rationem
1874 1257 1917 1307 p:

572 1314 724 1364 omnis
767 1326 870 1377 pars
896 1313 1034 1363 habet
1074 1312 1292 1364 rationem
1325 1313 1596 1377 imperfecti.
1636 1314 1755 1377 Ergo
1788 1314 1917 1378 impo

573 1384 692 1451 quod
720 1398 914 1450 persona
952 1383 1119 1435 Christi
1150 1384 1210 1434 sit
1242 1385 1495 1449 compositu
1520 1397 1578 1434 ex
1616 1385 1791 1435 duabus
1824 1392 1917 1437 nati

637 1462 680 1507 3.
720 1458 967 1516 Praeterea,
1013 1456 1134 1519 quod
1174 1456 1458 1519 componitur
1502 1470 1557 1507 ex
1597 1455 1827 1519 aliquibus
1862 1458 1917 1507 vit

571 1530 901 1592 homogeneum
925 1527 995 1592 (3)
1022 1528 1105 1588 eis,
1137 1526 1252 1578 sicut
1277 1541 1335 1578 ex
1356 1527 1619 1591 corporibus
1647 1540 1740 1577 non
1764 1540 1917 1593 comps

574 1614 755 1664 corpus.
779 1600 824 1650 Si
855 1612 962 1663 ergo
992 1612 1047 1649 ex
1076 1600 1249 1650 duabus
1272 1600 1446 1650 naturis
1470 1600 1640 1663 aliquid
1669 1599 1729 1649 sit
1756 1599 1808 1649 in
1837 1603 1917 1652 Chi

574 1672 791 1736 positum,
822 1684 1110 1735 consequens
1130 1671 1217 1721 erit
1237 1670 1353 1736 quod
1375 1672 1487 1721 illud
1506 1684 1598 1722 non
1616 1672 1700 1721 erit
1727 1686 1916 1735 per-son

578 1747 697 1793 tura
724 1758 741 1791 .·
773 1748 821 1793 et
845 1743 913 1793 sic
947 1744 997 1792 in
1030 1744 1210 1794 Christo
1239 1744 1325 1793 erit
1365 1744 1483 1793 facta
1510 1744 1621 1795 unio
1656 1743 1705 1793 in
1731 1746 1917 1795 natura:

575 1818 730 1865 contra
753 1815 987 1879 praedicta.

636 1887 725 1936 Sed
741 1890 897 1937 contra
912 1891 999 1949 est,
1018 1887 1137 1951 quod
1160 1887 1461 1938 Damascenus
1480 1886 1587 1937 dicit
1604 1887 1654 1936 in
1672 1888 1752 1937 111.
1774 1887 1861 1939 lib.
1882 1897 1917 1941 F

573 1972 678 2023 cap.
720 1962 746 2008 4
785 1974 796 2009 :
832 1976 859 2006 «
887 1961 940 2008 In
972 1958 1153 2009 domino
1178 1960 1284 2009 Jesu
1311 1958 1494 2009 Christo
1521 1959 1633 2008 duas
1659 1962 1849 2010 naturas
1870 1974 1917 2025 ag

572 2044 711 2080 unam
735 2036 886 2081 autem
916 2028 1201 2094 hypostasim
1224 2043 1281 2080 ex
1306 2033 1498 2094 utraque
1524 2030 1822 2094 compositam
1850 2034 1917 2096 (4]

639 2101 957 2166 (Βοκοιῑῐειο.
976 2102 1251 2152 —Tametsi
1278 2114 1468 2165 persona
1500 2102 1671 2152 Christi
1697 2115 1755 2152 ex
1783 2115 1837 2154 se
1864 2105 1917 2155 sit

573 2177 625 2224 ut
652 2174 904 2225 subsistens
937 2176 1094 2223 tamen
1121 2172 1169 2222 in
1196 2173 1371 2223 duabus
1408 2174 1582 2223 naturis
1600 2210 1617 2237 ,
1648 2174 1909 2237 composita

575 2246 714 2297 senda
736 2249 824 2296 est.
846 2245 864 2310 )

631 2353 700 2416 (1)
732 2356 859 2400 Idem
885 2356 983 2413 111,
1005 2354 1112 2400 dist.
1133 2352 1182 2413 6,
1213 2367 1293 2411 qu.
1316 2356 1375 2413 2,
1398 2361 1487 2401 art.
1510 2355 1556 2399 3.

641 2424 705 2487 (2)
728 2429 832 2472 Νοιι
858 2426 945 2471 sub
978 2428 1165 2473 nomine
1202 2428 1348 2473 Verbi
1385 2432 1437 2471 ut
1471 2428 1566 2485 sic,
1596 2428 1674 2474 sed
1713 2430 1799 2473 sub
1843 2442 1917 2475 noi

572 2503 653 2598 213.
673 2490 724 2597 ξ,
742 2493 830 2535 art.
854 2488 903 2550 3,
925 2488 1046 2570 sicut
1063 2490 1250 2547 ehquod
1266 2490 1476 2570 subditur
1494 2503 1553 2536 ex
1568 2492 1729 2548 eadem
1748 2491 1917 2539 iterum

640 2619 705 2684 (3)
735 2625 824 2670 Vel
858 2625 1095 2682 pertinens
1139 2625 1198 2669 ad
1235 2625 1355 2669 idem
1400 2638 1573 2683 genus,
1613 2630 1666 2670 ut
1706 2626 1916 2684 significa

573 2687 808 2757 ὁμογενὲς,
839 2687 1126 2745 proindeque
1153 2689 1325 2734 directe
1347 2690 1647 2745 praedicatum
1673 2687 1729 2733 de
1758 2690 1869 2748 illis,
1897 2705 1917 2737 e

643 2763 702 2827 (4)
737 2767 809 2811 Sic
842 2768 981 2813 etium
1019 2780 1125 2825 cap.
1156 2770 1195 2813 I.
1240 2771 1305 2816 De
1335 2770 1439 2815 div.
1481 2769 1705 2819 Nomia„
1741 2769 1913 2817 dicitur

573 2830 727 2875 divina
772 2836 936 2876 natura
977 2833 1141 2888 ⁸iuncta
1186 2831 1461 2879 humanitati
1505 2833 1821 2891 compositus,
1856 2840 1910 2881 ut

580 2904 782 2951 grfflssum
811 2896 1020 2948 συνετέθη
1028 2933 1040 2946 .
1770 2952 1795 2980 ⁰
