1917 3317
176 224 209 263 nn
224 220 366 261 menende
381 220 504 261 aassaorus
521 220 625 261 monna.
754 214 802 261 tot

41 316 59 351 m
72 300 168 363 animae3
181 298 235 363 quia
246 298 321 349 amma
333 298 384 359 eius
397 297 442 348 tuit
453 298 520 350 beata
531 296 628 362 iprimo
639 296 738 350 instanti
752 314 801 353 sne

41 372 163 438 adeptionis.
177 372 238 434 drgo
252 383 325 434 neque
339 369 406 419 etiam
420 382 461 433 per
473 368 606 433 passionem
619 370 701 421 meruit
717 372 803 422 exaita-

41 460 104 508 uem,
122 446 232 507 quantum
246 440 380 504 adglorians
393 440 504 503 eorporis.

41 516 79 567 Sed
92 518 229 575 contineat,
240 513 300 576 quod
310 512 391 563 dieitm
405 512 512 576 Philip..
527 514 548 565 ΙΙ
564 528 570 563 :
587 513 692 564 «Faetus
702 518 737 565 est
749 514 803 566 obe-

41 603 69 637 us
82 598 156 650 nopae
173 586 324 648 adunantem,
340 587 438 635 mortem
449 587 527 635 nutem
540 584 626 648 emeis3
640 587 805 650 propterquod

44 660 100 709 deus
112 656 222 708 exaltavit
233 656 306 705 illum.
318 672 332 703 o

42 726 303 793 (Commune-Siout
316 726 420 778 Christus
430 740 471 791 per
479 739 545 777 suam
554 728 686 791 passionom
694 728 806 779 humilia-

41 836 42 843 r
54 802 169 865 seipsum,
181 800 213 849 ita
224 812 265 863 per
273 810 323 859 eam
335 798 446 849 exaltatus
456 803 491 850 est
497 834 506 861 ,
519 803 544 849 ut
557 798 681 851 surrexerit
692 799 806 861 gloriosus

41 874 60 922 iu
74 874 156 923 eaelum
170 870 305 932 ascenderit,
313 869 353 920 uhi
362 872 398 919 est
406 869 435 919 ad
443 870 559 920 dexteram
572 870 614 921 Dei
624 870 697 921 Patris
710 872 805 934 sedens,

41 947 59 995 te
75 948 186 997 uenturas
203 946 239 993 est
252 943 275 992 iu
284 944 379 1005 paterna
396 942 518 1005 majestate
531 942 635 1005 jndieare
647 942 758 1006 omnes.)

41 1015 171 1080 despondeo
195 1013 331 1075 dicendum,
350 1012 410 1075 qudd
431 1011 538 1063 meritum
557 1014 666 1077 importat
683 1014 807 1076 quamdam

41 1088 156 1149 palmatam
166 1082 276 1148 justitiae3
287 1084 347 1134 uude
358 1086 381 1134 et
391 1084 512 1147 Apostolus
522 1083 590 1147 dieit,
601 1087 682 1142 Rom„
695 1086 733 1148 lv,
747 1084 808 1146 qnod

41 1159 53 1207 i
62 1158 100 1222 quii
111 1160 227 1221 opomtnr,
237 1166 325 1207 meroes
335 1154 460 1219 imputatur
469 1154 592 1205 seaundirm
603 1155 714 1206 denium.
724 1173 739 1203 u
750 1155 808 1206 edm

41 1234 81 1279 um
93 1226 180 1292 aliquis
192 1240 222 1277 ex
230 1239 271 1277 sua
285 1227 369 1289 injusta
379 1225 497 1277 voluntate
507 1225 550 1276 sihi
562 1227 665 1277 attribuit
676 1227 727 1291 plns
740 1227 809 1291 qnam

41 1301 51 1349 i
67 1301 185 1363 debeatur,
199 1300 285 1363 justum
297 1301 334 1348 est
347 1300 372 1347 ut
386 1297 526 1349 diminuatm
537 1297 606 1349 etiam
619 1303 730 1362 quantun
746 1299 810 1349 adid

41 1374 65 1422 od
80 1370 125 1423 sibi
134 1369 266 1432 debebatnr3
277 1369 336 1419 sieut
347 1368 400 1418 edm
409 1368 497 1419 furatur
504 1369 556 1433 quis
567 1382 635 1419 unam
646 1382 722 1433 ovem,
731 1370 811 1421 reddet

42 1448 113 1505 atuor,
133 1446 160 1493 ut
183 1441 266 1491 dicitur
284 1440 381 1500 duod„
396 1441 466 1491 XXII.
479 1442 510 1491 dt
523 1441 659 1492 hoedioitnr
675 1442 770 1505 mereri,
785 1441 811 1492 in

43 1520 119 1563 autum
131 1525 174 1577 per
182 1513 226 1562 hoe
235 1511 329 1575 punitur
338 1511 389 1575 ejus
400 1510 478 1574 iniqua
490 1513 605 1563 voluntas.
619 1512 743 1575 Raetiam,
758 1511 811 1562 edm

42 1588 90 1649 quis
104 1584 150 1636 sibi
163 1598 192 1636 ex
203 1584 267 1647 justa
277 1583 394 1633 volumtate
406 1583 519 1633 subtraxit
531 1585 592 1648 qnod
605 1584 704 1635 debehat
716 1584 809 1648 trabere,

41 1662 110 1707 aretur
124 1658 149 1707 ut
163 1656 207 1707 sihi
218 1654 314 1721 amplius
327 1654 499 1717 superaddatur,
510 1655 577 1717 qnasi
593 1668 680 1705 meroes
688 1656 757 1719 juste
770 1669 812 1707 vo-

41 1728 123 1791 utatis;
137 1730 161 1778 et
175 1726 228 1777 inde
242 1728 277 1777 est
291 1725 351 1789 quod
359 1763 368 1789 ,
382 1725 440 1779 sieut
454 1725 535 1775 dieitur
548 1728 617 1783 Lae„
632 1726 695 1790 XIV,
713 1726 776 1791 equi
786 1740 812 1778 ne

41 1801 115 1849 amittat
127 1797 269 1850 exaltabitur.
281 1814 294 1844 e
305 1797 408 1847 doristus
418 1800 495 1847 autem
504 1797 529 1847 in
538 1810 579 1848 saa
591 1798 697 1860 passione
712 1797 813 1861 seipsam

41 1872 144 1923 mitiauit
152 1869 211 1923 intra
222 1882 286 1921 suam
297 1868 444 1932 dignitatem,
454 1872 564 1933 quantam
573 1870 601 1919 ad
611 1874 707 1933 quantuor
718 1884 724 1918 :
736 1868 813 1920 Primo

41 1942 121 2007 iidem,
135 1946 248 2005 quantum
259 1941 288 1991 ad
299 1939 431 2005 passionem
440 1944 464 1991 et
474 1944 579 2003 mortem,
593 1941 661 2004 eujus
671 1939 758 1992 debitor
766 1952 814 1991 non

41 2020 74 2079 at;
86 2014 202 2076 seeundo,
221 2018 329 2078 quantum
341 2014 369 2065 ad
386 2014 460 2065 totum
470 2052 477 2076 ,
489 2012 544 2076 qnia
557 2028 640 2077 corpus
650 2014 702 2079 ejus
713 2014 815 2077 positum

41 2092 48 2135 t
61 2088 85 2137 in
93 2085 225 2151 sepulchro,
235 2089 258 2135 et
268 2085 344 2135 anima
356 2085 381 2135 in
393 2084 498 2147 interum
507 2085 587 2148 tertio,
601 2090 710 2150 quantum
724 2087 752 2135 ad
760 2096 815 2134 eon-

42 2158 130 2209 sionem
143 2162 166 2207 et
178 2157 299 2221 opprobria
311 2170 362 2220 qne
375 2156 498 2220 sustinuit3
509 2157 722 2221 quartd,qnantnm
731 2156 760 2206 ad
771 2156 815 2205 tuoe

41 2228 71 2279 dd
80 2233 116 2280 est
129 2228 225 2279 traditus
238 2229 344 2281 humanm
355 2228 469 2293 potestati,
483 2227 609 2279 seeundiim
623 2229 683 2292 quod
695 2227 746 2291 ipse
760 2226 816 2280 dicit

44 2301 100 2365 tato,
121 2302 209 2359 deam,
229 2300 299 2351 xla:
315 2316 329 2347 a
343 2300 393 2351 Non
407 2300 503 2350 haberes
517 2300 542 2349 in
552 2312 588 2349 me
607 2302 757 2363 potestatem,
770 2297 816 2349 nisi

41 2376 92 2421 tum
109 2371 154 2423 tihi
165 2382 226 2422 esset
239 2371 344 2435 desuper.
362 2386 376 2417 »
392 2372 421 2421 Et
430 2370 480 2422 ideo
495 2384 536 2435 por
548 2385 611 2421 suam
623 2371 752 2433 passionem
767 2382 815 2420 me·

41 2442 60 2491 it
73 2440 235 2493 exaltationem
249 2445 360 2505 quantum
374 2442 402 2491 ad
416 2445 527 2505 quatuor:
538 2442 613 2493 Primd
623 2442 731 2507 quidem,
744 2453 816 2505 quan
917 2499 918 2504 ἵ

41 2528 65 2562 m
89 2516 116 2564 ad
136 2512 328 2565 resurrectionem
350 2514 488 2576 gloriosam3
504 2514 563 2564 unde
581 2513 663 2563 dicitur
675 2513 701 2563 in
721 2512 814 2563 peon.

41 2584 144 2635 iiixviii
160 2600 165 2633 :
183 2601 196 2632 u
211 2583 245 2633 Tu
258 2584 389 2647 cognovisti
402 2586 528 2635 sessionem
543 2597 615 2637 meam
631 2584 673 2649 <id
687 2586 724 2635 est
741 2583 816 2633 hnmi-

42 2660 101 2706 atem
115 2655 243 2721 passionis)
254 2658 278 2703 et
290 2656 477 2705 resumentionem
497 2667 579 2705 meam.
589 2672 603 2702 u
618 2653 732 2715 Secundo,
745 2667 817 2717 quan-

44 2742 64 2777 m
83 2729 111 2778 ad
134 2727 290 2777 ascensionem
313 2728 338 2777 in
357 2726 452 2790 eoetum3
471 2728 531 2779 unde
550 2726 631 2777 dieitur
650 2726 750 2792 aptes..
767 2725 815 2775 IV:

42 2799 165 2850 deseendit
177 2796 276 2863 primum
288 2799 314 2851 ia
325 2798 445 2850 interiores
455 2803 530 2864 partes
540 2803 618 2861 terre3
630 2798 669 2861 qui
681 2802 756 2849 autem
766 2798 817 2849 des·

41 2872 104 2934 odit,
115 2871 164 2935 ipse
178 2874 248 2921 estet
261 2870 301 2934 qai
316 2869 421 2920 ascendit
435 2883 503 2934 super
514 2884 593 2921 omnes
603 2870 707 2921 cetus.»
722 2867 816 2929 Tertid,

41 2945 125 2992 rantum
139 2941 169 2992 ad
185 2954 316 2993 consessum
333 2944 433 3007 patema
454 2940 552 2993 dextere
568 2944 593 2991 et
610 2938 818 2991 manifestationem
917 2957 918 2960 ¹
