1917 3317
191 153 225 189 ns
240 152 404 191 emmennone
418 154 502 191 rocus
518 154 656 193 concerno.
781 146 828 193 ott

322 336 482 386 tenentos
497 336 534 387 nt.

45 468 106 509 :rr'nn
123 466 241 512 Christus
253 466 282 509 in
294 467 373 522 primo
380 467 483 512 instanti
501 478 550 511 creo
561 468 723 523 conceptionis
739 469 828 513 mereri

372 530 485 585 potnerit.

54 663 79 709 ii
94 660 193 710 tertium
207 658 243 709 sic
255 659 394 721 proceditur.
410 659 504 709 Videtur
517 659 576 723 quiid
590 660 695 710 Christus
707 660 733 711 in
754 660 828 724 primo

54 733 108 780 enti
124 745 175 781 sno
186 730 347 793 conceptionis
361 731 445 781 mereri
458 745 505 781 non
519 732 628 794 potnerit.
640 732 706 781 Sicut
724 732 785 783 enim
802 744 828 783 se

49 811 81 851 et
97 804 200 852 tiberem
214 800 333 849 arbitrium
351 801 381 850 nd
393 804 540 861 merendum,
556 800 589 850 ito
609 802 637 852 ed
654 804 826 855 demerendum.

55 877 92 923 :di
100 875 178 925 incius
197 873 226 922 in
241 872 315 936 prino
328 873 424 923 instanti
435 888 483 923 son
494 874 616 924 creationis
629 888 675 923 non
684 875 759 938 potnit
773 889 827 939 pec·

45 961 75 1007 e,
90 951 117 995 nt
132 947 159 995 in
171 946 193 994 1.
209 947 273 1007 perte
288 944 391 993 habitum
405 949 442 995 est
454 945 504 1008 (no.
519 948 558 1007 63,
572 948 615 993 ort.
631 944 667 1007 3).
682 948 738 1007 Ergo
753 959 828 1009 neque

59 1033 87 1066 ¹no
102 1016 197 1067 Christi
211 1015 236 1064 in
250 1016 323 1077 primo
338 1014 431 1065 instanti
446 1028 494 1065 snae
509 1015 631 1066 creationis
645 1017 705 1079 qnod
720 1017 765 1067 tuit
778 1018 827 1081 pri·

45 1108 76 1138 to
91 1092 187 1139 instans
202 1086 363 1149 conceptionis
379 1087 474 1145 Christi,
487 1086 562 1151 potnit
572 1088 662 1137 mereri.

53 1166 71 1208 e.
85 1162 216 1219 Praeterea,
234 1158 291 1207 itinn
311 1158 373 1221 qnod
384 1159 453 1209 homo
463 1159 532 1207 habet
548 1157 572 1207 io
583 1157 656 1221 primo
668 1158 764 1209 instant
777 1172 826 1211 son

54 1232 190 1295 senionis,
210 1230 302 1279 videtur
314 1229 337 1279 ei
355 1242 407 1279 esse
420 1230 534 1291 natnrole3
547 1230 600 1293 qoin
614 1231 657 1279 hoc
673 1233 710 1279 est
720 1231 749 1279 ad
761 1231 826 1294 qnod

60 1307 151 1353 ornetur
172 1315 217 1352 soa
232 1301 350 1365 generatio
363 1299 480 1350 naturalis.
498 1300 541 1350 Sed
558 1300 700 1349 naturalibos
713 1314 759 1350 non
781 1315 829 1353 rne-

60 1392 97 1438 =nr,
105 1382 135 1425 ot
143 1378 214 1439 patet
223 1386 253 1421 en
264 1373 302 1424 his
312 1386 363 1435 qoae
373 1373 493 1422 dictasunt
502 1372 526 1421 in
537 1374 565 1421 11.
577 1376 649 1435 perte.
664 1372 723 1435 Ergo
736 1372 828 1423 ridetur

57 1451 73 1495 »i
91 1462 152 1497 usus
178 1443 249 1493 liberi
266 1442 371 1504 arbitrii,
386 1457 455 1506 quern
477 1443 582 1493 Christus
606 1444 686 1492 hahuit
706 1442 831 1493 secundnm

70 1521 132 1567 tneor
148 1518 176 1567 in
192 1514 270 1580 prino
283 1514 380 1565 instanti
391 1527 440 1565 snae
459 1514 633 1579 conceptionis,
648 1526 695 1565 non
705 1514 772 1563 inerit
784 1526 832 1565 me-

59 1605 116 1639 nos.

54 1669 71 1707 t.
89 1664 210 1711 Praeterea
220 1696 229 1721 ,
241 1658 266 1707 id
283 1660 345 1721 qood
362 1658 433 1709 semei
451 1658 534 1721 eiiqnis
553 1657 636 1707 meruit
647 1658 695 1721 jem
711 1657 834 1721 iecitque·

56 1735 135 1782 *inodo
149 1742 238 1787 snorn3
254 1729 323 1779 etita
339 1742 388 1778 non
403 1729 497 1779 ridetur
514 1728 573 1791 qu'od
592 1726 673 1779 iterim
687 1729 758 1791 possit
776 1728 834 1780 itind

72 1825 77 1851 ι
98 1802 204 1860 mereri,
219 1800 276 1863 qnia
294 1800 373 1851 nnitos
392 1805 492 1851 merctur
509 1802 570 1864 qnod
584 1814 650 1851 sunm
672 1806 715 1850 est.
737 1800 761 1850 Si
779 1814 833 1865 ergo

58 1876 119 1924 :letos
133 1875 163 1923 in
177 1872 256 1936 primo
269 1871 364 1919 instanti
382 1886 430 1921 sone
450 1872 606 1934 conceptionis
619 1872 714 1933 meruit,
729 1872 833 1935 seqnitur

70 1950 76 1994 j
90 1952 178 2009 postea
190 1943 251 1993 nihil
261 1943 386 2005 meruerit3
397 1944 457 2005 qood
472 1946 536 2006 petet
545 1954 596 1992 esse
609 1943 700 1991 ialsnrn.
714 1944 766 1993 Non
775 1956 829 2007 ergo

66 2026 118 2067 ‚stus
134 2019 163 2066 io
184 2014 259 2079 primo
271 2013 426 2065 instantisoae
443 2013 599 2076 conceptionis
612 2015 702 2064 meruit.

55 2090 93 2136 snt
107 2092 193 2138 oontm
213 2089 262 2148 eet,
283 2084 340 2135 iilud
357 2087 416 2147 qnod
433 2085 554 2148 Gregorius
568 2085 622 2134 dicit
637 2098 706 2147 super
722 2085 832 2135 Κωσάμ·

58 2171 63 2186 ¹
77 2176 97 2209 o
111 2159 199 2209 habuit
212 2156 308 2207 omnino
318 2157 503 2218 christissima
513 2156 593 2207 anione
608 2157 723 2217 meritum,
734 2172 779 2221 qno
789 2170 831 2221 po-

63 2240 99 2281 ·÷et
114 2231 239 2295 proficere.
257 2246 272 2275 n
289 2228 406 2279 Potuisset
416 2232 493 2278 entem
509 2228 618 2293 proficere
631 2229 656 2277 in
670 2228 761 2291 merito,
775 2229 831 2279 siin

61 2318 92 2352 <ro
105 2303 209 2353 instanti
221 2314 269 2350 sne
282 2300 439 2364 conceptionis
450 2314 496 2351 non
514 2299 642 2351 meruisset.
656 2301 714 2363 Ergo
721 2300 746 2349 in
757 2301 831 2365 primo

74 2377 113 2425 inti
127 2388 179 2425 sun
197 2371 358 2436 conceptionis
371 2373 454 2421 meruit
469 2372 584 2421 Christos.

72 2460 222 2498 concwsro.
234 2472 267 2482 -
277 2444 337 2494 Circi
351 2445 458 2495 Christos
474 2444 499 2495 in
511 2444 584 2509 prino
597 2444 694 2495 instanti
709 2459 757 2495 snae
777 2456 833 2495 con·

69 2520 132 2570 :ornis
157 2521 196 2569 ita
224 2518 297 2567 inerit
318 2517 488 2578 sanctificatos,
510 2521 536 2566 ut
559 2518 654 2567 otiorum
679 2517 833 2575 sanctificator

58 2601 99 2653 er,
113 2593 201 2642 eodem
220 2603 313 2653 qnopoe
325 2588 422 2638 instanti
435 2602 487 2638 enrn
508 2589 617 2639 meruisse
637 2588 758 2637 dicendum
772 2588 832 2647 est.)

62 2664 192 2724 prepondec
202 2662 337 2723 dicendum,
348 2660 410 2723 qnod
421 2661 481 2709 sicut
493 2660 561 2723 sopri
571 2660 656 2709 dictnrn
666 2663 701 2709 est
707 2695 715 2720 ,
728 2658 834 2709 Christus

73 2736 141 2795 primo
156 2732 260 2783 instanti
273 2746 321 2782 sne
335 2731 490 2795 conceptionis
502 2732 654 2781 sanctificatos
668 2729 712 2779 tuit
724 2742 765 2791 per
780 2741 835 2791 gra·

56 2820 88 2851 »n
96 2806 136 2855 Est
150 2810 232 2855 autem
247 2804 333 2867 duplex
346 2802 495 2853 sanctificatio
510 2818 516 2851 :
532 2815 577 2851 una
587 2802 678 2865 quiden
692 2799 831 2860 adultorum,

57 2888 70 2920 ιι
90 2877 218 2929 modiin
238 2876 357 2942 proprium
380 2878 457 2925 actum
479 2874 665 2937 sanctificantem
687 2870 731 2921 alio
752 2874 830 2921 autem
