1917 3317
124 205 168 254 tel
317 214 377 252 nans
394 216 435 263 ιιι,
453 215 548 260 oumsr.
565 214 618 265 xiv,
635 213 693 252 aar.
708 215 725 250 r.

122 293 262 355 assumptum
278 290 384 340 humanis
402 289 572 339 infirmitatibus
589 294 613 340 et
635 289 754 340 defectibus
768 285 883 353 subjacere.

153 363 288 426 llespondeo
299 363 435 420 dicendum,
450 361 592 410 conueniens
604 361 676 410 fuisse
690 372 768 424 corpus
781 363 901 421 assumptura

121 435 138 486 d
150 434 209 484 Filio
222 434 263 483 llei
277 431 381 482 humanis
395 432 566 482 infirmitatibus
584 436 609 482 ei
622 433 746 482 defectibus
758 431 875 493 subiacere.
889 441 903 475 i.

123 504 239 570 precipue
252 508 345 568 propter
354 505 413 553 tria:
427 503 501 567 primb
514 505 621 566 quidem,
635 506 689 567 quia
702 505 729 553 ad
738 505 781 553 boc
796 503 863 551 Filius
876 502 898 547 lt<

124 589 191 628 carne
203 576 321 640 assumptd
334 576 397 626 venit
410 575 434 624 in
444 576 564 636 mundum,
580 579 606 624 nt
618 589 660 639 pro
673 579 762 639 peccato
773 573 863 624 bomani
873 585 907 633 rc-

124 648 188 698 neris
205 648 355 697 satisfaceret.
370 647 433 697 Unus
449 653 525 697 autem
539 659 582 710 pro
596 651 691 710 peccato
700 646 791 697 alterins
802 642 897 696 satisfac

125 719 179 770 dum
193 732 283 784 poerram
300 731 341 782 pro
354 723 447 781 peccato
462 718 555 769 alterins
569 720 671 768 debitam
686 719 710 768 iu
724 731 748 768 se
760 717 863 780 suscipit.
875 716 896 759 ll.

124 791 226 856 jusmodi
235 794 309 840 autem
325 791 428 840 defectus
439 792 581 855 corporales,
594 790 684 840 sedicet
693 803 767 853 mors,
776 790 862 847 fames,
874 788 889 835 ει

126 868 150 914 et
162 861 308 926 hujusmodi,
321 865 374 910 snut
388 875 456 926 poena
476 863 582 926 peccati,
596 863 658 924 quod
678 862 751 913 estin
765 863 888 920 mundani

127 935 200 986 tuam
213 933 381 996 introductum,
397 933 523 984 secunddm
538 933 594 982 illud
611 935 696 990 Rom„
711 935 731 983 v
751 948 757 982 :
774 951 789 981 o
802 935 849 983 Per
861 946 893 979 aaz

127 1007 244 1058 bominem
263 1009 382 1068 peccalum
401 1005 496 1054 intrarit
515 1004 540 1054 in
559 1006 690 1066 mundum,
709 1009 733 1056 et
753 1019 796 1070 per
816 1010 897 1070 peceat:

127 1091 198 1128 mors.
207 1094 221 1126 ιι
236 1077 300 1127 Unde
309 1078 450 1127 conveniens
460 1077 671 1140 fuit,qnantumad
680 1077 893 1128 dnemlncarnat‘or

128 1147 190 1212 qnbd
204 1147 335 1211 hujusmodi
354 1147 499 1211 poenalitates
512 1146 537 1196 in
551 1151 629 1197 nostra
644 1151 728 1199 natura
747 1144 901 1214 susciperem

128 1219 216 1282 nostra,
226 1218 349 1269 secunddm
364 1220 419 1269 illud
436 1221 508 1276 laod,
520 1219 568 1268 Llll
583 1235 589 1268 :
608 1220 694 1270 «llere
707 1222 834 1286 languores
847 1222 897 1270 nostr

127 1292 176 1356 ipse
186 1290 245 1341 tulit.
257 1305 271 1337 ιι
284 1290 405 1352 Secundd,
418 1296 511 1356 propter
522 1291 592 1340 fidem
602 1291 771 1343 lucarnationis
782 1293 889 1344 astruens

129 1361 180 1413 cdm
197 1362 257 1412 enim
273 1365 354 1412 natura
371 1359 472 1412 humana
493 1377 540 1413 nun
558 1363 625 1412 aliter
639 1368 704 1414 esset
717 1369 776 1415 nola
792 1364 888 1416 hominib

128 1434 173 1485 nisi
188 1436 255 1498 prout
269 1435 399 1497 hujusmodi
411 1434 565 1498 corporalibus
576 1435 707 1485 defectibus
720 1437 841 1501 subjacet,
856 1437 874 1484 si
884 1447 893 1480 ε·

127 1505 165 1558 his
174 1506 299 1558 delentibus
314 1505 385 1556 Filias
395 1506 434 1556 ilci
446 1509 569 1555 humanam
580 1509 686 1556 naturam
702 1510 881 1572 assumpsisset,
893 1519 896 1527 ¹

128 1578 219 1630 deretur
237 1591 283 1628 non
302 1577 373 1628 fuisse
387 1591 455 1627 uerus
465 1579 548 1640 homo,
558 1589 691 1627 decreram
706 1592 805 1630 carnem
816 1581 902 1629 habas¹>

126 1651 169 1701 sed
182 1650 359 1714 phantasticam,
371 1653 397 1698 ut
410 1648 529 1698 llaniclraei
540 1651 673 1712 posuerunt.
690 1649 721 1698 lst
737 1650 805 1713 ideo,
820 1655 848 1701 ut
862 1651 889 1699 di

130 1722 237 1785 Plrita'p„
249 1722 284 1784 ll,
302 1719 452 1770 «exinanivit
463 1719 611 1783 semetipsum
624 1718 722 1769 formam
735 1724 800 1772 servi
816 1723 894 1784 arripi

129 1791 156 1842 in
171 1793 342 1842 similitudinem
357 1791 475 1842 hominum
495 1791 584 1853 factos,
598 1794 621 1841 el
638 1791 721 1841 habitu
736 1794 853 1845 inventos
868 1800 886 1841 ol

129 1875 178 1914 mo.
188 1880 202 1912 ιι
213 1865 278 1913 Unde
289 1867 312 1913 et
323 1865 349 1914 Β.
360 1865 460 1913 ‘flromas
471 1877 512 1927 per
521 1867 640 1926 aspectum
649 1863 776 1913 vulnerum
788 1866 863 1917 estad
876 1864 894 1910 ria
917 1869 919 1901 ῑ

130 1939 265 1999 revocatus,
281 1938 307 1984 ut
324 1935 404 1985 dicitur
417 1937 500 1991 loon„
517 1935 567 1984 llll.
588 1932 681 1995 tenid,
696 1940 797 1998 propter
813 1934 896 1996 exemp}
917 1940 919 1975 t

129 2006 260 2070 patientiae,
272 2008 331 2070 quod
346 2008 411 2057 nobis
426 2007 526 2069 exbibet,
540 2006 660 2070 passiones
671 2009 696 2056 et
707 2007 822 2060 defectus
830 2011 901 2059 baro:⁴
917 2006 919 2047 l

130 2077 217 2129 fortiter
231 2079 362 2142 tulerand03
377 2079 435 2129 unde
446 2079 527 2128 dicitur
536 2079 621 2133 Hebr„
629 2079 686 2127 llll:
702 2079 851 2130 «Sustinuit
866 2081 877 2127 l
890 2094 895 2138 'r
917 2074 919 2155 l

131 2151 244 2202 caloribus
258 2151 366 2202 adversis
383 2151 532 2215 semetipsum
547 2148 771 2213 contradictionem,
791 2158 820 2203 ut
835 2156 919 2205 nortl

130 2223 230 2287 gemini,
246 2223 328 2273 animis
344 2224 428 2274 vestris
441 2222 608 2273 deficientes.»
917 2216 919 2253 i

163 2296 197 2345 Ad
214 2295 310 2358 primum
329 2309 382 2362 ergo
402 2295 537 2355 dicendum,
551 2293 612 2358 qndd
631 2292 763 2343 satisfactio
779 2309 824 2358 pro
847 2310 897 2360 perr

132 2367 225 2417 alterius
237 2368 306 2418 habel
318 2368 411 2430 quidem
425 2365 490 2430 qnasi
503 2364 621 2415 materiam
635 2377 717 2427 poenas
728 2377 789 2427 quas
802 2367 888 2430 aliqui¹

130 2439 224 2501 peccalo
244 2437 336 2488 alterius
356 2437 467 2500 sustinel3
489 2437 528 2486 sed
549 2449 590 2500 pro
610 2434 725 2498 principio
745 2436 822 2485 habet
844 2439 900 2486 balov

132 2508 222 2571 aalma,
235 2522 264 2558 err
277 2523 321 2572 qno
333 2507 454 2557 inclinatur
468 2508 500 2557 ad·
508 2508 630 2557 volendum
644 2505 780 2556 satisfacere
793 2521 842 2570 pro
855 2510 902 2558 alio.

135 2593 165 2632 ex
181 2596 228 2646 qno
247 2581 372 2632 satisfactio
389 2580 513 2630 efficaciam
529 2580 607 2628 babel.
621 2580 673 2628 Non
691 2577 757 2627 enim
779 2586 847 2630 esset
866 2596 898 2632 err

133 2652 272 2718 satisfactio,
288 2652 332 2702 nisi
346 2665 376 2702 ex
389 2651 498 2702 charitate
514 2651 660 2714 procederet,
673 2652 700 2698 ut
714 2649 778 2699 intra
796 2651 887 2701 dicitnr

133 2725 162 2775 Et
175 2725 225 2776 ideo
237 2723 336 2788 oportuit
349 2723 449 2774 animam
460 2722 544 2772 Christi
554 2726 579 2772 et
591 2723 716 2786 perfectam
725 2733 779 2771 esse
794 2730 900 2784 wantum

165 2874 200 2938 (1)
213 2879 243 2922 nt
253 2877 354 2920 dicturus
366 2875 450 2932 fuerat,
462 2875 482 2920 sl
490 2875 596 2920 vixisset.
613 2874 656 2920 Sed
666 2875 730 2931 quod
740 2881 821 2920 morte
834 2890 903 2934 prata

129 2940 169 2982 tus
181 2951 228 2984 non
240 2937 351 2996 perfecit,
362 2938 436 2982 babes
449 2938 473 2981 ln
487 2939 671 2996 supplemento,
683 2949 725 2994 qu.
743 2937 792 2997 14,
806 2947 856 2985 art.
869 2943 897 2986 2.
910 2960 914 2975 ι
