<?xml version="1.0" encoding="UTF-8"?>
<!DOCTYPE html PUBLIC "-//W3C//DTD XHTML 1.0 Transitional//EN"
    "http://www.w3.org/TR/xhtml1/DTD/xhtml1-transitional.dtd">
<html xmlns="http://www.w3.org/1999/xhtml" xml:lang="en" lang="en">
 <head>
  <title>
</title>
<meta http-equiv="Content-Type" content="text/html;charset=utf-8" />
  <meta name='ocr-system' content='tesseract 3.04.00' />
  <meta name='ocr-capabilities' content='ocr_page ocr_carea ocr_par ocr_line ocrx_word'/>
</head>
<body>
  <div class='ocr_page' id='page_1' title='image "./summatheologica02nicogoog_0998.png"; bbox 0 0 1917 3317; ppageno 0'>
   <div class='ocr_carea' id='block_1_1' title="bbox 274 210 828 259">
    <p class='ocr_par' dir='ltr' id='par_1_1' title="bbox 274 210 828 259">
     <span class='ocr_line' id='line_1_1' title="bbox 274 210 828 259; baseline 0.009 -5"><span class='ocrx_word' id='word_1_1' title='bbox 274 218 305 255; x_wconf 82' lang='lat' dir='ltr'>ur</span> <span class='ocrx_word' id='word_1_2' title='bbox 321 215 465 257; x_wconf 71' lang='lat' dir='ltr'>romonum</span> <span class='ocrx_word' id='word_1_3' title='bbox 480 217 582 257; x_wconf 79' lang='lat' dir='ltr'>currum</span> <span class='ocrx_word' id='word_1_4' title='bbox 766 210 828 259; x_wconf 79' lang='lat' dir='ltr'>teti</span> 
     </span>
    </p>
   </div>
   <div class='ocr_carea' id='block_1_2' title="bbox 35 292 831 431">
    <p class='ocr_par' dir='ltr' id='par_1_2' title="bbox 35 292 831 431">
     <span class='ocr_line' id='line_1_2' title="bbox 61 292 830 360; baseline 0.008 -18"><span class='ocrx_word' id='word_1_5' title='bbox 61 292 197 357; x_wconf 79' lang='lat' dir='ltr'>Responduo</span> <span class='ocrx_word' id='word_1_6' title='bbox 216 292 349 355; x_wconf 85' lang='lat' dir='ltr'>dicendum,</span> <span class='ocrx_word' id='word_1_7' title='bbox 369 292 430 357; x_wconf 78' lang='lat' dir='ltr'>prod</span> <span class='ocrx_word' id='word_1_8' title='bbox 444 293 468 345; x_wconf 86' lang='lat' dir='ltr'>in</span> <span class='ocrx_word' id='word_1_9' title='bbox 481 294 572 346; x_wconf 71' lang='lat' dir='ltr'>consto</span> <span class='ocrx_word' id='word_1_10' title='bbox 584 298 620 347; x_wconf 86' lang='lat' dir='ltr'>ost</span> <span class='ocrx_word' id='word_1_11' title='bbox 637 295 722 360; x_wconf 85' lang='lat' dir='ltr'>duplex</span> <span class='ocrx_word' id='word_1_12' title='bbox 741 300 830 359; x_wconf 79' lang='lat' dir='ltr'>nature,</span> 
     </span>
     <span class='ocr_line' id='line_1_3' title="bbox 35 363 831 431; baseline 0.005 -18"><span class='ocrx_word' id='word_1_13' title='bbox 35 364 105 415; x_wconf 81' lang='lat' dir='ltr'>divine</span> <span class='ocrx_word' id='word_1_14' title='bbox 120 363 207 415; x_wconf 84' lang='lat' dir='ltr'>scilicet</span> <span class='ocrx_word' id='word_1_15' title='bbox 223 367 247 415; x_wconf 84' lang='lat' dir='ltr'>et</span> <span class='ocrx_word' id='word_1_16' title='bbox 258 366 371 427; x_wconf 79' lang='lat' dir='ltr'>humunn3</span> <span class='ocrx_word' id='word_1_17' title='bbox 385 366 445 417; x_wconf 87' lang='lat' dir='ltr'>unde</span> <span class='ocrx_word' id='word_1_18' title='bbox 457 366 584 417; x_wconf 76' lang='lat' dir='ltr'>secundum</span> <span class='ocrx_word' id='word_1_19' title='bbox 597 370 716 431; x_wconf 76' lang='lat' dir='ltr'>ntmmquc</span> <span class='ocrx_word' id='word_1_20' title='bbox 727 371 831 419; x_wconf 82' lang='lat' dir='ltr'>netmcm</span> 
     </span>
    </p>
   </div>
   <div class='ocr_carea' id='block_1_3' title="bbox 35 434 865 2645">
    <p class='ocr_par' dir='ltr' id='par_1_3' title="bbox 35 434 865 2645">
     <span class='ocr_line' id='line_1_4' title="bbox 35 434 831 499; baseline 0.006 -13"><span class='ocrx_word' id='word_1_21' title='bbox 35 439 103 499; x_wconf 85' lang='lat' dir='ltr'>potest</span> <span class='ocrx_word' id='word_1_22' title='bbox 123 434 198 499; x_wconf 78' lang='lat' dir='ltr'>accipi</span> <span class='ocrx_word' id='word_1_23' title='bbox 218 434 307 499; x_wconf 87' lang='lat' dir='ltr'>proprie</span> <span class='ocrx_word' id='word_1_24' title='bbox 326 434 477 499; x_wconf 75' lang='lat' dir='ltr'>virtusejus.</span> <span class='ocrx_word' id='word_1_25' title='bbox 498 436 543 487; x_wconf 84' lang='lat' dir='ltr'>Sed</span> <span class='ocrx_word' id='word_1_26' title='bbox 563 436 689 490; x_wconf 73' lang='lat' dir='ltr'>secundnm</span> <span class='ocrx_word' id='word_1_27' title='bbox 706 440 831 491; x_wconf 73' lang='lat' dir='ltr'>humanum</span> 
     </span>
     <span class='ocr_line' id='line_1_5' title="bbox 35 506 830 573; baseline 0.008 -18"><span class='ocrx_word' id='word_1_28' title='bbox 35 512 132 557; x_wconf 81' lang='lat' dir='ltr'>naturam</span> <span class='ocrx_word' id='word_1_29' title='bbox 147 509 225 571; x_wconf 78' lang='lat' dir='ltr'>potest</span> <span class='ocrx_word' id='word_1_30' title='bbox 237 506 311 570; x_wconf 83' lang='lat' dir='ltr'>accipi</span> <span class='ocrx_word' id='word_1_31' title='bbox 323 506 407 570; x_wconf 79' lang='lat' dir='ltr'>duplex</span> <span class='ocrx_word' id='word_1_32' title='bbox 420 506 493 557; x_wconf 82' lang='lat' dir='ltr'>uirtus</span> <span class='ocrx_word' id='word_1_33' title='bbox 506 507 590 559; x_wconf 84' lang='lat' dir='ltr'>Christi</span> <span class='ocrx_word' id='word_1_34' title='bbox 605 524 611 557; x_wconf 91' lang='lat'>:</span> <span class='ocrx_word' id='word_1_35' title='bbox 627 522 673 559; x_wconf 84' lang='lat' dir='ltr'>nne</span> <span class='ocrx_word' id='word_1_36' title='bbox 684 510 778 573; x_wconf 81' lang='lat' dir='ltr'>quidum</span> <span class='ocrx_word' id='word_1_37' title='bbox 789 524 830 561; x_wconf 82' lang='lat' dir='ltr'>nc·</span> 
     </span>
     <span class='ocr_line' id='line_1_6' title="bbox 35 578 828 643; baseline 0.006 -16"><span class='ocrx_word' id='word_1_38' title='bbox 35 580 120 641; x_wconf 80' lang='lat' dir='ltr'>urstis,</span> <span class='ocrx_word' id='word_1_39' title='bbox 135 593 186 643; x_wconf 78' lang='lat' dir='ltr'>qum</span> <span class='ocrx_word' id='word_1_40' title='bbox 199 578 300 643; x_wconf 79' lang='lat' dir='ltr'>procedit</span> <span class='ocrx_word' id='word_1_41' title='bbox 312 592 339 629; x_wconf 85' lang='lat' dir='ltr'>ox</span> <span class='ocrx_word' id='word_1_42' title='bbox 350 578 469 643; x_wconf 77' lang='lat' dir='ltr'>principiis</span> <span class='ocrx_word' id='word_1_43' title='bbox 478 582 579 642; x_wconf 81' lang='lat' dir='ltr'>netnre3</span> <span class='ocrx_word' id='word_1_44' title='bbox 592 585 616 630; x_wconf 86' lang='lat' dir='ltr'>et</span> <span class='ocrx_word' id='word_1_45' title='bbox 629 580 670 631; x_wconf 86' lang='lat' dir='ltr'>teti</span> <span class='ocrx_word' id='word_1_46' title='bbox 681 580 765 631; x_wconf 84' lang='lat' dir='ltr'>virtute</span> <span class='ocrx_word' id='word_1_47' title='bbox 779 594 828 632; x_wconf 82' lang='lat' dir='ltr'>mu·</span> 
     </span>
     <span class='ocr_line' id='line_1_7' title="bbox 35 649 830 715; baseline 0.004 -15"><span class='ocrx_word' id='word_1_48' title='bbox 35 652 138 703; x_wconf 79' lang='lat' dir='ltr'>pisostum</span> <span class='ocrx_word' id='word_1_49' title='bbox 150 650 255 715; x_wconf 82' lang='lat' dir='ltr'>estquod</span> <span class='ocrx_word' id='word_1_50' title='bbox 268 649 369 701; x_wconf 84' lang='lat' dir='ltr'>Christus</span> <span class='ocrx_word' id='word_1_51' title='bbox 379 651 405 700; x_wconf 90' lang='lat' dir='ltr'>in</span> <span class='ocrx_word' id='word_1_52' title='bbox 414 652 496 701; x_wconf 79' lang='lat' dir='ltr'>cotum</span> <span class='ocrx_word' id='word_1_53' title='bbox 507 664 555 702; x_wconf 90' lang='lat' dir='ltr'>non</span> <span class='ocrx_word' id='word_1_54' title='bbox 565 652 675 706; x_wconf 74' lang='lat' dir='ltr'>escondit.</span> <span class='ocrx_word' id='word_1_55' title='bbox 690 652 740 702; x_wconf 76' lang='lat' dir='ltr'>Alia</span> <span class='ocrx_word' id='word_1_56' title='bbox 751 655 830 703; x_wconf 83' lang='lat' dir='ltr'>entem</span> 
     </span>
     <span class='ocr_line' id='line_1_8' title="bbox 35 722 830 786; baseline 0.004 -15"><span class='ocrx_word' id='word_1_57' title='bbox 35 724 98 773; x_wconf 83' lang='lat' dir='ltr'>uirtus</span> <span class='ocrx_word' id='word_1_58' title='bbox 113 724 139 772; x_wconf 91' lang='lat' dir='ltr'>in</span> <span class='ocrx_word' id='word_1_59' title='bbox 149 724 250 773; x_wconf 80' lang='lat' dir='ltr'>humane</span> <span class='ocrx_word' id='word_1_60' title='bbox 269 722 461 783; x_wconf 71' lang='lat' dir='ltr'>detestemini,</span> <span class='ocrx_word' id='word_1_61' title='bbox 476 727 513 773; x_wconf 91' lang='lat' dir='ltr'>cst</span> <span class='ocrx_word' id='word_1_62' title='bbox 523 722 596 773; x_wconf 84' lang='lat' dir='ltr'>virtus</span> <span class='ocrx_word' id='word_1_63' title='bbox 606 723 692 786; x_wconf 74' lang='lat' dir='ltr'>glorio,</span> <span class='ocrx_word' id='word_1_64' title='bbox 702 723 830 775; x_wconf 70' lang='lat' dir='ltr'>secundini</span> 
     </span>
     <span class='ocr_line' id='line_1_9' title="bbox 35 793 827 858; baseline 0.005 -15"><span class='ocrx_word' id='word_1_65' title='bbox 35 808 92 857; x_wconf 77' lang='lat' dir='ltr'>poam</span> <span class='ocrx_word' id='word_1_66' title='bbox 110 794 216 844; x_wconf 84' lang='lat' dir='ltr'>Christus</span> <span class='ocrx_word' id='word_1_67' title='bbox 229 793 255 843; x_wconf 90' lang='lat' dir='ltr'>in</span> <span class='ocrx_word' id='word_1_68' title='bbox 268 794 350 844; x_wconf 82' lang='lat' dir='ltr'>cretum</span> <span class='ocrx_word' id='word_1_69' title='bbox 366 794 476 845; x_wconf 82' lang='lat' dir='ltr'>ascendit.</span> <span class='ocrx_word' id='word_1_70' title='bbox 490 794 560 857; x_wconf 86' lang='lat' dir='ltr'>Cujus</span> <span class='ocrx_word' id='word_1_71' title='bbox 573 795 665 858; x_wconf 86' lang='lat' dir='ltr'>quidem</span> <span class='ocrx_word' id='word_1_72' title='bbox 682 795 775 847; x_wconf 82' lang='lat' dir='ltr'>uirtutis</span> <span class='ocrx_word' id='word_1_73' title='bbox 788 810 827 847; x_wconf 80' lang='lat' dir='ltr'>re·</span> 
     </span>
     <span class='ocr_line' id='line_1_10' title="bbox 35 864 830 931; baseline 0.005 -18"><span class='ocrx_word' id='word_1_74' title='bbox 35 866 113 917; x_wconf 83' lang='lat' dir='ltr'>ionem</span> <span class='ocrx_word' id='word_1_75' title='bbox 128 864 221 931; x_wconf 85' lang='lat' dir='ltr'>quidem</span> <span class='ocrx_word' id='word_1_76' title='bbox 232 864 345 930; x_wconf 84' lang='lat' dir='ltr'>accipiunt</span> <span class='ocrx_word' id='word_1_77' title='bbox 361 878 390 915; x_wconf 85' lang='lat' dir='ltr'>ex</span> <span class='ocrx_word' id='word_1_78' title='bbox 404 868 485 915; x_wconf 81' lang='lat' dir='ltr'>natura</span> <span class='ocrx_word' id='word_1_79' title='bbox 497 866 584 929; x_wconf 77' lang='lat' dir='ltr'>quinte</span> <span class='ocrx_word' id='word_1_80' title='bbox 594 866 716 928; x_wconf 78' lang='lat' dir='ltr'>essentie,</span> <span class='ocrx_word' id='word_1_81' title='bbox 730 881 783 931; x_wconf 74' lang='lat' dir='ltr'>que</span> <span class='ocrx_word' id='word_1_82' title='bbox 794 871 830 917; x_wconf 88' lang='lat' dir='ltr'>cst</span> 
     </span>
     <span class='ocr_line' id='line_1_11' title="bbox 35 936 829 1001; baseline 0.004 -16"><span class='ocrx_word' id='word_1_83' title='bbox 35 952 79 998; x_wconf 77' lang='grc' dir='ltr'>ιιι,</span> <span class='ocrx_word' id='word_1_84' title='bbox 94 941 121 988; x_wconf 88' lang='lat' dir='ltr'>ut</span> <span class='ocrx_word' id='word_1_85' title='bbox 139 936 232 999; x_wconf 81' lang='lat' dir='ltr'>dicum,</span> <span class='ocrx_word' id='word_1_86' title='bbox 251 950 320 999; x_wconf 79' lang='lat' dir='ltr'>quum</span> <span class='ocrx_word' id='word_1_87' title='bbox 340 940 430 1001; x_wconf 87' lang='lat' dir='ltr'>ponunt</span> <span class='ocrx_word' id='word_1_88' title='bbox 445 949 497 987; x_wconf 84' lang='lat' dir='ltr'>esse</span> <span class='ocrx_word' id='word_1_89' title='bbox 510 938 539 987; x_wconf 87' lang='lat' dir='ltr'>de</span> <span class='ocrx_word' id='word_1_90' title='bbox 550 938 715 1001; x_wconf 85' lang='lat' dir='ltr'>compositione</span> <span class='ocrx_word' id='word_1_91' title='bbox 734 938 829 988; x_wconf 79' lang='lat' dir='ltr'>inmuni</span> 
     </span>
     <span class='ocr_line' id='line_1_12' title="bbox 35 1007 827 1073; baseline 0.003 -16"><span class='ocrx_word' id='word_1_92' title='bbox 35 1009 140 1073; x_wconf 83' lang='lat' dir='ltr'>mrpuris,</span> <span class='ocrx_word' id='word_1_93' title='bbox 153 1011 176 1059; x_wconf 86' lang='lat' dir='ltr'>et</span> <span class='ocrx_word' id='word_1_94' title='bbox 188 1020 230 1071; x_wconf 85' lang='lat' dir='ltr'>per</span> <span class='ocrx_word' id='word_1_95' title='bbox 245 1021 295 1059; x_wconf 88' lang='lat' dir='ltr'>cero</span> <span class='ocrx_word' id='word_1_96' title='bbox 314 1007 428 1059; x_wconf 84' lang='lat' dir='ltr'>elementa</span> <span class='ocrx_word' id='word_1_97' title='bbox 442 1008 555 1059; x_wconf 83' lang='lat' dir='ltr'>contrarie</span> <span class='ocrx_word' id='word_1_98' title='bbox 576 1008 691 1059; x_wconf 80' lang='lat' dir='ltr'>conciliari</span> <span class='ocrx_word' id='word_1_99' title='bbox 704 1008 733 1059; x_wconf 82' lang='lat' dir='ltr'>od</span> <span class='ocrx_word' id='word_1_100' title='bbox 745 1022 827 1072; x_wconf 83' lang='lat' dir='ltr'>unum3</span> 
     </span>
     <span class='ocr_line' id='line_1_13' title="bbox 38 1078 830 1144; baseline 0.003 -15"><span class='ocrx_word' id='word_1_101' title='bbox 38 1084 56 1130; x_wconf 86' lang='lat' dir='ltr'>tu</span> <span class='ocrx_word' id='word_1_102' title='bbox 68 1080 132 1144; x_wconf 80' lang='lat' dir='ltr'>quod</span> <span class='ocrx_word' id='word_1_103' title='bbox 142 1080 168 1129; x_wconf 90' lang='lat' dir='ltr'>in</span> <span class='ocrx_word' id='word_1_104' title='bbox 181 1082 242 1129; x_wconf 81' lang='lat' dir='ltr'>stetu</span> <span class='ocrx_word' id='word_1_105' title='bbox 257 1079 325 1143; x_wconf 84' lang='lat' dir='ltr'>hujus</span> <span class='ocrx_word' id='word_1_106' title='bbox 337 1078 483 1129; x_wconf 73' lang='lat' dir='ltr'>mortalitatis</span> <span class='ocrx_word' id='word_1_107' title='bbox 496 1084 578 1129; x_wconf 84' lang='lat' dir='ltr'>netum</span> <span class='ocrx_word' id='word_1_108' title='bbox 586 1079 732 1131; x_wconf 79' lang='lat' dir='ltr'>elementaris</span> <span class='ocrx_word' id='word_1_109' title='bbox 745 1080 771 1129; x_wconf 90' lang='lat' dir='ltr'>in</span> <span class='ocrx_word' id='word_1_110' title='bbox 780 1093 830 1131; x_wconf 88' lang='lat' dir='ltr'>cor·</span> 
     </span>
     <span class='ocr_line' id='line_1_14' title="bbox 35 1150 829 1204; baseline 0.004 -3"><span class='ocrx_word' id='word_1_111' title='bbox 35 1154 119 1202; x_wconf 77' lang='lat' dir='ltr'>roribus</span> <span class='ocrx_word' id='word_1_112' title='bbox 134 1150 241 1201; x_wconf 83' lang='lat' dir='ltr'>humenis</span> <span class='ocrx_word' id='word_1_113' title='bbox 260 1150 397 1203; x_wconf 80' lang='lat' dir='ltr'>dominetur.</span> <span class='ocrx_word' id='word_1_114' title='bbox 413 1152 443 1201; x_wconf 82' lang='lat' dir='ltr'>Et</span> <span class='ocrx_word' id='word_1_115' title='bbox 459 1150 512 1201; x_wconf 88' lang='lat' dir='ltr'>idco</span> <span class='ocrx_word' id='word_1_116' title='bbox 526 1151 650 1203; x_wconf 78' lang='lat' dir='ltr'>secundini</span> <span class='ocrx_word' id='word_1_117' title='bbox 664 1157 770 1203; x_wconf 84' lang='lat' dir='ltr'>naturum</span> <span class='ocrx_word' id='word_1_118' title='bbox 781 1153 829 1204; x_wconf 83' lang='lat' dir='ltr'>oic-</span> 
     </span>
     <span class='ocr_line' id='line_1_15' title="bbox 35 1222 830 1289; baseline 0.001 -17"><span class='ocrx_word' id='word_1_119' title='bbox 35 1224 98 1275; x_wconf 86' lang='lat' dir='ltr'>nenti</span> <span class='ocrx_word' id='word_1_120' title='bbox 107 1222 310 1289; x_wconf 66' lang='lat' dir='ltr'>pedemmontis,</span> <span class='ocrx_word' id='word_1_121' title='bbox 325 1236 408 1286; x_wconf 90' lang='lat' dir='ltr'>corpus</span> <span class='ocrx_word' id='word_1_122' title='bbox 419 1224 546 1273; x_wconf 80' lang='lat' dir='ltr'>humanum</span> <span class='ocrx_word' id='word_1_123' title='bbox 559 1222 657 1272; x_wconf 75' lang='lat' dir='ltr'>neturdi</span> <span class='ocrx_word' id='word_1_124' title='bbox 669 1222 755 1274; x_wconf 83' lang='lat' dir='ltr'>virtute</span> <span class='ocrx_word' id='word_1_125' title='bbox 764 1223 830 1275; x_wconf 86' lang='lat' dir='ltr'>deor·</span> 
     </span>
     <span class='ocr_line' id='line_1_16' title="bbox 35 1293 830 1357; baseline 0.004 -14"><span class='ocrx_word' id='word_1_126' title='bbox 35 1310 75 1344; x_wconf 72' lang='lat' dir='ltr'>rum</span> <span class='ocrx_word' id='word_1_127' title='bbox 100 1297 181 1346; x_wconf 82' lang='lat' dir='ltr'>fertur.</span> <span class='ocrx_word' id='word_1_128' title='bbox 202 1294 228 1343; x_wconf 86' lang='lat' dir='ltr'>In</span> <span class='ocrx_word' id='word_1_129' title='bbox 249 1297 311 1344; x_wconf 85' lang='lat' dir='ltr'>stetu</span> <span class='ocrx_word' id='word_1_130' title='bbox 334 1298 408 1344; x_wconf 86' lang='lat' dir='ltr'>eutem</span> <span class='ocrx_word' id='word_1_131' title='bbox 429 1293 507 1357; x_wconf 77' lang='lat' dir='ltr'>glorie</span> <span class='ocrx_word' id='word_1_132' title='bbox 526 1293 726 1357; x_wconf 79' lang='lat' dir='ltr'>predomincbitur</span> <span class='ocrx_word' id='word_1_133' title='bbox 748 1298 830 1346; x_wconf 84' lang='lat' dir='ltr'>nutura</span> 
     </span>
     <span class='ocr_line' id='line_1_17' title="bbox 35 1363 830 1429; baseline 0.004 -15"><span class='ocrx_word' id='word_1_134' title='bbox 35 1368 137 1429; x_wconf 64' lang='lat' dir='ltr'>:celestis</span> <span class='ocrx_word' id='word_1_135' title='bbox 152 1380 196 1429; x_wconf 90' lang='lat' dir='ltr'>per</span> <span class='ocrx_word' id='word_1_136' title='bbox 205 1365 271 1429; x_wconf 89' lang='lat' dir='ltr'>cujus</span> <span class='ocrx_word' id='word_1_137' title='bbox 280 1363 449 1416; x_wconf 74' lang='lat' dir='ltr'>inclinationem</span> <span class='ocrx_word' id='word_1_138' title='bbox 461 1369 485 1415; x_wconf 88' lang='lat' dir='ltr'>ct</span> <span class='ocrx_word' id='word_1_139' title='bbox 498 1364 604 1416; x_wconf 86' lang='lat' dir='ltr'>virtutem</span> <span class='ocrx_word' id='word_1_140' title='bbox 615 1379 698 1429; x_wconf 90' lang='lat' dir='ltr'>corpus</span> <span class='ocrx_word' id='word_1_141' title='bbox 713 1366 796 1417; x_wconf 82' lang='lat' dir='ltr'>Christi</span> <span class='ocrx_word' id='word_1_142' title='bbox 805 1369 830 1417; x_wconf 87' lang='lat' dir='ltr'>et</span> 
     </span>
     <span class='ocr_line' id='line_1_18' title="bbox 35 1436 830 1502; baseline 0.004 -16"><span class='ocrx_word' id='word_1_143' title='bbox 35 1438 69 1487; x_wconf 78' lang='lat' dir='ltr'>itia</span> <span class='ocrx_word' id='word_1_144' title='bbox 81 1441 211 1489; x_wconf 81' lang='lat' dir='ltr'>sanctornm</span> <span class='ocrx_word' id='word_1_145' title='bbox 224 1448 319 1501; x_wconf 79' lang='lat' dir='ltr'>corpure</span> <span class='ocrx_word' id='word_1_146' title='bbox 332 1436 468 1486; x_wconf 87' lang='lat' dir='ltr'>feruntorin</span> <span class='ocrx_word' id='word_1_147' title='bbox 476 1437 567 1487; x_wconf 87' lang='lat' dir='ltr'>ooelum.</span> <span class='ocrx_word' id='word_1_148' title='bbox 579 1436 660 1488; x_wconf 85' lang='lat' dir='ltr'>Ssdde</span> <span class='ocrx_word' id='word_1_149' title='bbox 669 1438 830 1502; x_wconf 83' lang='lat' dir='ltr'>hccopinionc</span> 
     </span>
     <span class='ocr_line' id='line_1_19' title="bbox 35 1507 829 1573; baseline 0.003 -15"><span class='ocrx_word' id='word_1_150' title='bbox 35 1513 50 1559; x_wconf 72' lang='lat' dir='ltr'>it</span> <span class='ocrx_word' id='word_1_151' title='bbox 63 1510 89 1558; x_wconf 89' lang='lat' dir='ltr'>iu</span> <span class='ocrx_word' id='word_1_152' title='bbox 103 1510 123 1559; x_wconf 84' lang='lat'>1.</span> <span class='ocrx_word' id='word_1_153' title='bbox 137 1512 202 1573; x_wconf 84' lang='lat' dir='ltr'>parte</span> <span class='ocrx_word' id='word_1_154' title='bbox 214 1507 315 1558; x_wconf 80' lang='lat' dir='ltr'>habitum</span> <span class='ocrx_word' id='word_1_155' title='bbox 329 1512 363 1558; x_wconf 87' lang='lat' dir='ltr'>cst</span> <span class='ocrx_word' id='word_1_156' title='bbox 375 1507 420 1571; x_wconf 87' lang='lat'>(1),</span> <span class='ocrx_word' id='word_1_157' title='bbox 437 1507 497 1557; x_wconf 79' lang='lat' dir='ltr'>irrfrd</span> <span class='ocrx_word' id='word_1_158' title='bbox 515 1508 682 1572; x_wconf 79' lang='lat' dir='ltr'>mogisagctnr</span> <span class='ocrx_word' id='word_1_159' title='bbox 694 1508 829 1560; x_wconf 79' lang='lat' dir='ltr'>intractato</span> 
     </span>
     <span class='ocr_line' id='line_1_20' title="bbox 35 1578 824 1645; baseline 0 -16"><span class='ocrx_word' id='word_1_160' title='bbox 35 1582 54 1630; x_wconf 83' lang='lat' dir='ltr'>te</span> <span class='ocrx_word' id='word_1_161' title='bbox 66 1580 234 1631; x_wconf 87' lang='lat' dir='ltr'>resurrectione</span> <span class='ocrx_word' id='word_1_162' title='bbox 245 1578 370 1631; x_wconf 89' lang='lat' dir='ltr'>communi.</span> <span class='ocrx_word' id='word_1_163' title='bbox 389 1579 436 1628; x_wconf 83' lang='lat' dir='ltr'>Hac</span> <span class='ocrx_word' id='word_1_164' title='bbox 449 1582 526 1629; x_wconf 86' lang='lat' dir='ltr'>cutem</span> <span class='ocrx_word' id='word_1_165' title='bbox 540 1579 650 1643; x_wconf 89' lang='lat' dir='ltr'>opinione</span> <span class='ocrx_word' id='word_1_166' title='bbox 660 1580 824 1645; x_wconf 77' lang='lat' dir='ltr'>pretermisso,</span> 
     </span>
     <span class='ocr_line' id='line_1_21' title="bbox 35 1649 829 1715; baseline 0.004 -16"><span class='ocrx_word' id='word_1_167' title='bbox 35 1651 63 1700; x_wconf 87' lang='lat' dir='ltr'>dii</span> <span class='ocrx_word' id='word_1_168' title='bbox 75 1653 195 1715; x_wconf 79' lang='lat' dir='ltr'>assignent</span> <span class='ocrx_word' id='word_1_169' title='bbox 205 1650 316 1701; x_wconf 82' lang='lat' dir='ltr'>rationem</span> <span class='ocrx_word' id='word_1_170' title='bbox 330 1650 446 1714; x_wconf 75' lang='lat' dir='ltr'>predicte</span> <span class='ocrx_word' id='word_1_171' title='bbox 460 1649 553 1700; x_wconf 86' lang='lat' dir='ltr'>uirtutis</span> <span class='ocrx_word' id='word_1_172' title='bbox 565 1664 596 1699; x_wconf 82' lang='lat' dir='ltr'>ex</span> <span class='ocrx_word' id='word_1_173' title='bbox 608 1654 673 1715; x_wconf 84' lang='lat' dir='ltr'>perte</span> <span class='ocrx_word' id='word_1_174' title='bbox 682 1650 764 1701; x_wconf 74' lang='lat' dir='ltr'>enimn</span> <span class='ocrx_word' id='word_1_175' title='bbox 781 1652 829 1715; x_wconf 74' lang='lat' dir='ltr'>pto-</span> 
     </span>
     <span class='ocr_line' id='line_1_22' title="bbox 35 1720 829 1787; baseline -0.001 -15"><span class='ocrx_word' id='word_1_176' title='bbox 35 1724 131 1786; x_wconf 74' lang='lat' dir='ltr'>iticatce,</span> <span class='ocrx_word' id='word_1_177' title='bbox 143 1722 250 1787; x_wconf 71' lang='lat' dir='ltr'>cmoojus</span> <span class='ocrx_word' id='word_1_178' title='bbox 263 1720 412 1773; x_wconf 74' lang='lat' dir='ltr'>redundantia</span> <span class='ocrx_word' id='word_1_179' title='bbox 426 1721 587 1783; x_wconf 78' lang='lat' dir='ltr'>glorificabitur</span> <span class='ocrx_word' id='word_1_180' title='bbox 597 1735 693 1784; x_wconf 84' lang='lat' dir='ltr'>corpus,</span> <span class='ocrx_word' id='word_1_181' title='bbox 704 1725 730 1771; x_wconf 88' lang='lat' dir='ltr'>ut</span> <span class='ocrx_word' id='word_1_182' title='bbox 740 1725 829 1785; x_wconf 71' lang='lat' dir='ltr'>Augus</span> 
     </span>
     <span class='ocr_line' id='line_1_23' title="bbox 35 1792 829 1857; baseline 0.003 -13"><span class='ocrx_word' id='word_1_183' title='bbox 35 1796 87 1845; x_wconf 89' lang='lat' dir='ltr'>inus</span> <span class='ocrx_word' id='word_1_184' title='bbox 100 1795 158 1845; x_wconf 90' lang='lat' dir='ltr'>dicit</span> <span class='ocrx_word' id='word_1_185' title='bbox 171 1794 207 1843; x_wconf 87' lang='lat' dir='ltr'>od</span> <span class='ocrx_word' id='word_1_186' title='bbox 223 1796 371 1844; x_wconf 81' lang='lat' dir='ltr'>Dr&#39;oscouum</span> <span class='ocrx_word' id='word_1_187' title='bbox 383 1792 470 1857; x_wconf 69' lang='lat' dir='ltr'>(Epist.</span> <span class='ocrx_word' id='word_1_188' title='bbox 486 1793 552 1848; x_wconf 80' lang='lat' dir='ltr'><strong>LVI).</strong></span> <span class='ocrx_word' id='word_1_189' title='bbox 564 1794 614 1843; x_wconf 83' lang='lat' dir='ltr'>Erit</span> <span class='ocrx_word' id='word_1_190' title='bbox 627 1792 689 1844; x_wconf 88' lang='lat' dir='ltr'>enim</span> <span class='ocrx_word' id='word_1_191' title='bbox 701 1798 765 1844; x_wconf 79' lang='lat' dir='ltr'>tento</span> <span class='ocrx_word' id='word_1_192' title='bbox 774 1794 829 1846; x_wconf 85' lang='lat' dir='ltr'>obe·</span> 
     </span>
     <span class='ocr_line' id='line_1_24' title="bbox 35 1864 828 1931; baseline -0.003 -14"><span class='ocrx_word' id='word_1_193' title='bbox 35 1866 113 1917; x_wconf 84' lang='lat' dir='ltr'>tientiu</span> <span class='ocrx_word' id='word_1_194' title='bbox 122 1866 224 1931; x_wconf 89' lang='lat' dir='ltr'>corporis</span> <span class='ocrx_word' id='word_1_195' title='bbox 235 1866 327 1929; x_wconf 80' lang='lat' dir='ltr'>gloriosi</span> <span class='ocrx_word' id='word_1_196' title='bbox 336 1866 363 1915; x_wconf 86' lang='lat' dir='ltr'>ed</span> <span class='ocrx_word' id='word_1_197' title='bbox 372 1865 472 1915; x_wconf 82' lang='lat' dir='ltr'>enimam</span> <span class='ocrx_word' id='word_1_198' title='bbox 481 1865 614 1928; x_wconf 73' lang='lat' dir='ltr'>beommut</span> <span class='ocrx_word' id='word_1_199' title='bbox 621 1865 680 1916; x_wconf 89' lang='lat' dir='ltr'>sicut</span> <span class='ocrx_word' id='word_1_200' title='bbox 688 1864 828 1928; x_wconf 77' lang='lat' dir='ltr'>Augustinus</span> 
     </span>
     <span class='ocr_line' id='line_1_25' title="bbox 35 1935 829 2001; baseline 0 -16"><span class='ocrx_word' id='word_1_201' title='bbox 35 1939 81 1988; x_wconf 88' lang='lat' dir='ltr'>ticit</span> <span class='ocrx_word' id='word_1_202' title='bbox 95 1938 166 1989; x_wconf 84' lang='lat' dir='ltr'>XXIt.</span> <span class='ocrx_word' id='word_1_203' title='bbox 182 1938 220 1987; x_wconf 84' lang='lat' dir='ltr'>De</span> <span class='ocrx_word' id='word_1_204' title='bbox 234 1938 313 1987; x_wconf 83' lang='lat' dir='ltr'>Civit.</span> <span class='ocrx_word' id='word_1_205' title='bbox 324 1937 373 1985; x_wconf 80' lang='lat' dir='ltr'>Dei</span> <span class='ocrx_word' id='word_1_206' title='bbox 385 1936 448 2001; x_wconf 84' lang='lat' dir='ltr'>(cop.</span> <span class='ocrx_word' id='word_1_207' title='bbox 460 1935 523 1999; x_wconf 80' lang='lat' dir='ltr'>ult),</span> <span class='ocrx_word' id='word_1_208' title='bbox 541 1936 673 1989; x_wconf 80' lang='lat' dir='ltr'>unbirolct</span> <span class='ocrx_word' id='word_1_209' title='bbox 682 1936 785 2001; x_wconf 86' lang='lat' dir='ltr'>spiritus,</span> <span class='ocrx_word' id='word_1_210' title='bbox 795 1936 829 1987; x_wconf 86' lang='lat' dir='ltr'>ibi</span> 
     </span>
     <span class='ocr_line' id='line_1_26' title="bbox 35 2005 829 2073; baseline -0.003 -15"><span class='ocrx_word' id='word_1_211' title='bbox 35 2009 129 2059; x_wconf 72' lang='lat' dir='ltr'>»rotinus</span> <span class='ocrx_word' id='word_1_212' title='bbox 143 2007 186 2058; x_wconf 87' lang='lat' dir='ltr'>erit</span> <span class='ocrx_word' id='word_1_213' title='bbox 203 2021 296 2073; x_wconf 88' lang='lat' dir='ltr'>corpus,</span> <span class='ocrx_word' id='word_1_214' title='bbox 311 2020 354 2057; x_wconf 85' lang='lat' dir='ltr'>noc</span> <span class='ocrx_word' id='word_1_215' title='bbox 365 2008 427 2058; x_wconf 85' lang='lat' dir='ltr'>uolet</span> <span class='ocrx_word' id='word_1_216' title='bbox 438 2005 521 2071; x_wconf 79' lang='lat' dir='ltr'>aliquid</span> <span class='ocrx_word' id='word_1_217' title='bbox 536 2006 639 2071; x_wconf 89' lang='lat' dir='ltr'>spiritns,</span> <span class='ocrx_word' id='word_1_218' title='bbox 652 2007 713 2071; x_wconf 85' lang='lat' dir='ltr'>qnod</span> <span class='ocrx_word' id='word_1_219' title='bbox 725 2020 768 2057; x_wconf 88' lang='lat' dir='ltr'>nec</span> <span class='ocrx_word' id='word_1_220' title='bbox 781 2006 829 2071; x_wconf 91' lang='lat' dir='ltr'>spi·</span> 
     </span>
     <span class='ocr_line' id='line_1_27' title="bbox 36 2078 827 2146; baseline -0.003 -15"><span class='ocrx_word' id='word_1_221' title='bbox 36 2084 93 2131; x_wconf 90' lang='lat' dir='ltr'>itum</span> <span class='ocrx_word' id='word_1_222' title='bbox 113 2081 187 2146; x_wconf 89' lang='lat' dir='ltr'>possit</span> <span class='ocrx_word' id='word_1_223' title='bbox 200 2081 289 2141; x_wconf 85' lang='lat' dir='ltr'>decere,</span> <span class='ocrx_word' id='word_1_224' title='bbox 304 2092 348 2131; x_wconf 90' lang='lat' dir='ltr'>nec</span> <span class='ocrx_word' id='word_1_225' title='bbox 362 2092 453 2144; x_wconf 83' lang='lat' dir='ltr'>corpus.</span> <span class='ocrx_word' id='word_1_226' title='bbox 467 2094 482 2125; x_wconf 92' lang='lat'>»</span> <span class='ocrx_word' id='word_1_227' title='bbox 501 2078 571 2129; x_wconf 83' lang='lat' dir='ltr'>Decet</span> <span class='ocrx_word' id='word_1_228' title='bbox 583 2082 658 2129; x_wconf 72' lang='lat' dir='ltr'>numm</span> <span class='ocrx_word' id='word_1_229' title='bbox 674 2090 757 2142; x_wconf 89' lang='lat' dir='ltr'>corpus</span> <span class='ocrx_word' id='word_1_230' title='bbox 775 2078 827 2142; x_wconf 73' lang='lat' dir='ltr'>pto-</span> 
     </span>
     <span class='ocr_line' id='line_1_28' title="bbox 36 2148 865 2211; baseline 0 -9"><span class='ocrx_word' id='word_1_231' title='bbox 36 2154 110 2203; x_wconf 87' lang='lat' dir='ltr'>iosum</span> <span class='ocrx_word' id='word_1_232' title='bbox 126 2155 150 2202; x_wconf 85' lang='lat' dir='ltr'>ct</span> <span class='ocrx_word' id='word_1_233' title='bbox 166 2152 294 2202; x_wconf 80' lang='lat' dir='ltr'>immortale</span> <span class='ocrx_word' id='word_1_234' title='bbox 312 2158 366 2201; x_wconf 84' lang='lat' dir='ltr'>&#39;esse</span> <span class='ocrx_word' id='word_1_235' title='bbox 384 2150 409 2199; x_wconf 89' lang='lat' dir='ltr'>in</span> <span class='ocrx_word' id='word_1_236' title='bbox 422 2148 473 2201; x_wconf 92' lang='lat' dir='ltr'>loco</span> <span class='ocrx_word' id='word_1_237' title='bbox 493 2150 595 2210; x_wconf 71' lang='lat' dir='ltr'>celest,</span> <span class='ocrx_word' id='word_1_238' title='bbox 611 2150 670 2201; x_wconf 79' lang='lat' dir='ltr'>sium</span> <span class='ocrx_word' id='word_1_239' title='bbox 684 2150 771 2200; x_wconf 85' lang='lat' dir='ltr'>dictum</span> <span class='ocrx_word' id='word_1_240' title='bbox 791 2154 827 2202; x_wconf 88' lang='lat' dir='ltr'>cst</span> <span class='ocrx_word' id='word_1_241' title='bbox 862 2204 865 2211; x_wconf 76' lang='grc'><em>,</em></span> 
     </span>
     <span class='ocr_line' id='line_1_29' title="bbox 41 2220 827 2290; baseline 0.001 -16"><span class='ocrx_word' id='word_1_242' title='bbox 41 2229 85 2274; x_wconf 84' lang='lat' dir='ltr'>ort.</span> <span class='ocrx_word' id='word_1_243' title='bbox 101 2224 143 2290; x_wconf 81' lang='lat' dir='ltr'>t).</span> <span class='ocrx_word' id='word_1_244' title='bbox 161 2224 191 2273; x_wconf 82' lang='lat' dir='ltr'>nt</span> <span class='ocrx_word' id='word_1_245' title='bbox 206 2223 257 2275; x_wconf 87' lang='lat' dir='ltr'>ideo</span> <span class='ocrx_word' id='word_1_246' title='bbox 272 2235 302 2273; x_wconf 84' lang='lat' dir='ltr'>ux</span> <span class='ocrx_word' id='word_1_247' title='bbox 319 2222 404 2273; x_wconf 87' lang='lat' dir='ltr'>uirtute</span> <span class='ocrx_word' id='word_1_248' title='bbox 424 2222 507 2273; x_wconf 80' lang='lat' dir='ltr'>enimn</span> <span class='ocrx_word' id='word_1_249' title='bbox 527 2220 626 2273; x_wconf 82' lang='lat' dir='ltr'>uolentis</span> <span class='ocrx_word' id='word_1_250' title='bbox 639 2236 722 2287; x_wconf 89' lang='lat' dir='ltr'>corpus</span> <span class='ocrx_word' id='word_1_251' title='bbox 740 2223 827 2275; x_wconf 86' lang='lat' dir='ltr'>Christi</span> 
     </span>
     <span class='ocr_line' id='line_1_30' title="bbox 35 2292 828 2359; baseline 0.003 -15"><span class='ocrx_word' id='word_1_252' title='bbox 35 2296 129 2347; x_wconf 63' lang='lat' dir='ltr'>,scandit</span> <span class='ocrx_word' id='word_1_253' title='bbox 143 2296 167 2346; x_wconf 90' lang='lat' dir='ltr'>in</span> <span class='ocrx_word' id='word_1_254' title='bbox 178 2296 268 2345; x_wconf 82' lang='lat' dir='ltr'>crolum.</span> <span class='ocrx_word' id='word_1_255' title='bbox 279 2294 342 2345; x_wconf 81' lang='lat' dir='ltr'>Sicut</span> <span class='ocrx_word' id='word_1_256' title='bbox 355 2296 430 2345; x_wconf 85' lang='lat' dir='ltr'>autom</span> <span class='ocrx_word' id='word_1_257' title='bbox 445 2306 527 2358; x_wconf 89' lang='lat' dir='ltr'>corpus</span> <span class='ocrx_word' id='word_1_258' title='bbox 534 2292 632 2344; x_wconf 84' lang='lat' dir='ltr'>efficitur</span> <span class='ocrx_word' id='word_1_259' title='bbox 645 2296 768 2359; x_wconf 77' lang='lat' dir='ltr'>gloriosum</span> <span class='ocrx_word' id='word_1_260' title='bbox 776 2308 828 2359; x_wconf 83' lang='lat' dir='ltr'>pur-</span> 
     </span>
     <span class='ocr_line' id='line_1_31' title="bbox 35 2365 829 2432; baseline -0.004 -15"><span class='ocrx_word' id='word_1_261' title='bbox 35 2367 156 2432; x_wconf 85' lang='lat' dir='ltr'>icipetione</span> <span class='ocrx_word' id='word_1_262' title='bbox 165 2367 256 2429; x_wconf 83' lang='lat' dir='ltr'>anime,</span> <span class='ocrx_word' id='word_1_263' title='bbox 268 2366 309 2426; x_wconf 80' lang='lat' dir='ltr'>itu,</span> <span class='ocrx_word' id='word_1_264' title='bbox 320 2369 346 2415; x_wconf 87' lang='lat' dir='ltr'>ut</span> <span class='ocrx_word' id='word_1_265' title='bbox 357 2365 498 2429; x_wconf 74' lang='lat' dir='ltr'>Augustinus</span> <span class='ocrx_word' id='word_1_266' title='bbox 507 2365 562 2417; x_wconf 86' lang='lat' dir='ltr'>dicit</span> <span class='ocrx_word' id='word_1_267' title='bbox 571 2380 649 2431; x_wconf 79' lang='lat' dir='ltr'>snper</span> <span class='ocrx_word' id='word_1_268' title='bbox 656 2368 740 2423; x_wconf 73' lang='lat' dir='ltr'>locu„</span> <span class='ocrx_word' id='word_1_269' title='bbox 753 2380 829 2431; x_wconf 76' lang='lat' dir='ltr'>opar-</span> 
     </span>
     <span class='ocr_line' id='line_1_32' title="bbox 35 2437 829 2505; baseline 0.003 -16"><span class='ocrx_word' id='word_1_270' title='bbox 35 2440 158 2505; x_wconf 83' lang='lat' dir='ltr'>iuipctione</span> <span class='ocrx_word' id='word_1_271' title='bbox 178 2439 218 2489; x_wconf 82' lang='lat' dir='ltr'>Dei</span> <span class='ocrx_word' id='word_1_272' title='bbox 234 2439 260 2489; x_wconf 86' lang='lat' dir='ltr'>fit</span> <span class='ocrx_word' id='word_1_273' title='bbox 278 2439 355 2489; x_wconf 82' lang='lat' dir='ltr'>anime</span> <span class='ocrx_word' id='word_1_274' title='bbox 370 2438 444 2489; x_wconf 82' lang='lat' dir='ltr'>beatu.</span> <span class='ocrx_word' id='word_1_275' title='bbox 460 2452 474 2484; x_wconf 85' lang='lat' dir='ltr'>u</span> <span class='ocrx_word' id='word_1_276' title='bbox 492 2437 557 2488; x_wconf 87' lang='lat' dir='ltr'>Unde</span> <span class='ocrx_word' id='word_1_277' title='bbox 574 2437 648 2503; x_wconf 85' lang='lat' dir='ltr'>primu</span> <span class='ocrx_word' id='word_1_278' title='bbox 660 2438 725 2502; x_wconf 77' lang='lat' dir='ltr'>origo</span> <span class='ocrx_word' id='word_1_279' title='bbox 744 2451 829 2491; x_wconf 76' lang='lat' dir='ltr'>moun·</span> 
     </span>
     <span class='ocr_line' id='line_1_33' title="bbox 36 2507 829 2571; baseline -0.001 -10"><span class='ocrx_word' id='word_1_280' title='bbox 36 2512 99 2561; x_wconf 88' lang='lat' dir='ltr'>ionis</span> <span class='ocrx_word' id='word_1_281' title='bbox 112 2512 137 2561; x_wconf 90' lang='lat' dir='ltr'>in</span> <span class='ocrx_word' id='word_1_282' title='bbox 150 2510 232 2561; x_wconf 72' lang='lat' dir='ltr'>coelum</span> <span class='ocrx_word' id='word_1_283' title='bbox 246 2513 282 2559; x_wconf 88' lang='lat' dir='ltr'>est</span> <span class='ocrx_word' id='word_1_284' title='bbox 291 2509 364 2561; x_wconf 76' lang='lat' dir='ltr'>mutus</span> <span class='ocrx_word' id='word_1_285' title='bbox 375 2508 462 2559; x_wconf 85' lang='lat' dir='ltr'>divina.</span> <span class='ocrx_word' id='word_1_286' title='bbox 478 2507 516 2557; x_wconf 86' lang='lat' dir='ltr'>Sic</span> <span class='ocrx_word' id='word_1_287' title='bbox 530 2508 599 2571; x_wconf 76' lang='lat' dir='ltr'>igitur</span> <span class='ocrx_word' id='word_1_288' title='bbox 610 2509 717 2559; x_wconf 80' lang='lat' dir='ltr'>Christum</span> <span class='ocrx_word' id='word_1_289' title='bbox 726 2510 829 2561; x_wconf 81' lang='lat' dir='ltr'>escendit</span> 
     </span>
     <span class='ocr_line' id='line_1_34' title="bbox 35 2578 828 2645; baseline 0 -12"><span class='ocrx_word' id='word_1_290' title='bbox 35 2599 47 2633; x_wconf 90' lang='lat' dir='ltr'>n</span> <span class='ocrx_word' id='word_1_291' title='bbox 63 2584 147 2633; x_wconf 85' lang='lat' dir='ltr'>coelum</span> <span class='ocrx_word' id='word_1_292' title='bbox 165 2581 256 2645; x_wconf 85' lang='lat' dir='ltr'>proprie</span> <span class='ocrx_word' id='word_1_293' title='bbox 269 2580 368 2644; x_wconf 84' lang='lat' dir='ltr'>virtute,</span> <span class='ocrx_word' id='word_1_294' title='bbox 381 2580 455 2645; x_wconf 85' lang='lat' dir='ltr'>primo</span> <span class='ocrx_word' id='word_1_295' title='bbox 471 2578 566 2643; x_wconf 88' lang='lat' dir='ltr'>quidem</span> <span class='ocrx_word' id='word_1_296' title='bbox 579 2579 663 2630; x_wconf 84' lang='lat' dir='ltr'>uirtute</span> <span class='ocrx_word' id='word_1_297' title='bbox 676 2579 770 2644; x_wconf 86' lang='lat' dir='ltr'>diuina,</span> <span class='ocrx_word' id='word_1_298' title='bbox 789 2595 828 2633; x_wconf 88' lang='lat' dir='ltr'>sc-</span> 
     </span>
    </p>
   </div>
   <div class='ocr_carea' id='block_1_4' title="bbox 35 2688 828 2991">
    <p class='ocr_par' dir='ltr' id='par_1_4' title="bbox 35 2688 828 2991">
     <span class='ocr_line' id='line_1_35' title="bbox 56 2688 828 2752; baseline 0 -15"><span class='ocrx_word' id='word_1_299' title='bbox 56 2690 90 2752; x_wconf 80' lang='grc'>(1)</span> <span class='ocrx_word' id='word_1_300' title='bbox 104 2691 218 2738; x_wconf 86' lang='lat' dir='ltr'>Nimirum</span> <span class='ocrx_word' id='word_1_301' title='bbox 231 2702 271 2747; x_wconf 84' lang='lat' dir='ltr'>qu.</span> <span class='ocrx_word' id='word_1_302' title='bbox 281 2688 321 2749; x_wconf 79' lang='grc'>76,</span> <span class='ocrx_word' id='word_1_303' title='bbox 331 2696 375 2737; x_wconf 85' lang='lat' dir='ltr'>ert.</span> <span class='ocrx_word' id='word_1_304' title='bbox 386 2688 411 2748; x_wconf 83' lang='grc'>’1,</span> <span class='ocrx_word' id='word_1_305' title='bbox 422 2689 461 2735; x_wconf 86' lang='lat' dir='ltr'>ubi</span> <span class='ocrx_word' id='word_1_306' title='bbox 476 2690 587 2747; x_wconf 75' lang='lat' dir='ltr'>queritur</span> <span class='ocrx_word' id='word_1_307' title='bbox 600 2700 631 2734; x_wconf 81' lang='lat' dir='ltr'>en</span> <span class='ocrx_word' id='word_1_308' title='bbox 640 2690 718 2736; x_wconf 78' lang='lat' dir='ltr'>enimc</span> <span class='ocrx_word' id='word_1_309' title='bbox 733 2693 828 2747; x_wconf 86' lang='lat' dir='ltr'>corpori</span> 
     </span>
     <span class='ocr_line' id='line_1_36' title="bbox 35 2752 827 2811; baseline 0.001 -12"><span class='ocrx_word' id='word_1_310' title='bbox 35 2756 142 2801; x_wconf 79' lang='lat' dir='ltr'>reddunto</span> <span class='ocrx_word' id='word_1_311' title='bbox 157 2754 204 2800; x_wconf 84' lang='lat' dir='ltr'>elio</span> <span class='ocrx_word' id='word_1_312' title='bbox 218 2764 314 2811; x_wconf 82' lang='lat' dir='ltr'>corporo</span> <span class='ocrx_word' id='word_1_313' title='bbox 333 2754 436 2808; x_wconf 63' lang='lat' dir='ltr'>uuinton</span> <span class='ocrx_word' id='word_1_314' title='bbox 454 2753 495 2799; x_wconf 89' lang='lat' dir='ltr'>sod</span> <span class='ocrx_word' id='word_1_315' title='bbox 513 2753 576 2809; x_wconf 86' lang='lat' dir='ltr'>quod</span> <span class='ocrx_word' id='word_1_316' title='bbox 592 2752 680 2798; x_wconf 79' lang='lat' dir='ltr'>indicat</span> <span class='ocrx_word' id='word_1_317' title='bbox 695 2766 721 2799; x_wconf 89' lang='lat' dir='ltr'>sc</span> <span class='ocrx_word' id='word_1_318' title='bbox 735 2754 827 2811; x_wconf 83' lang='lat' dir='ltr'>plenitus</span> 
     </span>
     <span class='ocr_line' id='line_1_37' title="bbox 37 2814 826 2876; baseline -0.004 -12"><span class='ocrx_word' id='word_1_319' title='bbox 37 2826 131 2864; x_wconf 85' lang='lat' dir='ltr'>ctumm</span> <span class='ocrx_word' id='word_1_320' title='bbox 139 2816 200 2862; x_wconf 81' lang='lat' dir='ltr'>intre</span> <span class='ocrx_word' id='word_1_321' title='bbox 210 2850 216 2876; x_wconf 90' lang='lat'>,</span> <span class='ocrx_word' id='word_1_322' title='bbox 228 2822 301 2863; x_wconf 85' lang='lat' dir='ltr'>morte</span> <span class='ocrx_word' id='word_1_323' title='bbox 311 2822 442 2874; x_wconf 71' lang='lat' dir='ltr'>preventus</span> <span class='ocrx_word' id='word_1_324' title='bbox 452 2827 501 2862; x_wconf 89' lang='lat' dir='ltr'>nun</span> <span class='ocrx_word' id='word_1_325' title='bbox 513 2814 738 2873; x_wconf 73' lang='lat' dir='ltr'>impleuitssupptcri</span> <span class='ocrx_word' id='word_1_326' title='bbox 749 2821 826 2861; x_wconf 82' lang='lat' dir='ltr'>cuturn</span> 
     </span>
     <span class='ocr_line' id='line_1_38' title="bbox 38 2878 826 2937; baseline -0.004 -11"><span class='ocrx_word' id='word_1_327' title='bbox 38 2888 102 2927; x_wconf 86' lang='lat' dir='ltr'>otest</span> <span class='ocrx_word' id='word_1_328' title='bbox 118 2890 147 2929; x_wconf 78' lang='lat' dir='ltr'>cx</span> <span class='ocrx_word' id='word_1_329' title='bbox 169 2880 211 2925; x_wconf 87' lang='lat' dir='ltr'>lth.</span> <span class='ocrx_word' id='word_1_330' title='bbox 233 2882 276 2927; x_wconf 81' lang='grc' dir='ltr'>Π.</span> <span class='ocrx_word' id='word_1_331' title='bbox 295 2880 372 2929; x_wconf 76' lang='lat' dir='ltr'>deut..</span> <span class='ocrx_word' id='word_1_332' title='bbox 390 2885 416 2925; x_wconf 90' lang='lat' dir='ltr'>ut</span> <span class='ocrx_word' id='word_1_333' title='bbox 431 2892 472 2937; x_wconf 86' lang='lat' dir='ltr'>qu.</span> <span class='ocrx_word' id='word_1_334' title='bbox 491 2878 522 2924; x_wconf 79' lang='lat'>75</span> <span class='ocrx_word' id='word_1_335' title='bbox 537 2878 696 2936; x_wconf 82' lang='lat' dir='ltr'>snpptcmcnti</span> <span class='ocrx_word' id='word_1_336' title='bbox 713 2884 738 2925; x_wconf 85' lang='lat' dir='ltr'>ct</span> <span class='ocrx_word' id='word_1_337' title='bbox 758 2890 826 2937; x_wconf 80' lang='lat' dir='ltr'>seqq.</span> 
     </span>
     <span class='ocr_line' id='line_1_39' title="bbox 37 2946 508 2991; baseline -0.013 -3"><span class='ocrx_word' id='word_1_338' title='bbox 37 2946 103 2989; x_wconf 83' lang='lat' dir='ltr'>iderc</span> <span class='ocrx_word' id='word_1_339' title='bbox 117 2947 162 2991; x_wconf 78' lang='lat' dir='ltr'>est.</span> <span class='ocrx_word' id='word_1_340' title='bbox 505 2977 508 2982; x_wconf 77' lang='grc'>,</span> 
     </span>
    </p>
   </div>
   <div class='ocr_carea' id='block_1_5' title="bbox 0 0 964 3317">
    <p class='ocr_par' dir='ltr' id='par_1_5' title="bbox 0 0 964 3317">
     <span class='ocr_line' id='line_1_40' title="bbox 0 0 964 3317; baseline 0 0"><span class='ocrx_word' id='word_1_341' title='bbox 0 0 964 3317; x_wconf 95' lang='lat' dir='ltr'> </span> 
     </span>
    </p>
   </div>
  </div>
 </body>
</html>
