1917 3317
257 162 292 202 nn
308 164 457 203 sncnnnorro
473 164 578 203 cnnasrr.
778 154 825 203 aab

68 242 130 305 (cap.
148 240 214 305 26),
236 240 328 303 «qnod
342 240 366 290 in
384 242 490 292 omnibus
506 245 543 291 cst
557 241 648 307 simile,
664 242 725 292 idom
744 240 825 306 utiquc

51 324 68 366 ι,
84 318 105 362 et
119 326 169 365 non
192 312 343 375 exemplum.
362 328 376 359 n
395 312 452 370 Quia
477 313 547 377 igitm
566 314 717 365 sacerdotium
739 314 826 365 veteris
873 307 876 314 ’

51 384 65 431 ia
81 389 125 433 erat
143 386 224 448 figura
247 384 372 434 sacerdotii
388 384 488 447 Christi,
500 386 574 435 noluit
592 385 696 436 Christus
714 386 778 437 nasci
795 387 825 437 do

59 471 79 516 με
92 456 225 519 figuralium
245 456 448 514 ascenderamus
462 456 621 507 ostenderetur
636 470 683 507 uon
702 470 755 507 csse
773 471 825 508 om·

51 540 66 572 o
82 527 136 577 idem
157 526 339 588 sacerdotium,
354 526 494 577 seddillerrc
507 529 568 578 sicut
578 526 791 591 nemmttignrali.

53 600 77 646 nl
91 598 184 649 tartinrn
200 598 341 661 dicendum,
356 598 416 661 qudd
430 598 490 649 sicut
504 600 671 663 supradictum
686 605 722 651 est
737 602 784 663 (on.
801 604 824 663 8,

51 708 59 717 ,,
77 671 111 732 a),
124 670 165 721 alii
179 670 297 721 hominos
316 668 467 733 particulatim
488 672 574 721 babent
594 672 703 733 quasdam
725 674 823 735 gratiam

73 742 182 804 Christus,
202 746 321 804 tanquam
342 740 444 791 omnium
465 746 549 806 capnt,
572 743 641 792 babet
661 742 827 806 perlectionem

59 813 106 862 niam
120 814 262 876 gratiarum.
275 812 306 861 El
320 811 388 873 ideo,
402 815 513 875 quantum
526 814 555 863 ad
569 814 627 863 alios
642 814 751 877 pertinet,
766 814 826 863 alius

65 884 178 947 mistaten,
188 887 216 934 et
234 883 297 932 alins
314 882 436 945 Sacerdos,
450 886 475 933 et
488 884 672 946 alins-llo13sed
686 884 735 933 baec
749 884 827 934 omnia

51 960 142 1006 *annot
157 956 184 1007 in
204 952 302 1005 Christo
323 958 432 1017 tanquam
451 954 555 1005 insonte
573 955 673 1006 omnium
692 956 825 1019 gratiarum,

59 1042 75 1074 ,a
85 1029 162 1079 dicitur
176 1028 258 1083 lsai..
275 1026 369 1095 lllilllll
380 1026 527 1077 :nilominus
538 1026 822 1091 judexnoster,boniuur

65 1098 198 1162 brunater,
216 1096 334 1147 Dominus
355 1098 406 1149 Rex
419 1101 504 1159 noster,
524 1099 574 1161 ipsc
594 1099 672 1149 reniet
690 1102 714 1149 et
726 1096 825 1149 salvabit

65 1203 68 1211 .
77 1183 87 1212 ll

322 1272 480 1325 nnmcbnbs
493 1274 522 1325 ll.

95 1402 180 1449 Ulrtam
196 1400 314 1447 cartana
322 1398 397 1443 simul
408 1398 488 1453 luerit
496 1398 641 1445 Sacerdoret
653 1398 738 1443 beatio.

61 1527 80 1573 ll
89 1529 214 1579 secundum
230 1524 267 1577 sic
278 1523 410 1587 proceditur
421 1524 467 1587 (l).
478 1524 573 1574 Videtur
585 1522 647 1588 qudd
660 1523 708 1587 ipse
719 1522 825 1573 Christus

65 1600 136 1649 ‚tuerit
152 1597 227 1649 simul
247 1596 355 1647 sacerdos
367 1598 391 1644 et
402 1594 486 1643 hostia.
502 1595 633 1645 moerdotis
653 1594 713 1645 enirn
726 1597 762 1643 est
772 1596 825 1645 hos-

60 1682 74 1714 n
93 1670 205 1720 occidere.
221 1668 270 1717 Sed
289 1665 395 1715 Christus
410 1678 457 1716 uon
477 1665 578 1729 seipsum
596 1665 686 1716 occidit.
702 1666 761 1729 Ergo
776 1665 828 1729 ipsc

57 1754 67 1786 n
76 1741 110 1788 luit
120 1740 191 1791 simul
199 1738 312 1790 sacerdos
325 1742 349 1787 et
359 1737 445 1786 bostis.

59 1821 75 1857 a.
88 1812 213 1874 Praeterea,
233 1808 386 1859 sacerdotium
400 1806 485 1857 Christi
505 1807 577 1870 magis
596 1810 630 1859 est
648 1805 723 1859 sinnle
748 1821 828 1858 sacer·

61 1893 81 1928 ..o
95 1882 242 1943 ludaeorum,
262 1880 323 1943 qnod
339 1881 388 1928 erat
402 1878 473 1928 alteo
488 1877 634 1935 institutum,
655 1892 723 1942 quam
745 1892 825 1929 sacer·

61 1963 82 2000 'o
97 1954 240 2012 Gentilium,
255 1964 302 2015 quo
324 1951 440 2001 daemones
459 1949 600 1999 colebantur.
614 1950 640 1999 ln
654 1950 727 2001 reteri
749 1954 827 1999 antem

63 2036 196 2088 auunqnam
206 2026 279 2075 bomo
289 2022 314 2072 in
329 2021 465 2071 sacrificium
482 2021 631 2084 offerebatnr3
648 2022 708 2084 qnod
723 2020 824 2072 maximi

71 2095 187 2147 attenditur
199 2094 226 2144 in
240 2092 360 2144 sacrificiis
374 2091 503 2155 gentilium,
519 2091 644 2141 secundbm
655 2092 711 2142 illud
724 2091 823 2142 Psclm.

59 2188 63 2205 ι
75 2180 79 2211 :
93 2182 104 2209 u
115 2168 253 2217 illuderunt
263 2163 400 2227 sangninem
410 2162 557 2213 innocentem
566 2199 573 2221 ,
583 2163 719 2227 sangninem
728 2163 827 2212 tiliomm

73 2250 123 2297 run,
136 2242 159 2287 et
169 2238 273 2287 tiliarum
287 2247 394 2297 suanum,
409 2246 466 2297 onas
480 2233 663 2283 sacrificaverunt
683 2233 829 2299 sculptilibus

71 2320 132 2358 ¹innan.
147 2325 160 2356 a
175 2310 241 2371 Ergo
259 2307 286 2357 in
303 2304 432 2356 sacerdotio
442 2305 527 2355 Christi
540 2318 587 2355 non
597 2304 676 2356 debuit
695 2316 746 2355 esse
760 2305 830 2355 bonno

80 2379 222 2431 nlnshoslia.

70 2453 85 2494 'a
98 2449 205 2501 praterea
219 2488 227 2511 ,
242 2448 320 2499 oannis
333 2446 421 2510 hostia,
431 2458 460 2496 cn
473 2448 517 2497 troc
531 2446 591 2511 qnbd
610 2447 657 2498 lieo
670 2446 773 2507 offertur,
782 2447 829 2497 ileo
844 2438 850 2449 '

68 2520 179 2571 notificatur.
189 2520 239 2570 Sed
253 2519 306 2583 ipsa
320 2518 407 2569 Christi
424 2518 554 2567 hnmanitas
563 2517 698 2583 aprincipio
708 2517 754 2566 fail
763 2530 831 2567 sanc·

70 2592 121 2647 ¹ala,
135 2594 157 2641 et
167 2592 218 2641 beo
234 2589 367 2653 conjunda.
387 2588 445 2651 lingo
459 2601 506 2638 non
516 2586 677 2639 convenientur
694 2589 770 2651 potest
784 2586 830 2639 dici

67 2660 94 2705 nl
104 2660 214 2724 cbristus,
227 2658 356 2711 secundam
368 2659 428 2723 quod
438 2659 523 2721 bonno,
536 2658 603 2709 luent
616 2658 702 2709 hostia.

56 2808 285 2937 ι3ῐῖὶέἷῐεωέζίιωειῐαιιι
301 2812 371 2875 iniri,
385 2824 426 2871 qn.
436 2812 475 2873 al,
492 2818 537 2860 art.
555 2814 585 2874 7,
599 2812 630 2859 ad
644 2810 671 2866 65
690 2814 715 2856 ⁰2
728 2809 831 2867 omo
