1917 3317
162 116 166 125 ’
246 140 276 176 un
291 142 425 179 nuunornnrs
441 142 566 179 incensum,
757 135 801 181 tsi

67 206 118 265 supp
127 207 170 260 lues
180 214 264 277 scalpere
278 221 345 282 caput
359 230 439 278 suurn,
453 221 476 268 et
490 218 547 267 dixit
559 219 587 269 uo
598 232 651 269 cunr
670 221 797 270 Dominus:

70 276 203 351 linonoludicis,
215 287 259 349 feci
270 288 348 353 lepem
358 295 382 338 el
395 289 539 358 prophelae,
548 290 600 340 cium
614 291 725 354 scriptum
734 292 764 342 eit
775 292 800 341 in

69 350 193 425 rugefillipec
208 362 347 421 monimum
370 365 443 411 tuum
464 364 533 411 sieut
554 366 682 427 leipenm5
701 369 724 413 et
745 378 800 415 ecce

70 418 111 466 nulli
121 421 177 475 iuius
187 428 214 477 tui
227 429 265 480 ilii
277 432 372 483 librnhce
389 432 466 482 amicti
483 437 538 483 sunt
549 438 663 495 stercore,
678 434 801 485 morientes

66 498 96 563 llo
104 490 155 557 ls1e3
166 502 184 548 el
194 501 265 553 donnus
274 507 314 553 tuu
326 504 395 568 plenu
405 508 441 555 est
456 505 532 555 multis
541 506 621 566 bouis,
636 511 659 556 et
672 520 719 557 non
731 521 796 570 egre-

66 557 105 607 lnn
114 566 179 644 omniuo
188 571 262 635 aliquid
271 587 299 624 ex
309 588 336 625 eu
353 576 381 625 ud
393 589 441 626 eos.
451 578 530 639 ltaque
541 578 650 628 Dominus
663 580 801 642 redarguens

66 640 100 708 llll
110 634 159 713 leui:
170 642 195 690 Si
205 646 237 693 oie
248 648 373 709 perfectus
386 662 451 706 csse,
461 648 539 705 vade,
550 652 598 698 etc.
610 650 750 713 impossibile
765 656 801 699 est

63 709 174 781 cnrnnuplere
181 718 300 767 nandulum
310 720 370 782 quod
380 719 448 769 dicit:
458 720 558 784 Dilipee
566 723 717 784 prouinnum
726 728 800 770 inum

62 779 108 822 sicul
115 781 207 843 teipsum,
218 791 298 839 eleseu
311 789 405 841 divitem
416 793 441 839 et
451 790 551 841 maxime
559 796 635 841 tantus
644 793 801 855 possessiones

64 843 139 897 lutere.»
149 858 200 913 Quod
209 864 242 909 est
253 860 422 924 intelligendum
432 862 460 912 de
472 863 574 925 perlecto
583 861 716 926 impletione
729 863 801 927 hujus

59 924 137 983 insonti.
150 927 267 993 imperiecte
278 936 353 983 aulem
365 936 389 983 et
397 934 512 983 communi
523 934 591 984 mocio
604 948 684 984 uemm
697 938 734 983 est
745 948 798 985 eum

57 987 149 1065 inienuse
159 1007 265 1067 precepta.
278 1004 388 1055 perfectio
400 1006 462 1055 euim
473 1004 629 1068 principaliter
637 1005 663 1054 iu
674 1006 800 1056 obseruau-

56 1063 77 1106 ²¹³
91 1073 214 1131 incoepturum
231 1075 347 1127 chaumeis
367 1076 489 1138 consistit,
507 1079 534 1125 ut
550 1075 618 1139 cupri
641 1076 744 1125 habitum
764 1079 801 1125 est

56 1130 97 1213 ‘it
106 1139 148 1199 lli,
159 1146 194 1193 cut.
207 1145 243 1208 3).
257 1147 286 1197 Ut
297 1159 352 1209 ergo
371 1147 480 1197 Dominus
495 1148 624 1197 ostenderet
638 1146 800 1210 perfectionem

55 1206 157 1285 senonicum
167 1215 235 1266 utilem
249 1232 298 1269 esse
311 1223 336 1269 et
350 1218 513 1269 innocentibus
527 1223 552 1269 et
569 1219 742 1281 peccatoribus,
755 1232 802 1268 nou

54 1275 105 1326 niun
117 1285 186 1335 uouit
197 1288 357 1341 adolescentem
372 1288 529 1350 innocentem,
544 1292 584 1340 sed
594 1290 662 1340 etiam
672 1290 802 1339 liutthmum

59 1354 167 1406 incurrionem.
182 1358 221 1409 Sed
233 1363 307 1410 tantm
321 1361 443 1411 Mattheus
455 1366 550 1410 secutus
563 1365 599 1411 est
611 1364 740 1422 uocantem,
755 1373 815 1410 non·

59 1422 110 1467 nnlen
122 1425 244 1494 adolescens,
260 1431 313 1495 quia
334 1430 425 1481 facilius
443 1434 606 1481 conuertuntur
623 1433 653 1481 ud
670 1431 802 1493 religionem

60 1494 157 1566 illelius,
165 1500 224 1562 quim
232 1502 266 1553 illi
273 1504 313 1567 qui
321 1505 350 1553 de
361 1516 403 1553 suu
412 1503 546 1553 innocentio
557 1504 710 1566 praesumunt,
720 1502 803 1564 uiribus

58 1557 97 1606 llll
107 1563 201 1635 ὓιιιιιιιιι,
211 1577 310 1635 Μαι,
324 1576 376 1626 XXI
387 1590 394 1624 ε
407 1592 422 1623 u
432 1573 555 1625 Publiceni
566 1578 589 1625 ot
602 1573 733 1624 meretrices
745 1586 803 1636 prae·

56 1629 280 1708 celeutrosiuregnum
293 1646 366 1696 liei.»
588 1657 590 1662 '

75 1703 99 1750 ‚ld
111 1712 208 1763 scorium
225 1716 355 1778 dioeudum,
371 1716 433 1780 quod
445 1732 576 1767 summum
589 1720 613 1767 et
629 1716 747 1779 infimum
762 1713 802 1762 tri·

52 1772 180 1845 pinoterecu'pi
190 1792 296 1848 possunt:
311 1802 356 1839 uuo
368 1789 444 1850 modo,
454 1789 477 1838 iu
488 1789 568 1839 eodem
578 1791 639 1837 stulu
650 1790 674 1837 et
685 1786 710 1836 in
722 1786 802 1835 eodem

51 1844 127 1912 limium
139 1856 158 1901 ct
170 1856 198 1905 sic
209 1860 348 1909 munilesturn
361 1865 397 1911 est
410 1860 470 1924 quod
483 1877 497 1907 u
513 1872 581 1910 neruo
596 1856 690 1921 repente
700 1856 726 1905 tit
741 1869 803 1905 sunr-

53 1926 93 1999 'nun
103 1922 320 1998 nmiumnsqnisque
332 1930 394 1982 recte
407 1932 491 1981 uirens
498 1969 506 1995 ,
515 1936 563 1981 loto
575 1935 678 1993 tempore
692 1928 745 1977 vitm
756 1940 803 1977 suae

53 1992 115 2039 prolicit
125 1998 147 2043 ut
159 1998 181 2047 ul
193 2013 301 2051 summum
312 2002 439 2066 perueniat.
453 2002 504 2053 Alio
515 2002 593 2064 modo,
601 2015 642 2064 per
653 1998 803 2063 comparutio-

54 2064 307 2137 ascalonicensium
323 2078 346 2124 el
359 2074 393 2125 sic
404 2076 450 2125 non
463 2077 556 2137 oportet
569 2072 742 2135 etquicunque
753 2069 804 2118 vult

55 2128 70 2172 ii
80 2136 189 2195 superiorem
203 2147 281 2194 elutum
292 2146 423 2209 peruenire,
442 2144 548 2195 iminori
562 2144 666 2207 incipiat,
681 2142 741 2191 sicin
754 2152 802 2190 uon

57 2207 114 2257 ''llrlet
122 2212 143 2257 ut
151 2210 276 2279 pomumque
285 2217 334 2267 vult
342 2230 393 2267 esse
401 2216 507 2277 clericus,
516 2215 578 2279 prius
585 2215 609 2265 in
616 2213 670 2264 inici
678 2212 725 2261 ritu
736 2225 804 2261 exer·

59 2278 110 2350 niun
124 2280 189 2335 Tertio
206 2288 269 2339 mocio
277 2324 286 2351 ‚
304 2292 415 2351 quantum
430 2290 459 2339 ud
475 2288 578 2338 diversus
592 2298 717 2351 pcrsonus;
733 2283 804 2333 etsie

60 2347 157 2402 nuniiecmm
170 2358 270 2421 estquod
283 2372 342 2409 nnus
355 2360 431 2409 stutiuu
445 2359 528 2423 incipit
540 2371 585 2408 uon
596 2357 671 2407 solium
684 2356 713 2405 ub
727 2352 804 2404 altiori

61 2412 140 2489 ‘illisi
148 2426 211 2477 elium
222 2429 320 2480 ablutioni
329 2432 398 2493 gradu
410 2430 548 2490 sanctitutis,
559 2427 625 2491 quim
636 2426 666 2477 sit
674 2438 804 2475 summum

64 2489 122 2565 ‘'lllll
130 2496 179 2547 nlius
188 2500 290 2563 peruenit
300 2514 341 2565 per
357 2505 428 2553 lotum
442 2500 512 2550 eitum
523 2513 596 2550 suum.
605 2499 669 2549 Unde
684 2495 805 2559 Gregorius

62 2549 147 2616 l'llllllc
160 2570 257 2633 Diolop.
273 2574 331 2637 (cup.
344 2576 368 2636 l,
381 2577 408 2623 ut
418 2571 512 2635 supitii:
527 2589 541 2619 n
551 2574 637 2621 Omnes
650 2570 776 2631 agnoscunt
790 2565 804 2615 iu

63 2634 113 2737 sigilli
125 2635 245 2693 &nedictus
259 2656 315 2707 puer
334 2644 515 2695 conversationis
537 2642 608 2707 grstia
626 2646 650 2692 et
664 2638 804 2704 perlectione

61 2708 149 2755 sticum
550 2721 553 2726 '

82 2768 171 2831 Aillitum
181 2784 317 2852 dicendum,
328 2786 387 2851 qnod
400 2786 537 2852 sicutsnpri
546 2786 677 2836 dictumest
687 2782 735 2843 (qn.
748 2782 802 2837 18⁴,

61 2838 201 2907 ¹<ponentium
212 2858 270 2907 sueri
281 2860 423 2925 praeerigunt
434 2860 576 2913 senectutem
586 2873 594 2923 3
606 2858 645 2908 sed
659 2857 733 2965 §.llius
746 2849 804 2901 10¹1*
