1917 3317
201 186 242 245 ,or
257 187 495 229 messanensium
509 189 613 231 omnem.
765 182 811 230 etl

26 266 118 327 pareat
132 262 262 316 differentia
276 279 392 317 servorum
406 270 430 318 ct
442 266 566 318 Domini.»
581 267 683 318 &cunda
691 267 749 318 ratio
761 271 810 328 est,

26 338 55 383 uia
71 335 166 401 lloyses
183 337 256 398 legem
275 338 352 401 dedit,
372 337 432 388 Elias
447 352 489 403 pro
502 338 574 401 gloria
587 338 681 389 Domini
695 339 812 390 emulator

30 406 64 454 it:
80 406 144 457 unde
157 420 200 471 per
214 408 258 458 hoo
270 408 330 473 qudd
345 409 413 459 simul
429 424 480 459 cum
494 410 586 461 Christo
600 414 719 475 apparent,
734 411 811 461 exclu-

26 482 64 525 tur
87 478 206 528 calumnia
229 478 360 531 Judaeorum
384 480 538 531 accusantium
561 482 680 531 Christum
702 486 810 546 nuquam

27 562 199 611 *inegressorem
212 550 283 613 legis,
298 554 321 603 et
334 552 507 616 blasphemum,
522 552 562 602 liei
577 554 621 603 sibi
636 554 729 617 gloriam
744 567 811 603 usur-

27 626 105 671 mtem.
128 621 205 672 Tertia
220 622 278 673 ratio
296 626 347 685 est,
363 625 389 672 ul
407 624 513 673 ostendat
532 636 557 674 se
571 624 653 675 habere
674 628 811 689 potestatem

26 692 83 743 ortis
98 692 204 755 etuitae,
224 697 246 744 et
261 706 313 744 esse
325 694 424 757 judicem
438 699 579 745 mortuomm
596 700 620 747 ct
634 696 754 759 uiuorum,
769 708 810 759 per

26 778 44 811 o
62 763 126 828 quod
145 764 240 829 llopseu
259 764 307 828 jam
329 768 456 829 mortuum,
470 770 493 815 et
509 766 581 816 liliam
599 767 674 817 adhuc
693 766 810 817 viventem

30 850 80 885 cum
92 836 168 887 ducit.
187 837 272 894 Quarta
286 836 344 887 ratio
358 841 406 900 est,
421 838 475 901 quia
491 838 549 889 sicud
567 838 641 890 Lucas
651 838 726 889 dicit:
744 839 809 889 «Lo-

28 908 134 958 reloantur
145 921 197 958 cum
211 920 239 958 eo
250 908 278 958 de
297 921 393 959 excessu
404 923 472 973 quem
486 910 642 974 completurus
654 915 703 961 crat
716 911 740 960 iu
754 910 809 960 llio-

30 978 110 1043 ulem,
119 994 135 1026 n
150 978 220 1029 idest
239 979 267 1029 de
278 980 385 1043 passione
396 985 420 1031 ct
435 985 508 1031 morte
519 994 577 1044 sua,
591 985 616 1031 et
627 982 694 1041 ideo,
705 986 731 1032 ut
742 994 810 1045 super

28 1065 44 1094 e
60 1050 229 1115 discipulorum
243 1051 332 1103 animos
346 1052 507 1116 confirmaret,
525 1053 614 1103 inducit
627 1066 667 1103 eos
677 1054 701 1103 in
710 1053 810 1105 medium

33 1124 38 1168 i
53 1137 78 1172 se
92 1122 164 1173 morti
176 1127 333 1186 exposuerunt
343 1136 384 1187 pro
396 1124 457 1185 lleo;
469 1136 523 1173 nam
538 1125 631 1188 ldopses
644 1137 697 1174 oum
708 1123 809 1189 periculo

32 1195 79 1244 ulis
100 1207 127 1245 se
147 1194 230 1245 obtudit
248 1194 376 1256 Pharaoni,
396 1195 457 1245 Elias
478 1194 536 1245 uero
555 1195 604 1259 regi
621 1196 707 1245 Achab.
725 1196 810 1254 Quinta

36 1264 55 1314 io
75 1269 131 1328 est,
146 1264 202 1329 quia
223 1265 313 1316 volebat
333 1270 359 1315 ut
372 1266 478 1330 discipuli
499 1266 535 1316 sui
556 1267 716 1317 aemularentur
734 1267 810 1332 lloysi

32 1335 218 1397 insuetudinem,
234 1340 258 1385 ct
275 1337 349 1387 zelum
359 1337 424 1388 Eliae.
439 1338 533 1387 Sextum
547 1338 659 1387 rationem
673 1337 735 1387 addit
747 1338 809 1388 llila·

36 1422 45 1456 s
59 1411 131 1469 (can.
147 1407 208 1457 XVll
221 1407 247 1455 in
261 1408 386 1470 Mettis),
398 1411 424 1458 ut
441 1410 570 1459 ostenderet
582 1408 669 1460 scilicet
682 1422 708 1459 se
720 1423 760 1473 per
772 1410 806 1460 le·

37 1494 63 1541 n,
79 1492 151 1543 quem
170 1478 234 1528 dedit
248 1476 353 1544 Moyses,
370 1483 394 1529 el
406 1492 447 1543 per
464 1481 603 1544 pmplretas,
617 1479 677 1530 inter
693 1493 751 1544 quos
764 1481 809 1531 luit

33 1564 59 1600 us
73 1549 220 1615 praecipuus,
233 1562 284 1599 esse
294 1549 453 1614 praedicatum.

34 1622 63 1671 ld
79 1625 190 1686 quartum
213 1619 347 1684 dicendum,
363 1620 424 1684 quod
442 1622 487 1672 alta
505 1622 612 1687 mysteria
628 1635 675 1673 non
690 1626 744 1674 sunt
756 1638 807 1675 om·

36 1708 65 1742 ius
78 1692 218 1757 exponenda
231 1690 377 1753 immediate,
390 1693 430 1743 sed
445 1706 487 1757 per
497 1694 595 1757 majores
608 1706 650 1745 suo
662 1699 764 1760 tempore
778 1697 808 1747 ad
831 1750 835 1757 ,

34 1778 54 1813 is
66 1767 153 1817 debent
167 1763 286 1815 devenire.
299 1766 326 1813 Et
345 1765 405 1824 ideo,
423 1768 447 1814 ut
465 1766 643 1829 chrysostomus
656 1766 728 1831 dicit(
739 1769 805 1819 llom.

34 1836 55 1886 'll
70 1838 93 1886 iu
108 1835 234 1898 Meton),
250 1837 373 1901 assumpsit
385 1841 432 1887 tres
445 1841 555 1899 tanquam
568 1838 678 1902 potiores.
694 1840 752 1889 llam
763 1841 808 1891 Pe

34 1922 48 1955 is
60 1908 180 1959 excellens
197 1906 243 1956 fuit
257 1908 282 1957 in
295 1907 416 1959 dilectione
428 1921 495 1971 quam
513 1908 591 1957 habui
600 1910 628 1960 ad
644 1909 770 1975 Cinctum,
782 1916 806 1962 ct

35 1994 79 2029 rum
92 1981 117 2030 in
128 1981 246 2045 potestate
262 1978 306 2029 sibi
323 1978 455 2041 commissa,
468 1980 568 2029 loannes
578 1980 632 2031 uerd
645 1981 670 2030 in
682 1982 803 2045 priuilegio

33 2052 94 2115 roris,
112 2064 160 2117 quo
174 2050 188 2100 a
202 2049 294 2100 Christo
308 2050 442 2114 diligebatur
455 2057 547 2115 propter
561 2064 626 2101 suam
639 2051 804 2117 uirginitatem,

39 2124 116 2174 iterum
126 2127 225 2189 propter
237 2124 409 2186 prerogativam
420 2123 557 2185 evangelicae
571 2122 692 2187 doctrine,
707 2125 804 2175 lacobus

35 2198 73 2243 tem
90 2198 187 2260 propter
200 2194 374 2257 prerogativam
389 2194 493 2258 martyrii
503 2192 549 2258 (l).
561 2194 590 2243 llt
601 2197 676 2244 taomu
689 2195 733 2245 lios
742 2195 805 2259 ipsos

32 2267 72 2316 alne
84 2269 130 2318 hoe
141 2266 206 2331 quod
217 2263 329 2329 viderant,
342 2265 392 2316 aliis
402 2266 536 2315 annuntiare
546 2269 598 2316 autc
607 2268 803 2332 resurrectionem,

31 2338 81 2399 *lut
94 2340 250 2403 Hieronymus
264 2336 343 2399 dicit),
360 2354 374 2385 o
384 2341 408 2389 et
421 2336 555 2387 incredibile
569 2342 632 2389 esset
647 2352 688 2403 pro
704 2340 739 2391 rei
751 2354 805 2391 ma-

33 2410 132 2474 lltdine,
150 2412 177 2461 et
197 2413 252 2472 post
270 2412 355 2459 unum
371 2408 479 2473 gloriam,
494 2409 553 2473 apud
568 2411 636 2461 mdes
651 2409 753 2474 animos,
768 2426 806 2463 se-

32 2493 73 2528 cus
87 2495 144 2530 cmx
159 2480 293 2531 scandalum
304 2478 404 2542 iaceret,
416 2480 453 2530 uel
466 2478 535 2529 etiam
545 2480 645 2530 totaliter
657 2479 804 2545 impediretur

36 2550 113 2612 populo
122 2568 137 2599 n
161 2552 208 2617 (ut
222 2548 340 2614 Remigius
358 2550 444 2613 dicit);
463 2553 512 2600 oet
523 2554 549 2599 ut
562 2549 614 2601 culm
628 2557 704 2602 essent
715 2553 803 2616 Spiritu

30 2625 79 2670 tincto
88 2620 187 2686 repleti,
202 2625 258 2670 tunc
274 2625 389 2685 gestorum
402 2620 554 2685 spiritualium
569 2624 641 2673 testes
651 2626 739 2684 esseut,
749 2639 763 2670 u
778 2630 804 2674 ut

31 2690 97 2743 ilarius
106 2692 164 2743 dicit
180 2691 230 2754 (ubi
243 2691 331 2757 supr'a).

40 2842 66 2905 ll)
80 2847 149 2901 Quasi
162 2846 251 2905 primus
267 2847 432 2905 Apostolorum
444 2847 614 2905 Hierosolymis
632 2847 803 2897 interfecisset

28 2911 108 2964 ›ertprio
127 2914 266 2968 coronatus,
280 2908 347 2961 Act..
365 2910 416 2955 ΧΗ.
