1917 3317
37 177 49 189 '
133 185 179 234 166
211 195 461 247 succurreremus,
478 196 571 242 oumsr.
588 196 720 246 cumvm,
740 196 797 235 aur.
816 195 849 237 rv.

420 382 584 433 anniculus
600 382 641 432 lv.

164 512 247 557 Utrirm
257 513 339 570 aliqua
347 513 433 569 religio
448 513 520 569 possit
529 512 625 557 institut
636 512 668 556 ad
675 511 857 568 praedicandum
865 509 896 554 oet

369 576 524 625 confessiones
540 575 694 620 audiendum.

167 705 200 755 lld
212 709 315 771 quartum
331 707 365 757 sic
378 707 515 772 proceditur.
523 706 617 756 Videtur
624 704 683 769 qudd
692 705 756 755 nulla
766 705 850 770 religio
858 703 918 770 possit

134 775 225 827 institui
241 779 269 827 ad
283 779 449 842 predicandum
463 779 501 829 vel
514 777 668 844 confessiones
685 777 834 828 audiendum,
851 777 920 827 Dicitur

136 849 196 898 enim
209 850 256 912 llll,
265 863 304 912 qu.
314 854 340 900 1:
353 867 367 898 v
376 851 533 900 Monachorum
542 849 590 898 vita
600 848 749 911 subjectionis
761 849 832 899 habet
843 848 922 899 vertum

137 924 160 970 et
179 921 338 985 discipulatds,
359 936 403 972 non
415 923 535 986 docendi,
553 922 591 972 vel
612 921 754 986 praesideudi
772 921 810 971 rel
830 916 922 986 pascendi

136 991 207 1056 alios3
221 1009 234 1040 u
251 998 274 1043 et
285 995 363 1044 eadem
383 994 441 1043 ratio
459 1007 509 1044 esse
527 993 617 1043 videtur
635 994 663 1042 de
684 992 734 1042 aliis
748 992 873 1055 religiosis.
891 987 922 1037 Sed

136 1064 291 1128 predicasset
304 1066 459 1115 confessiones
472 1067 563 1128 audire,
576 1069 609 1116 est
622 1078 714 1129 pascere
727 1065 765 1115 vel
778 1066 861 1116 docere
870 1064 922 1114 alios

136 1135 187 1186 Non
202 1149 254 1200 ergo
269 1138 349 1188 adhoc
363 1137 438 1200 aliqua
454 1138 533 1201 religio
545 1141 621 1201 potest
637 1137 736 1186 institui.

168 1212 337 1271 ministraren,
355 1209 378 1258 id
392 1210 418 1258 ud
438 1210 497 1273 quod
518 1210 597 1273 religio
620 1204 763 1271 instituitur,
778 1208 871 1259 videtur
889 1217 925 1258 ese

137 1282 236 1332 maxime
246 1282 360 1346 proprium
372 1281 487 1344 religioni,
498 1285 524 1330 ut
535 1280 603 1345 supra
616 1282 744 1331 dictumest
756 1280 817 1345 (art.
831 1285 846 1330 2
862 1284 884 1330 et
894 1283 904 1326 3
913 1280 924 1336 l.

137 1351 181 1402 Sed
194 1353 296 1417 predicti
312 1357 376 1403 actus
392 1366 438 1402 non
457 1357 511 1403 sunt
524 1352 608 1417 proprii
625 1352 791 1416 religiosorum,
808 1354 852 1402 sed
864 1348 925 1415 potihs

136 1424 287 1487 praelatorum.
298 1425 349 1474 Non
360 1438 412 1489 ergo
427 1425 454 1474 ad
464 1424 597 1490 hujusmodi
610 1428 674 1474 actus
686 1427 761 1488 potest
774 1423 853 1487 aliqua
861 1419 928 1482 religio

137 1494 234 1545 institui.

170 1572 193 1617 3.
212 1570 338 1631 Praeterec,
353 1569 518 1620 inconveniens
535 1569 625 1618 videtur
638 1563 698 1632 qudd
718 1567 841 1619 auctoritas
855 1563 928 1633 pradi-

138 1640 203 1689 candi
220 1645 242 1690 et
255 1641 410 1692 confessiones
430 1641 536 1691 audiendi
549 1640 642 1690 infinitis
656 1640 786 1690 hominibus
808 1640 929 1691 committa·

137 1714 182 1760 tur.
196 1711 240 1762 Sed
253 1726 299 1764 non
313 1717 348 1763 est
361 1717 436 1763 certus
448 1726 555 1763 uumerus
566 1711 725 1776 eorumquiin
739 1710 851 1774 religione
866 1713 929 1773 aliqua

67 1826 69 1831 .
137 1784 284 1849 recipiuntur.
301 1785 359 1848 Ergo
381 1784 543 1835 inconveniens
561 1783 667 1848 estquod
686 1784 760 1848 aliqua
776 1784 862 1848 religio
876 1780 930 1833 insti·

138 1857 213 1905 tuatur
227 1858 254 1906 ad
266 1860 329 1905 actus
341 1857 471 1921 predictos.

170 1931 193 1977 t.
222 1929 349 1994 Praetcrea,
372 1927 556 1993 predicatoribus
584 1927 678 1978 debetur
703 1924 777 1976 victus
799 1926 812 1976 d
836 1926 931 1978 fidelihus

138 1999 230 2062 Christi,
245 2005 270 2050 ut
281 2005 344 2064 patet
357 2003 375 2050 l.
388 2001 423 2051 od
439 2002 508 2055 Cor„
521 2002 560 2052 lli.
576 2000 601 2050 Si
617 2013 670 2062 orgo
688 1999 841 2050 committitur
853 1999 933 2064 predi-

138 2072 235 2121 cationis
243 2073 342 2123 oliicium
355 2073 420 2123 alicui
429 2072 533 2135 religioni
545 2073 574 2122 ad
582 2074 626 2122 hoc
637 2071 757 2132 instituta,
767 2072 872 2134 sequitur
882 2070 933 2135 qudd

138 2143 216 2194 fldeles
229 2144 314 2194 Christi
328 2149 448 2196 teneantur
459 2145 488 2194 ad
498 2144 650 2194 exhibendum
664 2147 768 2207 sumptus
777 2143 877 2194 infinitis
889 2157 933 2209 per-

138 2215 215 2278 sonis;
226 2217 285 2279 qnod
293 2216 353 2267 cedit
361 2217 384 2266 in
397 2230 503 2280 magnum
514 2229 589 2266 eorum
602 2228 732 2278 gravamen.
744 2215 795 2264 lton
805 2228 862 2278 ergo
875 2217 936 2265 dehet

138 2286 213 2349 aliqua
228 2288 362 2350 religionum
376 2287 464 2338 institui
478 2288 504 2338 ad
519 2287 649 2350 hujusmodi
663 2289 727 2336 actus
742 2289 896 2338 exercendos.

171 2362 194 2407 5.
210 2360 331 2422 Praeterea,
348 2359 461 2410 institutio
478 2358 585 2409 Ecclesia
603 2359 670 2409 dehet
690 2355 755 2421 sequi
768 2357 938 2409 institutionem

138 2429 231 2482 Christi.
246 2432 288 2482 Sed
302 2431 404 2483 Christus
422 2431 495 2497 primo
511 2431 571 2481 misit
584 2431 611 2480 ad
625 2431 794 2495 praedicandum
814 2431 937 2482 duodecin

138 2503 269 2568 apostolos,
284 2508 308 2570 ut
322 2505 417 2555 hahetur
431 2506 503 2566 Luc,
521 2505 566 2568 lX;
579 2501 699 2568 et‘postoa
713 2503 775 2553 misit
793 2503 940 2566 septuaginta

139 2574 195 2625 duos
210 2575 346 2642 discipulos,
361 2581 386 2626 ut
399 2578 495 2627 hahetur
505 2577 577 2636 Luc„
589 2576 625 2640 ll3
640 2579 677 2639 et,
692 2575 751 2625 sicut
762 2575 841 2626 Glossa
852 2575 941 2626 ibidem

139 2645 205 2710 dicit,
216 2649 397 2712 «Apostolorum
408 2649 503 2700 iormam
512 2652 591 2698 tenent
604 2649 720 2712 episcopi,
731 2647 876 2712 septuaginta
887 2649 942 2697 duo-

138 2732 188 2769 num
201 2720 361 2785 discipulorum
373 2721 471 2771 minores
490 2720 629 2785 presbyteri,
647 2737 660 2766 s
675 2720 761 2770 scilicet
773 2718 853 2769 curati.
872 2721 943 2783 Ergo,

113 2854 116 2862 .,
138 2795 220 2854 prater
233 2793 350 2857 episcopos
361 2797 384 2842 et
394 2793 542 2857 presbyteros
553 2790 709 2855 parochiales,
724 2805 769 2841 nou
784 2792 848 2842 dehet
866 2792 945 2855 aliquo

138 2864 216 2928 religio
225 2865 311 2915 institui
321 2867 348 2915 ad
357 2864 523 2928 praedicandum
538 2863 574 2913 vel
585 2863 612 2912 ad
623 2860 778 2914 confessiones
789 2861 942 2913 audiendum.

171 2936 216 2990 Sed
228 2932 305 2989 contra
315 2940 363 3002 est,
378 2936 438 3000 quod
450 2935 474 2985 in
487 2934 621 2986 Collation.
630 2937 740 2988 Petrum
750 2936 819 2987 abbas
830 2933 945 2989 desiero*
