1917 3317
132 169 177 215 5⁰⁰
313 175 372 215 atas
389 177 541 220 tit,nnasa1.
559 176 635 222 xviii,
650 175 706 211 m.
723 175 748 210 v.

162 252 328 314 (Concanum.
345 278 377 291 -
388 250 509 313 Christus,
522 249 648 301 seeundum
664 250 800 299 voluntatem
815 258 893 299 sensim
899 247 913 293 i·

131 325 184 376 tatis
194 324 378 387 voluntatemque
394 322 529 384 naturalem,
541 321 604 369 aliud
613 321 674 371 uelle
683 323 773 383 putem
783 320 851 382 quain
860 320 911 366 liem-

131 394 255 449 secundlum
276 396 416 445 voluntatem
433 398 510 443 autem
526 393 621 443 rationis
637 392 744 441 numana
765 402 856 454 semper
871 391 923 444 ias,

131 467 191 532 quod
206 467 280 525 Deus,
295 466 393 525 voluit.)

163 538 299 600 Respondes
314 537 442 599 dicendum,
453 535 514 599 quud
528 533 588 585 sieut
601 534 687 585 dictum
698 533 795 598 est(art.
808 537 854 583 let
864 547 915 593 seu..

131 608 157 659 in
169 608 261 658 Christo
274 607 397 658 seeundum
416 607 539 655 humanam
555 609 663 655 naturam
683 604 777 669 punitur
794 605 910 669 (inplexu

132 681 221 739 luums,
240 679 327 729 scilieet
341 679 447 727 voluntas
459 675 623 739 sensualitatis,
637 690 691 739 que
702 678 904 741 participativis

133 751 219 801 lunius
232 751 326 811 dicitur,
343 754 366 799 et
379 748 487 798 voluutas
506 747 638 808 rationalis,
654 747 705 797 sive
725 747 880 797 consideretur
896 762 901 807 ς

134 824 224 873 mudum
240 827 340 881 nature,
359 821 409 871 siue
424 833 465 883 per
481 820 572 870 mudum
586 819 692 869 rationis.
707 820 801 869 Dictum
815 824 853 870 est
866 829 902 867 am»
922 819 924 848 ῑ

134 893 203 956 supra
217 906 274 956 [qu.
291 896 331 952 lt,
341 896 383 941 art.
399 897 422 954 t,
433 892 463 940 nul
474 890 519 953 Ξ),
533 890 594 953 quiid
613 903 643 940 ex
659 892 758 953 quadam
771 892 903 955 dispensati·

134 964 206 1014 Filius
220 964 259 1013 [tei
281 968 333 1012 ante
352 976 416 1012 suam
432 962 562 1025 passionem
580 960 732 1023 permittebat
753 963 821 1012 carni
842 976 897 1019 asel.

135 1035 182 1099 pati
197 1048 245 1096 qum
262 1039 314 1084 sunt
324 1033 347 1083 ei
362 1034 468 1098 propria,
484 1038 509 1082 et
519 1032 624 1081 similiter
637 1032 711 1081 eniam
728 1034 875 1096 permittebat
890 1053 904 1071 ιι-

136 1106 202 1157 unibus
215 1105 302 1154 virilius
313 1104 394 1155 animae
411 1117 478 1166 agene
492 1117 516 1153 et
529 1103 638 1166 patique
654 1108 711 1152 suist
727 1104 763 1153 eis
779 1107 872 1168 pmprin
895 1104 907 1149 l

135 1178 244 1227 nilestum
258 1180 292 1226 est
305 1181 381 1226 autem
398 1175 457 1238 quud
471 1175 579 1224 voluutas
595 1174 758 1225 sensualitatis
773 1176 862 1239 relegit
878 1188 903 1222 n·

136 1250 211 1297 naliter
225 1248 314 1298 dolores
327 1248 445 1297 sensibiles
459 1251 482 1295 et
491 1245 592 1308 eorporis
608 1245 748 1305 tassionem3
759 1247 867 1297 similiter
875 1255 903 1295 en

137 1320 239 1370 voluntas
253 1322 282 1367 ut
295 1321 389 1368 nutura
400 1316 505 1380 repudiat
517 1329 544 1365 ea
557 1330 608 1378 uua
622 1319 676 1364 sunt
686 1321 777 1367 naturae
786 1320 903 1369 contrarii.

135 1395 248 1453 quaesunt
259 1389 381 1439 seeundum
392 1402 416 1438 se
432 1388 506 1448 mala,
519 1387 574 1450 puta
590 1391 687 1437 mortem
700 1392 727 1437 et
738 1390 788 1439 alia
800 1390 892 1456 liujusm

136 1462 181 1513 Sed
198 1464 246 1513 hau
259 1466 333 1511 tamen
347 1462 483 1524 quandoque
502 1460 606 1509 noluntas
619 1472 661 1521 per
679 1460 778 1510 modum
793 1462 888 1512 rationi.-
903 1494 907 1502 .

136 1548 188 1598 gere
205 1538 281 1600 potest
294 1547 322 1583 ex
343 1533 421 1583 ordine
443 1532 471 1581 ad
488 1530 573 1593 sunem,
588 1529 647 1579 sieut
662 1531 737 1580 etiam
750 1531 776 1581 in
797 1533 877 1597 alique
891 1549 901 1593 l·

136 1606 228 1657 immine
242 1604 378 1656 sensualitas
398 1602 448 1666 ejus
462 1606 487 1652 et
502 1602 571 1651 etiam
586 1600 693 1650 voluutas
713 1602 829 1656 absolute
847 1618 902 1654 uuna

136 1682 183 1727 nata
196 1677 280 1739 refugit
292 1675 420 1737 ustionem,
439 1686 507 1737 quam
524 1677 600 1722 minen
618 1673 725 1721 voluutas
736 1675 870 1725 seeundum
882 1692 900 1722 m

137 1761 188 1797 uem
205 1747 299 1809 eligeret
313 1749 405 1811 propter
414 1746 480 1795 linem
495 1743 608 1794 sanitatis.
618 1743 733 1794 voluutas
745 1751 833 1797 auum
846 1748 886 1796 liei
897 1768 912 1791 r.

136 1826 162 1873 ut
181 1822 284 1872 Christus
305 1822 393 1872 doleres
411 1823 434 1869 et
450 1819 569 1884 passiones
585 1823 610 1869 et
630 1824 729 1868 muntem
749 1826 907 1883 pateremini

137 1892 198 1956 quud
211 1892 255 1942 ista
274 1898 351 1942 essent
364 1892 377 1942 l
395 1893 441 1941 ileo
454 1892 525 1940 volita
535 1889 708 1948 seeundumss,
723 1892 772 1941 sed
781 1905 815 1942 ex
826 1894 901 1943 oilli-‚2

137 1965 205 2015 linem
223 1966 328 2013 numana
340 1963 428 2013 salutis.
450 1962 514 2013 Unde
528 1965 590 2025 patet
607 1959 667 2023 quil
688 1961 805 2013 Christus
826 1975 908 2014 secum

137 2035 275 2085 veluntatem
300 2034 470 2096 sensualitatis,
485 2038 508 2083 et
525 2031 650 2083 secundnm
671 2030 827 2084 uoluntatem
851 2043 914 2084 ratii-

138 2120 188 2170 qum
200 2107 354 2157 consideratur
368 2120 407 2169 per
420 2106 509 2156 modum
523 2109 619 2166 naturas,
631 2102 690 2151 aliud
700 2107 802 2166 poteret
811 2109 872 2157 uelle
885 2122 903 2167 n

138 2178 204 2228 Deus.
221 2177 265 2227 Sed
281 2175 404 2228 secundnm
417 2177 557 2227 veluntatem
571 2178 669 2238 quaeest
681 2186 724 2237 peu
735 2177 912 2229 modumrat..·.

139 2262 229 2312 semper
250 2249 310 2299 idem
332 2249 421 2299 volebat
437 2248 499 2312 qunil
517 2249 586 2296 Dens.
608 2246 671 2304 Quod
692 2248 763 2308 patet
784 2261 821 2298 ex
842 2252 908 2299 tnnc·

138 2321 198 2385 quml
209 2320 264 2369 dicit
276 2334 282 2367 :
293 2320 366 2377 «Non
376 2319 434 2369 siunt
447 2332 490 2382 ego
501 2318 566 2379 toln,
578 2317 618 2367 sed
633 2316 694 2365 sieut
707 2321 744 2365 tu.
752 2334 768 2365 u
782 2319 885 2371 Volebat
893 2335 911 2367 m

137 2391 262 2443 seeundum
280 2390 374 2441 nationis
388 2391 544 2461 veluntatem,
561 2388 662 2440 divinam
681 2389 840 2444 veluntatem
860 2394 903 2454 ium

137 2460 242 2529 quamvis
251 2462 312 2513 aliud
326 2462 387 2511 dicat
398 2460 425 2512 'se
436 2462 497 2511 velle
510 2459 636 2511 seeundum
647 2459 716 2509 aliam
725 2461 784 2524 ejus
797 2466 905 2515 nnlnmn·¹

169 2536 204 2586 lld
216 2533 313 2598 primum
330 2546 383 2597 eigo
402 2533 538 2590 dicendum,
552 2531 614 2596 until
627 2531 732 2581 Christus
747 2546 796 2595 per
809 2537 904 2587 volunt«

138 2606 272 2657 rationalem
291 2604 365 2655 mluin
383 2609 408 2653 ut
422 2604 500 2654 diviua
518 2603 625 2654 uoluntas
643 2600 796 2667 impleretur,
813 2618 866 2656 nou
881 2615 913 2653 an·

138 2692 179 2740 peu
200 2678 340 2729 voluntatem
359 2674 528 2733 sensualitatis,
544 2675 610 2737 enjus
629 2677 704 2723 mutuis
721 2686 776 2723 nou
798 2688 828 2726 se
852 2685 913 2726 eun.

139 2762 212 2811 usque
225 2748 254 2796 ad
267 2747 407 2796 voluntatem
420 2743 475 2805 liei,
495 2757 570 2806 neque
587 2757 629 2807 pei
642 2741 789 2795 uoluntatem
804 2761 862 2811 quae
882 2762 907 2795 m

140 2821 231 2869 iteratus
243 2831 284 2879 per
298 2817 389 2867 mudum
402 2819 503 2877 nature,
515 2828 566 2878 quae
579 2815 650 2866 lentur
663 2814 688 2864 iu
704 2814 790 2877 aliqua
805 2820 901 2883 objectu

140 2888 213 2940 solute
227 2888 383 2949 considerata,
403 2890 426 2937 et
436 2899 482 2936 nou
496 2888 520 2937 in
534 2886 614 2938 urdine
627 2887 656 2937 al
674 2885 784 2938 diuinam
798 2891 886 2941 solunt
903 2899 909 2936 ¹.
