1917 3317
148 203 177 248 8⁰
253 212 362 250 monna
378 211 506 259 sncnnnrs,
519 211 612 255 consu.
628 211 732 257 curru,
748 210 803 247 sur.
819 210 835 244 r.

178 287 207 336 nt
219 286 279 336 circu
290 287 334 336 lucc
346 289 478 350 quuruutu
492 290 557 336 octo:
572 286 600 334 l'·
608 284 687 336 Undru
707 285 777 336 liceat
789 283 932 349 episcopatuo

147 360 261 421 appetere.
285 361 312 406 2⁰
332 356 412 407 Utrduu
434 355 503 408 liccat
528 357 684 421 episcopatum
707 356 804 408 finaliter
829 360 932 405 recusare·

148 431 175 476 ³⁰
188 426 266 477 Utrbm
277 431 379 492 oporteat
389 429 417 478 ad
431 429 588 492 episcopatum
597 428 681 491 ebgeuc
690 428 814 478 deducu.
825 430 854 475 to
867 419 934 473 nudo

148 499 269 562 episcopus
289 499 359 562 possit
377 501 405 550 ad
422 499 555 563 religionem
572 501 679 550 tnuuirs.
694 505 721 549 5⁰
737 499 817 549 Utrdur
835 497 902 548 liceat
918 502 928 538 t

147 570 293 634 corporaliter
311 571 414 622 subditos
433 585 487 622 suus
504 571 616 621 deserere.
630 577 658 620 6·
675 570 754 622 lltrdru
772 571 845 634 possit
862 566 936 617 ualere

147 640 270 704 proprium.
287 646 314 691 '1⁰
330 641 408 692 Utrdru
421 646 501 706 paeon
513 642 638 691 mortaliter
647 642 707 692 bcua
719 641 875 692 coelesiasticu
887 647 933 701 puu-

148 712 240 775 pcribus
252 726 298 763 uou
312 713 433 776 erogando.
445 716 474 761 8⁰
485 712 564 762 Utrdru
579 712 679 776 religiosi
694 712 735 777 qui
744 713 772 762 ad
790 712 937 777 episcopatum

148 787 304 845 muniuntur,
322 787 442 835 teneantur
459 784 488 834 ad
503 784 658 834 observantius
669 785 792 848 reputans.

347 994 351 998 -
447 961 608 1012 dnnlcnllls
624 963 642 1012 l.

319 1089 404 1134 Utinm
421 1087 783 1144 liceatepiceopulnmuppetere

182 1216 216 1266 ld
225 1215 323 1280 primunr
338 1214 370 1264 sic
382 1212 521 1278 proceditur.
535 1212 630 1264 Videtur
640 1211 781 1274 uubdllceat
791 1211 940 1277 episcopatuo

150 1291 265 1352 appetere.
280 1285 338 1338 lttcit
358 1283 417 1334 euim
432 1285 567 1348 Apostolus,
582 1285 601 1333 l.
618 1283 655 1333 ud
673 1283 793 1340 Timotb„
807 1284 839 1334 lll
858 1301 865 1334 ε
882 1284 942 1341 «Qu

151 1359 305 1422 episcopatum
319 1355 449 1414 desiderat,
460 1355 546 1404 bouum
564 1367 623 1417 opus
641 1350 763 1404 desiderat.
774 1371 789 1402 u
803 1352 852 1406 Sud
870 1355 942 1406 licitun

152 1433 188 1480 est
198 1434 221 1480 et
235 1427 345 1478 laudabile
356 1443 370 1475 ιι
382 1427 465 1477 bouum
476 1439 535 1488 opus
543 1425 679 1476 desiderare.
693 1441 708 1472 u
719 1425 778 1488 lingo
790 1426 864 1478 etiam
878 1425 943 1476 lauda

151 1501 197 1550 bile
213 1504 248 1550 est
262 1499 391 1550 desiderare
403 1496 570 1562 episcopatum.

185 1577 209 1620 Ξ.
224 1573 424 1633 Preterea,status
435 1567 593 1632 episcoporum
603 1567 847 1631 est-perfectiorquam
862 1567 944 1632 religio·

153 1657 229 1695 εοιιιιιι
247 1647 331 1704 slatus,
347 1645 373 1691 ut
388 1639 457 1704 supra
471 1639 574 1689 habitum
587 1642 623 1689 est
639 1638 696 1703 (qu.
712 1642 771 1698 1⁸1»,
786 1645 828 1690 art.
852 1647 896 1706 7).
911 1640 943 1689 Su

152 1714 266 1765 laudabile
279 1717 314 1764 est
327 1711 387 1776 qubd
400 1710 482 1774 aliquia
490 1710 603 1761 desideret
612 1711 641 1760 ad
651 1714 735 1760 statum
749 1711 869 1774 religionis
884 1717 940 1763 trans

152 1785 195 1834 ire.
211 1785 270 1848 Ergo
286 1781 354 1834 etiam
368 1782 479 1832 laudabile
492 1787 531 1831 est
543 1781 603 1844 quod
614 1780 699 1844 aliquus
712 1786 803 1845 appetat
813 1808 815 1811 ·
824 1785 854 1834 ad
868 1783 906 1849 ep'
923 1800 938 1825 ι·

153 1860 232 1920 patum
244 1854 381 1920 promoueri.

187 1933 210 1978 d.
224 1929 348 1989 preterea,
364 1926 493 1984 Propere„
509 1925 539 1975 Xl
547 1962 556 1988 ,
569 1924 671 1975 dicitur:
688 1942 703 1973 s
715 1925 759 1983 Qui
771 1925 893 1978 abscondit
910 1929 941 1977 lru

156 2003 232 2050 meula
246 1998 394 2048 nraledicetur
408 1999 432 2051 iu
445 1997 553 2062 populis;
568 1996 696 2046 benedictio
712 1998 788 2045 autem
800 2006 871 2062 super
889 2011 943 2063 capu

154 2069 310 2121 vendentium.
324 2085 338 2116 »
353 2069 396 2119 Sed
410 2067 448 2118 ille
465 2068 504 2130 qui
521 2072 556 2118 est
568 2067 663 2118 idoneus
677 2071 701 2117 et
716 2066 765 2128 uita
778 2072 801 2117 et
817 2070 918 2121 scientia
929 2083 946 2118 ai

156 2143 327 2207 episcopatum,
341 2141 431 2190 uidetur
446 2140 559 2189 frumenta
576 2139 699 2202 spiritualia
715 2140 853 2191 abscondere
869 2142 944 2206 (l)‚s

155 2227 179 2264 se
194 2214 221 2263 ab
236 2211 369 2275 episcopatu
382 2211 514 2274 subtrahat3
529 2212 624 2274 perluoe
633 2214 708 2260 uutcru
721 2210 781 2272 qubd
795 2212 942 2279 episcopatu

155 2284 245 2348 accipit,
258 2283 349 2346 ponitur
358 2281 382 2332 iu
398 2285 459 2332 statu
469 2281 583 2332 frumenta
591 2279 716 2346 spiritualia
729 2281 886 2344 dispensandi.
898 2287 942 2346 larg

154 2355 244 2406 uidetur
257 2353 318 2417 qudd
333 2353 443 2405 laudabile
457 2353 488 2403 sit
498 2353 653 2417 episcopatum
665 2355 785 2416 appetere,
799 2358 825 2402 sl
837 2354 945 2420 vitupera

154 2424 199 2474 bilo
212 2425 287 2489 ipsum
300 2425 414 2487 refugere.

186 2501 208 2547 l.
224 2499 350 2559 Praeterea,
364 2497 423 2547 laeta
436 2492 576 2559 munorum,
588 2509 639 2558 quo
650 2496 676 2546 in
686 2507 751 2545 sacra
767 2495 886 2561 Scriptura
906 2511 937 2548 ua

186 2613 217 2675 (1)
234 2618 266 2661 Do
277 2615 361 2670 ouibus
371 2617 448 2663 locum
458 2615 522 2660 illum
536 2615 653 2660 Proocrd.
666 2615 768 2672 explicat
779 2616 856 2674 Beda,
875 2618 945 2663 dice

154 2679 215 2734 qnod
227 2680 271 2734 put
284 2683 371 2724 soracten
382 2678 569 2736 predicationis
581 2678 649 2735 apud
658 2691 682 2722 se
694 2677 768 2722 unda
779 2680 885 2729 redimi,
900 2694 944 2724 mu

153 2740 272 2787 dedicitur
283 2743 312 2786 ire
320 2743 431 2800 populis,
440 2741 500 2797 pulc
510 2742 540 2784 s'su
546 2741 628 2784 soliaco
638 2741 712 2798 culpo
722 2741 819 2785 silentii
827 2754 877 2799 pro
887 2755 947 2787 eron

155 2810 235 2848 lorum
249 2817 306 2861 quor
316 2805 440 2860 corripere
450 2804 533 2860 poluit
546 2814 618 2860 poeron
634 2803 777 2851 damnatur,
786 2808 832 2848 etc.
846 2805 893 2861 Sed
912 2793 948 2858 hol

154 2867 229 2922 ipsum
248 2880 277 2912 cx
295 2867 403 2924 Gregorio
421 2865 537 2910 mutuatus
558 2871 609 2923 est,
623 2865 664 2910 lin.
682 2867 716 2910 llo
733 2877 794 2910 carru
813 2869 944 2925 postorali

155 2935 213 2984 part.
229 2932 274 2987 ΙΙΙ,
289 2929 401 2974 admouit.
419 2927 457 2970 26.
