1917 3317
62 0 93 186 *f——fl

106 12 145 159 -Γ-·

491 121 579 165 Eli]
669 127 885 165 stemma
912 126 1175 177 ΕΕΠΠὩΒ,
1203 128 1386 173 QUAEST.
1420 128 1655 179 cuxm,
1687 129 1796 168 Ant.
1829 128 1892 164 11.

495 206 685 253 Deteret.
713 204 826 264 XX,
856 217 936 266 qu.
965 205 1015 267 3,
1043 215 1150 267 cap.
1182 205 1431 260 Proesem,
1470 217 1528 254 ex
1557 204 1746 255 Nicolao
1771 204 1807 266 Ι,
1833 204 1917 266 Pap

491 272 640 326 eundo
660 311 674 336 ,
696 274 738 324 si
763 273 925 337 aliquis
945 273 1197 325 simoniace
1232 274 1373 326 alium
1401 275 1459 326 ad
1485 276 1750 338 religionem
1767 276 1909 326 trabat

491 349 615 397 ribus
642 345 788 410 datis,
817 348 869 395 ut
894 345 1159 410 prohibetur
1192 347 1247 395 in
1274 347 1501 406 Decret„
1527 346 1677 396 Causa
1709 348 1749 408 1,
1785 360 1862 409 qu.
1900 349 1917 393 i

495 421 657 477 [inam
686 417 796 481 pio,
825 417 846 481 (
859 430 920 467 ex
945 416 1160 467 Bonifac.
1188 417 1264 481 1).
1284 418 1383 467 Nec
1407 421 1568 468 tamen
1602 419 1662 468 ad
1697 420 1786 469 hoc
1827 421 1917 482 pert

495 488 657 553 aliquis
676 487 811 538 alicui
826 488 1018 553 pauperi
1033 488 1292 539 necessaria
1306 488 1623 539 subministret
1639 490 1691 539 in
1709 488 1869 539 saecrilo
1884 503 1917 537 ιι

495 572 598 607 num
623 559 678 610 ad
706 558 1006 623 religionem3
1027 559 1130 621 vel,
1161 558 1203 609 si
1242 559 1345 609 sine
1379 563 1514 622 pacto
1543 560 1699 624 aliqua
1723 572 1917 609 manusc]

499 629 604 678 hunt
637 629 695 679 ad
733 628 1087 680 familiaritatem
1116 630 1407 693 captandam.
1438 630 1593 681 Tertio
1608 667 1622 693 ,
1650 630 1691 681 si
1719 630 1917 681 mendaci

499 700 690 767 alliciat3
717 700 927 751 imminet
949 700 1074 752 enim
1100 701 1166 751 sic
1198 701 1383 752 inducto
1411 701 1659 765 periculum
1676 738 1689 761 ‚
1720 714 1777 752 ne
1806 714 1913 751 cum

499 776 672 837 ceptum
690 771 919 823 invenerit
938 773 1209 833 retrocedat,
1228 777 1276 824 et
1298 772 1366 823 sic
1396 788 1425 820 ε(
1450 772 1565 822 flant
1588 772 1839 823 novissima
1872 772 1917 822 ill

499 841 633 893 minis
661 843 818 907 pejora
838 842 1098 907 prioribus,
1121 860 1149 891 ιι
1176 847 1229 893 ιιι
1251 844 1412 895 dicitnr
1440 844 1583 900 Luc„
1606 843 1689 893 XI.

563 914 626 964 Ad
662 915 862 978 primum
895 927 1012 982 ergo
1036 914 1455 979 dicendum,un
1494 916 1587 965 illis
1620 915 1704 978 qui
1743 916 1799 965 ad
1831 914 1917 965 reli

503 981 798 1051 inducuntur,
817 986 1116 1037 nihilominus
1136 995 1395 1039 reservatur
1412 986 1695 1051 probationis
1714 990 1917 1050 tempus

499 1057 787 1109 difficultates
818 1058 1054 1123 religionis
1092 1060 1419 1123 experiuntnr3
1446 1063 1496 1111 et
1525 1059 1592 1109 sic
1634 1073 1725 1111 non
1764 1059 1917 1138 facilis¹

499 1129 567 1177 (ιε
597 1130 726 1180 datur
747 1131 807 1181 ad
832 1130 1068 1193 religionis
1092 1131 1364 1194 ingressum.

563 1201 625 1251 Ad
660 1200 905 1251 secundum
944 1201 1221 1265 dicendum,
1251 1201 1374 1266 quod
1410 1202 1663 1253 secundum
1694 1200 1917 1252 Hilarium

499 1272 656 1333 xxiv,
682 1273 736 1321 in
763 1272 995 1337 matth),
1017 1275 1204 1325 verbum
1231 1274 1342 1325 illud
1363 1273 1553 1325 Domini
1579 1272 1917 1337 praenuntiativi

499 1341 700 1405 perversi
729 1342 869 1396 studii
905 1344 1165 1396 Judaeorum
1183 1380 1198 1407 ,
1227 1358 1319 1407 quo
1338 1380 1352 1407 ‚
1377 1349 1481 1409 post
1522 1343 1691 1395 Christi
1725 1343 1917 1407 praedica

499 1413 718 1478 Gentiles,
740 1415 816 1465 vel
841 1413 979 1465 etiam
1005 1414 1292 1466 Christianos
1326 1417 1383 1466 ad
1411 1416 1658 1466 ,Iudaicum
1680 1415 1822 1464 ritum
1854 1419 1917 1464 tra

503 1485 674 1535 sariunt
700 1486 941 1550 dupliciter
966 1488 1185 1549 gehemnae
1206 1487 1352 1550 filios;
1381 1487 1491 1550 quia
1513 1486 1691 1538 scilicet
1705 1491 1753 1536 et
1768 1499 1917 1549 pecca*

503 1557 598 1605 lina
623 1570 726 1620 qum
767 1557 1120 1621 commiserunt,
1145 1556 1196 1607 in
1221 1558 1455 1609 ,ludaismo
1489 1558 1557 1609 eis
1581 1570 1674 1609 non
1714 1556 1917 1607 dimittor

507 1626 799 1679 nihilominus
825 1628 1063 1680 incurrunt
1082 1630 1285 1681 Judaicae
1313 1630 1516 1694 perfidia
1542 1632 1735 1679 reatum.
1763 1629 1825 1679 Et
1851 1642 1917 1679 se<

503 1701 590 1749 linc
613 1712 710 1750 non
733 1699 843 1751 facit
877 1702 933 1750 ad
962 1702 1264 1765 propositum.
1300 1700 1555 1752 Secundum
1590 1700 1917 1764 Hieronymum

503 1769 590 1821 Ιιιιιι
613 1769 804 1821 refertur
829 1773 886 1822 ad
911 1773 1089 1823 Judaeos
1111 1774 1252 1823 etiam
1274 1784 1358 1835 pro
1384 1775 1507 1822 statu
1533 1771 1613 1821 illo
1640 1771 1691 1821 in
1711 1783 1805 1833 quo
1835 1771 1917 1834 leg}

503 1842 670 1891 servari
697 1841 880 1906 licebat,
898 1847 1118 1907 quantum
1135 1844 1193 1893 ad
1218 1845 1307 1894 hoc
1328 1843 1450 1907 quod
1472 1835 1550 1893 ille
1570 1841 1648 1906 qni
1666 1842 1725 1893 ab
1746 1841 1819 1891 eis
1847 1843 1905 1892 ad

507 1925 628 1961 mum
661 1914 1023 1977 convertebatur,
1051 1930 1079 1962 «
1098 1914 1206 1965 dum
1229 1918 1327 1965 erat
1350 1913 1543 1965 Gentilis
1559 1951 1573 1976 ‚
1605 1912 1872 1977 simpliciter
1894 1926 1917 1963 e

503 1981 660 2033 ridens
687 1986 838 2035 autem
865 1985 1183 2048 magistrorum
1205 1986 1320 2036 vitia
1336 2022 1351 2049 ,
1367 1985 1610 2035 revertitur
1630 1984 1687 2036 ad
1707 1983 1917 2033 vomitun

503 2057 551 2101 ot
571 2052 761 2103 Gentilis
778 2054 926 2104 factus
951 2055 1081 2118 quasi
1098 2055 1418 2119 pravaricator
1441 2054 1604 2118 majori
1624 2066 1761 2118 poena
1787 2054 1844 2104 fit
1865 2054 1917 2104 di

504 2125 571 2173 Ex
594 2138 684 2188 quo
719 2129 847 2190 patet
871 2126 991 2189 quod
1012 2129 1193 2177 trabere
1219 2127 1337 2179 alios
1364 2127 1422 2177 ad
1454 2127 1627 2177 cultum
1651 2125 1761 2185 Dei,
1792 2125 1873 2175 vel
1915 2160 1917 2170 Α

503 2197 684 2257 ginnem
697 2232 727 2261 ,χ
752 2210 845 2249 ιιοιι
876 2201 950 2247 est
990 2198 1320 2262 vituperabile3
1363 2198 1444 2248 sed
1478 2199 1567 2248 hoc
1599 2195 1747 2247 solum
1782 2194 1908 2260 qnod

503 2265 547 2313 (εἰ
583 2267 661 2331 (χιιι
699 2266 993 2328 convertitur,
1034 2268 1113 2319 det
1145 2267 1315 2318 malum
1355 2266 1641 2331 exemplum,
1674 2266 1797 2317 unde
1834 2267 1915 2330 pej

507 2337 663 2392 [riatur.

567 2410 634 2461 Ad
654 2408 838 2460 tertium
870 2409 1142 2470 dicendum,
1167 2409 1326 2472 quod
1313 2424 1362 2459 m
1398 2409 1558 2473 majori
1581 2408 1823 2461 includitur
1847 2409 1917 2457 mi

507 2481 605 2532 ideo
638 2480 717 2532 ille
742 2481 822 2545 qui
853 2484 926 2531 est
951 2480 1175 2545 obligatus
1213 2483 1320 2532 voto
1346 2481 1423 2533 vel
1453 2481 1715 2542 juramento
1755 2480 1813 2530 ad
1842 2479 1917 2543 ing

507 2552 693 2603 minoris
713 2551 948 2616 religionis
962 2587 977 2611 ,
1005 2554 1157 2616 potest
1180 2548 1305 2603 licite
1333 2551 1487 2602 induci
1513 2554 1565 2603 ad
1594 2554 1684 2603 hoc
1716 2550 1840 2616 quod
1866 2551 1917 2600 ad

507 2637 598 2673 rem
631 2624 897 2687 religionem
937 2627 1166 2684 transeat,
1190 2623 1281 2674 nisi
1310 2622 1372 2673 sit
1396 2623 1569 2688 aliquid
1589 2623 1787 2689 speciale
1814 2636 1917 2686 qno«

511 2693 618 2757 aliut,
640 2694 750 2759 putu
775 2693 1037 2755 infirmitati,
1057 2692 1133 2743 vel
1156 2706 1265 2756 spes
1286 2694 1474 2759 majoris
1497 2693 1729 2759 proiectus
1757 2693 1807 2743 in
1835 2693 1917 2743 mir

507 2765 695 2829 ligione.
737 2765 818 2816 Ille
845 2765 952 2816 vero
976 2764 1061 2829 qui
1088 2767 1163 2815 est
1181 2764 1407 2828 obligatus
1431 2769 1557 2828 voto,
1576 2765 1652 2816 vel
1672 2766 1917 2828 jurament(

515 2849 717 2897 gressum
740 2836 928 2900 majoris
953 2833 1201 2899 religionis,
1221 2848 1316 2888 non
1335 2839 1485 2899 potest
1496 2836 1618 2889 licite
1633 2835 1785 2887 induci
1804 2835 1861 2885 ad
1887 2848 1917 2883 ιι
