1917 3317
154 109 200 156 tra
348 120 409 156 rens
427 121 469 170 nr,
485 121 581 165 onaan.
598 121 656 168 mu,
673 121 729 158 nar.
746 120 781 156 ιιι.

446 301 610 352 hebionitis
625 303 665 353 111.

184 431 269 476 Utrirm
288 431 369 476 nnirrra
383 431 472 476 Christi
488 431 599 503 babuerit
613 432 808 489 omnipotentiam
820 434 893 485 resprrt

446 507 539 551 propria
548 496 665 550 corporis.

188 624 221 676 hri
236 625 327 676 tertium
341 624 372 674 sic
385 625 526 689 proceditur.
542 625 637 675 Videtur
651 625 715 688 quod
727 622 883 675 epimachum
897 622 901 645 ¹

154 697 230 748 buerit
246 697 433 760 omnipotentiam
457 700 563 759 respectu
584 695 673 760 proprii
693 697 803 760 rorpona
821 695 870 745 birit
885 714 898 737 ι.

154 769 308 819 Damascenis
317 768 341 817 in
352 767 451 832 iii.1ib.,
462 768 523 832 quod
535 767 632 821 «omnia
641 769 757 818 naturalia
766 768 853 818 tueruut
862 767 881 812 ii

156 840 297 902 voluntaria3
311 840 391 889 rolens
403 839 464 888 enim
479 838 585 902 esurivit,
596 840 678 891 notens
688 840 773 900 sitivit,
783 840 857 889 rolens
869 838 884 883 h

155 913 235 962 rolens
249 915 352 960 mortuus
371 914 420 970 est,
435 914 482 960 ete.
498 928 512 957 ιι
527 911 573 962 Sed
586 912 671 962 exhor
684 912 747 962 heus
760 911 839 960 dieitur
856 922 888 957 ou.

156 986 223 1046 tens,
239 984 293 1046 qnia
308 983 407 1032 «omnia
424 995 575 1046 quecumque
592 982 678 1044 votuit,
693 983 762 1033 feeit.-
775 999 789 1030 ι
803 984 857 1043 Ergo
868 980 883 1024 u}

156 1053 217 1118 quod
230 1055 307 1104 anima
321 1053 405 1104 Christi
417 1053 522 1104 habuerit
542 1053 734 1118 omnipotentiam
755 1057 883 1117 respectum

158 1125 214 1175 bum
228 1126 384 1188 operationum
400 1125 485 1188 proprii
498 1125 610 1188 eorporis.

189 1198 213 1244 2.
228 1196 353 1260 Praeterea,
362 1198 386 1246 in
397 1196 489 1246 Christo
501 1197 545 1246 fuit
557 1196 682 1260 perfectior
695 1197 886 1247 bumananainn·

156 1265 182 1316 in
194 1267 281 1331 hoam3
296 1270 320 1318 iu
335 1281 379 1331 quo
397 1267 523 1318 secundinm
535 1267 670 1331 originalem
677 1267 798 1331 justitiam
807 1279 867 1330 quau
878 1265 886 1291 ’··

155 1337 181 1388 in
190 1337 326 1389 innocentiae
340 1343 411 1401 statu,
421 1339 610 1402 habebatoorpus
624 1337 718 1388 omnino
731 1340 857 1404 subjeetum
865 1348 887 1382 au

156 1410 183 1458 nt
192 1408 250 1458 nihii
259 1409 283 1459 in
294 1423 388 1473 corpore
404 1412 483 1474 posset
499 1409 600 1459 arridere
612 1413 691 1458 eontra
712 1412 799 1461 animm
811 1410 878 1458 roinn

158 1478 218 1544 Ergo
236 1480 307 1531 muitb
321 1482 394 1544 magis
412 1480 490 1530 anima
506 1479 593 1530 Christi
611 1479 692 1529 hebuit
705 1479 885 1545 omnipotentia-n

157 1555 226 1614 pennu
240 1553 276 1603 sui
290 1553 399 1616 corporis.

191 1629 213 1672 3.
231 1625 359 1686 Praeterea,
374 1625 402 1674 ad
419 1623 605 1686 imaginationem
627 1623 710 1673 animae
727 1622 858 1675 naturaiiter
872 1629 889 1662 u·

158 1694 303 1758 immutatur,
319 1701 341 1746 et
356 1694 418 1746 teutb
433 1695 506 1757 magis
526 1692 610 1758 quautb
625 1693 703 1755 magis
716 1695 797 1744 anima
809 1690 869 1741 fuerit
886 1701 889 1706 ·

158 1762 340 1828 imaginationis,
356 1770 381 1815 ut
396 1766 420 1816 in
436 1767 456 1814 i.
469 1769 527 1828 part.
541 1765 642 1814 habitum
655 1767 701 1814 est.
720 1765 770 1816 Sed
788 1765 858 1815 anima
869 1760 890 1806 tl*

158 1833 238 1884 habuit
247 1836 350 1886 virtutem
360 1835 560 1900 perfectissimam,
570 1838 714 1898 etquautum
724 1837 757 1885 ad
766 1831 888 1898 imaginati-f·

160 1907 184 1955 et
192 1909 301 1968 quantum
316 1909 343 1957 ad
358 1907 414 1957 alias
424 1908 493 1956 vires.
504 1907 562 1969 Ergo
573 1905 649 1955 anima
661 1905 749 1955 Christi
761 1906 807 1958 init
819 1904 893 1962 omnip·

160 1975 183 2026 in
200 1983 305 2041 respectu
322 1980 349 2028 ad
365 1991 446 2042 eorpus
458 1977 583 2042 proprium.

192 2049 237 2098 Sed
252 2054 329 2099 eontra
340 2057 390 2112 est,
404 2050 464 2114 quod
478 2049 561 2100 dieitur
575 2048 661 2104 Heba,
677 2047 713 2107 ιι,
725 2048 791 2111 qnbd
804 2066 819 2096 n
830 2044 890 2096 debu:

162 2120 238 2170 omnia
256 2119 362 2171 iratribus
379 2120 514 2182 assimilari,
528 2136 542 2167 ιι
557 2123 581 2170 at
597 2117 712 2182 praeoipub
730 2118 758 2169 iu
773 2119 813 2170 his
830 2129 872 2180 qna
883 2135 893 2172 r

161 2195 219 2240 nent
231 2193 260 2242 ad
268 2192 419 2242 conditionem
432 2195 519 2242 naturae
529 2193 643 2240 humanae
657 2190 704 2240 Sed
714 2191 743 2240 ad
753 2189 891 2242 condinonm

161 2275 235 2314 mama
247 2269 333 2314 nature
344 2265 443 2328 pertinet
453 2263 513 2326 qnod
522 2263 628 2313 valetudo
637 2262 749 2325 eorporis,
763 2267 789 2313 et
800 2262 848 2326 ejus
857 2266 887 2305 nn

162 2336 186 2385 et
196 2340 356 2400 augmentum,
369 2334 465 2399 imperio
473 2334 569 2386 rationis
580 2347 622 2384 seu
634 2334 762 2384 voluntatis
773 2347 820 2384 nou
828 2330 885 2381 suhh

162 2405 217 2470 quia
234 2407 346 2458 naturalia
365 2407 407 2458 soli
428 2408 490 2469 Deo,
505 2407 545 2470 qui
563 2409 599 2457 est
616 2408 694 2454 auctor
709 2409 816 2467 natura,
829 2401 887 2474 subin

161 2477 222 2541 Ergo
239 2491 282 2528 nee
301 2478 326 2528 in
340 2478 429 2544 Christo
451 2479 614 2528 subdebantur.
631 2477 682 2532 Non
697 2475 770 2540 igitur
790 2474 860 2527 anima
874 2470 890 2516 i'

162 2548 207 2601 fnit
220 2551 366 2616 omnipotens
379 2553 484 2614 respectu
500 2548 587 2614 proprii
598 2548 708 2612 eorporis.

198 2621 352 2686 (Conennsno.
366 2649 396 2659 -
414 2621 480 2672 Siout
495 2621 569 2670 anima
582 2619 669 2670 Christi
681 2631 730 2670 nou
749 2622 839 2683 poterat
851 2618 887 2664 enh

165 2705 258 2756 norpora
266 2694 384 2743 immutare
395 2692 408 2742 h
419 2706 485 2742 rursu
498 2695 522 2741 et
532 2691 612 2741 ordine
621 2693 726 2754 nature,
740 2691 775 2740 sic
789 2704 830 2741 neo
837 2698 891 2738 sonu

163 2765 277 2828 propriam
297 2764 404 2814 virtutem
425 2766 530 2826 respectu
546 2761 633 2828 proprii
654 2762 758 2825 eorporis
778 2760 895 2824 omnipoteu·

164 2833 256 2897 habuit,
266 2833 311 2883 nisi
330 2837 442 2897 patemus
453 2833 523 2886 Verbi
535 2832 577 2884 bei
586 2833 794 2905 instrumentum.)
