1917 3317
237 221 268 258 nn
282 219 349 258 nono
365 218 491 258 naseroms
505 219 609 264 cantara,
776 211 821 260 888

53 300 86 349 ht
100 297 193 348 tertiam
207 297 340 358 hisenhart,
362 295 424 360 quoa
437 296 515 362 passio
534 297 617 348 christi
630 297 709 347 hahuit
723 299 821 363 aliquem

32 372 135 432 ficetum,
146 382 213 433 quem
224 369 406 419 nonhahuerant
416 367 568 432 procedentia
577 369 665 432 merita3
672 384 719 421 non
728 374 822 434 propter

31 442 131 505 rajorem
153 440 302 500 charitatem,
318 440 358 490 sed
376 443 469 505 propter
489 453 561 504 genus
580 440 671 504 operis,
692 442 752 504 qaod
775 444 824 493 erat

30 512 161 563 onveniens
169 511 210 562 taIi
223 511 328 571 effectui,
340 515 366 561 ut
377 514 441 576 patet
450 525 480 563 ex
494 511 622 564 rationibus
633 511 701 577 sopri
715 512 821 573 induciis.

32 597 49 634 e
64 582 225 635 oontenienIIa
240 583 352 648 passionis
366 583 460 634 Christi.

321 760 477 813 inficiantis
489 762 519 812 11.
612 795 614 800 ,

55 887 143 933 Ufrfem
155 889 234 944 passio
253 885 343 934 Christi
361 887 495 931 causaverit
513 891 621 932 nostram
639 887 741 934 solutam
752 901 797 946 por

275 949 372 994 modam
388 949 569 1004 satisfactionis.

54 1076 90 1127 Ad
104 1074 227 1126 maroam
240 1075 274 1125 sio
284 1073 412 1138 proceditur
421 1073 464 1140 (f).
478 1074 640 1140 Videtur-qnid
650 1077 724 1141 passio
735 1077 823 1130 Christi

27 1162 72 1201 ron
89 1146 216 1198 causaverit
231 1150 332 1197 nostram
356 1146 452 1196 salutent
477 1160 519 1210 per
537 1148 628 1198 modum
652 1149 823 1201 satisfactionis.

26 1218 136 1284 {jusdem
149 1217 210 1268 enfrn
223 1218 373 1268 videturesse
386 1217 532 1282 satisfacere,
545 1221 609 1283 eujus
623 1223 658 1270 est
671 1233 782 1284 peecare,
794 1223 825 1272 si-

26 1294 67 1343 eut
86 1292 151 1353 patet
170 1289 194 1338 in
216 1289 269 1340 aIiis
292 1289 432 1353 portoras
451 1289 567 1354 partihus;
587 1289 688 1354 ejusdem
708 1291 768 1341 enim
790 1297 826 1343 est

26 1361 113 1415 :onteri
124 1365 147 1411 et
160 1360 279 1423 confiteri,
292 1361 359 1425 eujus
369 1366 405 1411 est
417 1374 521 1426 peceare.
536 1362 581 1412 Sed
595 1363 700 1413 Christos
715 1376 761 1414 non
772 1375 825 1429 pee-

25 1433 94 1496 cavii,
105 1431 227 1483 soeandhm
236 1432 290 1481 iliad
300 1433 318 1481 I.
331 1434 412 1492 I’etr.²
425 1433 446 1482 II
459 1446 490 1482 :o
519 1433 542 1482 ui
556 1436 674 1496 peceatum
683 1447 729 1484 non
737 1434 823 1485 feeit.»

25 1508 87 1568 ingo
100 1502 150 1567 ipse
164 1516 211 1554 non
224 1502 333 1553 satisfecit
345 1503 435 1568 propria
448 1504 564 1567 passione,

57 1580 83 1625 a.
108 1576 236 1637 Proterea,
258 1575 313 1626 nolli
337 1575 420 1626 satisfit
443 1588 485 1639 per
509 1575 618 1640 majorem
641 1576 761 1629 ostensam.
781 1579 825 1629 Sed

24 1646 125 1699 maxima
135 1646 222 1697 offensa
234 1645 278 1696 fuit
292 1650 420 1711 perpetrata
434 1645 458 1695 ia
468 1646 553 1698 Christi
566 1646 685 1711 passione,
700 1649 752 1711 qaia
771 1663 826 1713 gra·
878 1695 881 1700 .

24 1717 120 1770 tissimi
137 1721 288 1782 peecaverunt
300 1718 340 1782 qai
351 1731 404 1768 eum
415 1718 554 1778 oeciderunt,
566 1723 591 1770 ut
604 1718 672 1782 snpra
684 1719 770 1770 dietum
782 1725 825 1772 ast.

24 1794 86 1854 firgo
106 1789 198 1840 videtur
215 1788 276 1853 quot
294 1803 336 1854 per
355 1790 486 1854 passIonem
502 1791 586 1842 Christi
602 1803 648 1842 non
666 1792 765 1855 potnerit
779 1792 825 1844 Iteo

24 1861 140 1915 satisfieri.

61 1935 220 1996 aproniana,
236 1933 362 1985 satisfactio
379 1933 487 1999 importat
501 1933 652 1997 aequalitatem
666 1935 786 1997 quamdam
797 1935 824 1986 ad

24 2005 135 2068 eulpam,
148 2003 200 2054 eiam
212 2004 244 2055 sit
252 2008 317 2054 aetas
328 2005 434 2068 institiae.
444 2005 489 2055 Sed
499 2004 577 2069 passio
583 2003 668 2055 Christi
679 2017 724 2055 non
736 2005 826 2055 videtur

24 2089 81 2129 esse
95 2075 188 2138 Qualis
200 2075 305 2127 omnihus
316 2077 417 2139 peoeatis
430 2076 523 2127 humani
538 2075 643 2140 generis3
661 2076 713 2140 quia
724 2077 828 2128 Christos

24 2161 76 2201 non
91 2151 125 2197 est
134 2160 215 2210 passus
225 2146 349 2198 saoundhm
360 2147 517 2210 ‹firinItatem‚
532 2147 573 2198 sed
587 2146 709 2200 secundina
724 2159 824 2211 earnem,

24 2218 153 2271 secundina
162 2218 218 2267 illud
230 2219 250 2268 I.
261 2218 326 2277 Pes,
338 2219 368 2268 IV
381 2235 387 2266 :
401 2219 514 2269 «Christo
525 2217 595 2281 igitur
608 2231 675 2283 passo
686 2219 710 2269 in
724 2231 801 2270 name.
813 2233 826 2268 a

24 2289 109 2343 Anima
128 2294 217 2352 autem,
233 2289 315 2353 inqua
336 2294 373 2340 est
387 2295 519 2353 peceatum,
532 2291 608 2354 potior
628 2294 663 2340 est
681 2303 749 2354 qaam
763 2303 824 2341 earo.
930 2325 931 2328 ,

25 2365 80 2415 Non
91 2375 144 2424 ergo
154 2362 257 2413 ChrIstus
272 2375 313 2412 sna
323 2361 430 2424 passione
442 2362 553 2413 satisfecit
565 2375 606 2426 pro
620 2363 721 2426 peccatis
733 2363 826 2413 nostris.

58 2433 104 2484 Sed
127 2438 205 2485 eontra
224 2438 267 2496 est,
285 2433 345 2497 qaod
364 2433 389 2482 in
405 2446 503 2498 persona
523 2434 574 2498 ejus
591 2434 672 2484 dieitur
685 2434 710 2484 fn
729 2433 827 2483 Psolm.

24 2505 120 2558 LXVIII
129 2506 169 2572 (ut
178 2505 226 2568 jam
243 2503 339 2568 supra),
353 2517 426 2566 oque
437 2517 485 2555 non
498 2505 578 2568 rapui,
593 2508 646 2556 tarne
660 2506 826 2556 exolveham.a
929 2517 930 2520 ¹

24 2579 77 2629 Nou
90 2581 167 2626 antem
187 2575 273 2627 exolvit
287 2576 326 2639 qui
344 2576 445 2640 perfecti
460 2590 507 2628 non
528 2577 646 2629 satisfecit.
661 2580 720 2641 Ergo
737 2577 828 2628 videtur

24 2648 92 2730 qaod
102 2648 207 2700 Christos
217 2647 322 2713 patiendo
335 2647 437 2712 perfecte
450 2649 587 2701 ειιίιιιιιιιι
605 2648 756 2714 propeccatis
768 2661 827 2699 nos-

24 2726 80 2772 tris.

64 2880 143 2944 (I)Do
163 2885 199 2930 his
217 2885 287 2930 etiam
302 2883 393 2932 Contra
410 2885 491 2936 asoa,
505 2886 546 2931 fib.
564 2883 597 2937 IV
604 2917 611 2946 ,
625 2897 676 2945 cap.
693 2881 738 2946 55,
754 2885 784 2932 ad
795 2882 826 2930 23
927 2869 928 2880 ¹

26 2952 54 2995 et
66 2945 116 3004 ἰός
132 2952 157 2994 ot
170 2948 271 3010 Opone„
288 2951 325 2997 hx
333 2982 340 3012 ,
353 2960 406 3009 oap.
422 2947 467 3012 ta,
482 2947 562 2996 cohi.
