1917 3317
236 176 267 217 on
282 178 431 220 τιιιτιιιοιιι
446 179 551 220 cunrsrr.
747 165 792 219 mr

64 256 129 317 luet,
142 255 208 307 licit:
224 256 304 315 «Quid
316 258 359 307 siti
370 258 419 308 vult
438 258 490 308 talis
503 258 736 320 componeremus,
751 258 798 311 uisi

62 340 72 374 ι
89 326 260 391 coguoverotltei
275 326 359 378 Filium
375 342 426 380 esse
442 331 577 391 rentumm‚
590 329 629 379 sed
648 329 740 381 uenisse
756 344 798 395 per

62 414 75 445 t:
86 399 225 449 infirmitatem
243 400 341 464 corporis
356 414 403 451 uon
415 400 518 467 putabat.
533 416 548 448 o

62 472 77 519 nl
91 471 201 521 mcoudum
218 470 350 532 dicendum,
365 471 426 536 quid
438 471 544 523 christus
559 474 653 523 uenerat
672 473 797 525 dissolvere

62 556 80 590 m
93 542 175 605 diaboli,
186 554 229 593 oon
238 542 373 607 potestative
383 545 484 607 agendo,
496 544 536 595 sed
545 545 617 608 magis
630 544 658 594 ab
673 558 700 595 co
710 549 734 596 et
748 545 798 610 ejus

62 614 112 663 oriris
121 614 235 678 patiendo,
250 618 276 663 ut
287 614 320 664 sic
334 614 448 665 diabolum
459 614 562 666 uinceret
576 615 684 679 justitia,
696 630 743 667 nou
755 630 798 681 po-

61 691 100 747 rte,
114 686 170 737 siout
183 686 318 749 Augustinus
337 686 390 736 dicit
407 686 467 737 Xlll.
489 686 526 737 De
546 688 637 739 Trim't.
654 689 723 754 (cop.
739 688 796 754 13),

60 758 100 805 l«
114 758 211 809 diebolus
232 769 278 808 uon
297 757 399 823 potentia
421 760 476 822 Dei,
492 759 532 809 sed
550 759 640 824 justitia
657 762 798 825 superandus

75 846 85 873 o
106 828 193 879 Etideo
207 829 264 878 circe
282 830 432 881 tentationem
444 831 529 881 Christi
544 832 734 885 considerandum
752 834 796 894 est,

76 900 164 964 proprio
177 900 291 951 uoluntate
313 900 381 965 lecit,
396 906 420 951 et
440 902 495 965 quid
509 902 524 952 t
540 902 629 953 diabolo
645 916 727 967 passus
744 903 796 953 luit.

59 973 67 1019 l
81 972 141 1021 enim
155 972 259 1022 tentatori
270 984 295 1022 se
310 970 409 1036 offerret,
424 972 468 1023 luit
479 972 577 1037 propriae
590 975 726 1038 voluntatis3
737 974 797 1025 uude

62 1060 84 1091 or
96 1046 194 1105 Malli„
210 1044 239 1093 lV
253 1059 258 1092 τ
273 1060 286 1092 ιι
295 1046 380 1094 Ductus
393 1048 427 1095 est
441 1045 510 1095 Jesus
519 1044 543 1093 iu
555 1045 668 1095 desertum
680 1045 797 1111 iSpiritu,

59 1112 189 1164 >utereturi
204 1114 301 1167 diabolo.
317 1132 330 1163 o
347 1116 410 1175 Quot
425 1115 547 1179 Gregorius
562 1116 731 1179 intelligendum
744 1115 798 1167 dicit

61 1187 127 1249 piritu
139 1190 216 1237 sancto
227 1204 240 1235 ιι
251 1192 277 1237 ut
288 1187 373 1238 scilicet
385 1187 439 1237 illuc
454 1200 507 1237 eum
515 1186 615 1251 Spiritus
624 1202 679 1237 suus
693 1188 796 1252 duceret,

58 1273 107 1307 etun
122 1259 150 1309 sd
172 1260 301 1309 tentandum
321 1258 415 1323 spiritus
427 1259 542 1321 malignus
556 1258 680 1310 inueniret.
698 1276 712 1307 o
726 1260 798 1311 Seii

58 1336 83 1381 tto
98 1344 182 1397 passus
191 1336 235 1395 est,
245 1335 271 1381 ut
283 1336 444 1395 assumeretur,
455 1332 491 1381 vel
502 1330 570 1395 supr'a
582 1332 730 1395 pinnaculum
740 1336 798 1383 tem-

58 1406 91 1454 ιιι
106 1404 177 1455 etium
190 1402 215 1452 in
228 1406 329 1453 montem
343 1404 457 1454 excelsum
471 1403 546 1453 valde.
559 1404 606 1453 Nec
620 1407 655 1453 est
669 1404 750 1455 mirum
766 1406 799 1468 (ut

57 1477 113 1525 .·1·ius
124 1474 209 1539 dicit),
225 1474 270 1524 usi
280 1488 304 1526 se
318 1476 346 1525 ub
357 1472 395 1525 illo
410 1474 513 1538 permisit
524 1474 547 1522 io
564 1478 664 1525 montem
677 1474 741 1538 duci,
756 1474 796 1537 qui

57 1546 134 1596 urtulit
158 1546 227 1595 etiam
243 1546 256 1596 t
271 1546 377 1597 membris
396 1546 468 1611 ipsius
487 1545 596 1608 crucifigi.
620 1562 634 1592 o
657 1546 798 1608 intelligitur

56 1635 62 1667 ι
75 1620 87 1668 A
99 1618 194 1668 diabolo
206 1622 349 1684 assumptos,
360 1632 407 1669 nou
419 1618 485 1683 quasi
496 1631 525 1668 er
536 1618 685 1680 necessitate,
696 1619 735 1668 sed
745 1618 799 1682 quia
851 1668 857 1678 ,

56 1693 152 1754 rigenes
167 1689 222 1739 dicit
235 1704 311 1753 cuper
326 1690 411 1754 Luc),
428 1706 442 1737 ι
463 1690 599 1753 sequebatur
616 1703 668 1740 eum
683 1689 711 1740 ad
724 1692 798 1740 teutu-

56 1778 87 1821 ιι,
99 1760 170 1826 quasi
184 1760 270 1811 athleta
283 1766 364 1825 sponte
374 1762 508 1826 procedens.
520 1777 534 1807 o

66 1835 165 1884 tertium
178 1830 313 1893 dicentium,
328 1832 387 1896 quid
403 1832 462 1883 sicut
476 1832 598 1897 Apostolus
611 1829 679 1894 dicit,
695 1832 798 1884 Christus

61 1909 132 1955 tribus
142 1903 233 1953 tentari
246 1902 319 1954 uoluit
334 1904 418 1968 absque
431 1909 534 1969 peceato.
547 1904 653 1954 Teutatio
663 1909 739 1955 autem
749 1917 798 1968 quae

56 1995 61 2026 t
76 1980 158 2040 noste,
175 1977 253 2039 potest
266 1989 316 2026 esse
326 1975 375 2025 siue
386 1980 493 2040 peccato,
505 1974 557 2039 quia
568 1975 593 2024 tit
603 1988 645 2039 per
656 1976 726 2027 solam
736 1980 798 2026 exte·

56 2067 62 2099 ι
79 2048 272 2114 suggestionem.
287 2049 390 2099 tentatio
410 2054 486 2100 autem
499 2063 550 2113 quae
572 2052 608 2100 est
628 2047 739 2112 icarus,
751 2063 798 2100 uon

70 2138 128 2173 esse
141 2122 197 2172 sine
216 2124 325 2185 peccato;
340 2121 393 2184 quis
405 2121 536 2186 hujusmodi
550 2120 646 2171 tentatio
660 2120 686 2171 tit
698 2133 740 2185 per
754 2120 799 2171 de-

58 2208 134 2244 ouem
149 2196 177 2244 et
192 2192 408 2257 concupiscentiam.
424 2194 450 2242 ut
465 2192 525 2242 sicut
537 2192 677 2255 Augustinus
689 2193 744 2242 dicit
757 2191 797 2242 lib.

56 2269 93 2315 De
108 2266 200 2316 Civit.
220 2266 279 2329 (cap.
296 2264 337 2327 t),
354 2282 367 2311 ιι
380 2264 514 2317 nonnullum
527 2267 646 2328 peccatum
658 2268 694 2314 est
707 2264 798 2327 quando

56 2336 202 2402 oncupiscit
217 2336 327 2387 adversus
344 2335 456 2401 spiritum.
472 2352 486 2385 o
501 2338 529 2387 Et
539 2336 591 2388 ideo
601 2335 704 2387 coriscus
715 2334 800 2386 tentari

61 2412 93 2461 ab
110 2410 207 2470 hoste,
223 2408 263 2459 sed
274 2420 321 2459 non
335 2407 347 2459 t
360 2421 438 2459 mene.

293 2582 451 2635 ARTICULUS
462 2585 494 2634 ll.

87 2709 192 2755 Utrs‘cm
208 2706 319 2755 Christos
330 2709 357 2753 io
366 2706 458 2754 deserto
476 2708 565 2754 tortori
578 2704 693 2754 deluerit.

56 2836 209 2887 secundum
226 2835 261 2886 sic
274 2835 410 2899 proceditur.
431 2834 528 2886 Videtur
547 2831 608 2899 quod
624 2832 730 2883 Christos
753 2845 800 2885 uon

61 2916 68 2958 t
80 2907 188 2961 temtari
196 2907 223 2957 iu
235 2908 333 2960 remim.
343 2906 449 2959 Christus
461 2906 523 2959 eninr
532 2904 615 2957 tenmri
626 2903 699 2956 voluit
706 2909 801 2969 propter
