1917 3317
551 80 647 131 25!
952 88 1075 133 rias
1107 92 1190 143 m,
1220 88 1408 140 Qnaesr.
1441 90 1504 145 n,
1537 89 1649 132 nir.
1680 90 1748 131 vr.

550 184 609 222 ex
637 170 810 220 Deitate
837 174 882 220 et
907 170 1193 221 humanitate
1211 209 1223 231 ‚
1245 171 1292 220 in
1323 170 1496 221 Deitate
1526 172 1574 219 et
1598 168 1873 220 humanitate
1901 165 1917 217 l

551 244 720 305 fectus,
746 243 865 292 idem
891 246 939 292 et
962 244 1099 292 homo
1124 242 1371 305 perfectus.
1405 256 1432 288 η

614 316 680 363 Ad
703 315 884 364 tertium
912 313 1170 375 dicendum,
1188 314 1308 377 qudd
1338 314 1508 378 duplex
1529 317 1601 364 est
1625 312 1899 377 principium

551 385 719 450 poralis
745 403 759 433 ι
789 400 927 435 unum
954 387 1138 449 quidem
1170 386 1489 449 effectivum,·
1517 389 1563 435 et
1584 380 1673 435 hoc
1698 386 1825 434 modo
1851 383 1917 433 Ve

550 462 620 507 est
644 455 916 521 principium
945 458 1096 506 omnis
1140 456 1279 519 vitae3
1312 457 1399 506 alio
1439 458 1571 507 modo
1598 457 1668 507 est
1698 455 1867 519 aliquid
1886 466 1917 519 p

551 529 658 579 vitae
692 528 1015 592 formaliter;
1045 541 1149 577 cum
1188 530 1312 578 enim
1341 530 1506 577 vivere
1537 528 1798 577 viventibus
1832 528 1893 577 sit

554 599 668 649 dicit
699 600 1005 664 Philosophus
1027 600 1083 648 11.
1110 602 1182 649 De
1208 602 1383 649 anima
1400 637 1417 659 ‚
1444 604 1561 650 text.
1585 603 1643 649 57
1666 601 1705 664 )‚
1733 600 1849 649 sicut
1877 613 1917 649 ul

553 683 642 735 qne
669 671 915 723 formaliter
940 677 1012 723 est
1034 683 1116 736 per
1145 673 1336 722 formam
1365 681 1519 735 suam,
1546 670 1608 721 ita
1629 685 1794 735 corpus
1811 670 1917 720 vivii

555 756 702 807 mam3
736 750 782 795 et
815 748 902 795 hoc
947 745 1080 795 modo
1107 758 1200 795 non
1226 746 1413 809 ponitur
1439 756 1603 809 corpus
1631 742 1788 796 vicere
1830 756 1917 808 per

557 817 676 879 quod
704 830 794 867 non
821 821 1098 882 potestesse
1126 816 1328 881 corporis
1356 816 1520 867 forma.

1150 996 1472 1047 ARTICULUS
1503 996 1561 1045 VI
1570 1032 1582 1042 .

567 1117 738 1167 Uirium
754 1124 933 1165 natura
949 1119 1161 1166 humana
1176 1120 1323 1175 tuerit
1338 1120 1478 1165 unita
1501 1120 1651 1165 Verbo
1668 1118 1763 1165 Dei
1783 1120 1917 1166 accid

622 1248 691 1297 Ad
718 1250 897 1297 sextum
920 1247 987 1297 sic
1019 1248 1278 1312 proceditur
1303 1247 1389 1310 (1).
1413 1246 1601 1297 Videtur
1626 1247 1745 1310 qued
1774 1248 1917 1297 huma

557 1318 694 1369 fuerit
725 1319 853 1369 nnita
894 1320 1045 1369 Verbo
1081 1319 1162 1369 Dei
1190 1318 1544 1369 accidentaliter.
1577 1318 1693 1368 Dicit
1721 1319 1863 1369 enim
1892 1322 1917 1369 Α

561 1390 753 1452 Ρὴι’ἱ.,11
777 1392 849 1440 De
868 1391 999 1443 Filio
1030 1392 1148 1451 Dei,
1174 1389 1292 1453 qudd
1310 1408 1337 1439 «
1359 1390 1516 1440 habitu
1538 1390 1756 1441 inventus
1782 1394 1859 1440 est
1886 1406 1916 1440 u

558 1462 649 1513 Sed
677 1463 858 1513 habitus
879 1462 1214 1513 accidentaliter
1233 1463 1417 1512 advenit
1441 1462 1487 1511 ei
1513 1462 1646 1525 cujus
1664 1465 1759 1525 est3
1784 1462 1889 1513 sive

559 1533 765 1584 habitus
781 1574 793 1591 ,
818 1538 951 1598 prout
974 1538 1045 1583 est
1068 1546 1211 1582 unum
1237 1534 1294 1582 de
1325 1536 1479 1583 decem
1502 1533 1893 1597 praedicamentis,
1914 1551 1917 1582 ε

513 1638 522 1655 2
559 1609 633 1655 est
656 1605 834 1666 species
852 1603 1103 1669 qualitatis,
1130 1605 1245 1668 Ergo
1269 1606 1467 1654 humana
1484 1608 1646 1654 natura
1672 1604 1917 1654 accidenta'

564 1681 634 1727 est
660 1677 775 1727 Filio
802 1676 900 1727 Dei.

626 1751 675 1797 2.
701 1748 950 1811 Praeterea,
979 1758 1112 1799 omne
1141 1749 1260 1811 quod
1286 1748 1474 1799 advenit
1500 1746 1778 1812 alicui-post
1815 1758 1917 1797 esse

563 1822 693 1880 tum,
718 1815 903 1870 advenit
931 1820 977 1870 ei
1012 1819 1377 1882 accidentaliter3
1406 1821 1493 1870 hoc
1521 1819 1643 1869 enim
1670 1818 1871 1868 dicimus
1901 1834 1917 1867 ι

565 1895 684 1957 quod
713 1898 864 1957 potest
889 1897 936 1944 et
964 1895 1122 1944 adesse
1148 1898 1193 1944 et
1220 1894 1379 1943 abesse
1406 1892 1542 1942 alicui
1568 1896 1731 1955 praeter
1755 1891 1917 1955 subjec

563 1964 757 2015 tionem.
800 1967 886 2015 Sed
929 1970 1089 2015 natura
1119 1966 1316 2014 humana
1346 1962 1529 2014 advenit
1570 1975 1628 2014 ex
1662 1967 1873 2027 tempore
1914 1966 1917 2012 ἶ

565 2036 754 2086 habenti
786 2052 888 2087 esse
924 2037 1175 2101 perfectum
1206 2037 1263 2086 ab
1293 2040 1480 2087 aeterno.
1515 2033 1633 2099 Ergo
1675 2034 1864 2084 advenit
1892 2048 1917 2086 e

565 2106 735 2157 taliter.

632 2182 675 2227 3.
701 2180 949 2242 Praeterea,
982 2177 1199 2243 quidquid
1236 2189 1326 2229 non
1358 2178 1560 2244 pertinet
1587 2178 1644 2227 ad
1670 2181 1875 2227 naturam
1906 2192 1917 2227 ε

567 2248 673 2299 tiam
708 2250 903 2312 alicujus
929 2250 1031 2314 rel,
1056 2256 1128 2301 est
1157 2251 1370 2302 accidens
1397 2251 1529 2315 ejus;
1554 2248 1661 2314 quia
1685 2261 1820 2300 omne
1849 2260 1914 2313 qu

568 2326 638 2372 est
663 2323 918 2373 substantia
935 2360 949 2386 ‚
979 2326 1056 2371 aut
1082 2322 1310 2385 accidens,
1331 2323 1410 2373 sed
1438 2322 1639 2371 hnmana
1669 2324 1831 2370 natura
1865 2330 1917 2371 nt

567 2395 623 2445 ad
650 2394 894 2444 essentiam
913 2394 991 2443 vel
1009 2398 1213 2443 naturam
1237 2393 1438 2443 divinam
1464 2392 1570 2442 Filii
1587 2391 1699 2455 θεὶς
1721 2391 1828 2455 quia
1848 2403 1917 2443 ne

567 2463 677 2515 unic
712 2466 761 2514 in
790 2469 983 2529 natura,
1010 2468 1222 2530 utsupra
1250 2466 1421 2515 dictum
1451 2472 1539 2515 est.
1565 2466 1684 2527 Ergo
1721 2466 1908 2528 oportet

567 2539 667 2586 tura
700 2537 898 2587 humana
926 2536 1269 2588 accidentaliter
1294 2535 1407 2587 Filio
1434 2536 1515 2587 Dei
1540 2537 1797 2588 advenerit.

632 2687 700 2752 (1)
724 2694 788 2737 De
829 2688 902 2738 his
939 2691 1078 2738 etiam
1105 2688 1258 2750 inira,
1287 2703 1369 2747 qu.
1401 2685 1489 2749 17,
1519 2696 1606 2735 art.
1638 2685 1694 2748 1,
1723 2689 1773 2736 i‘n
1796 2698 1913 2749 eoi-p

567 2751 722 2803 sm„
741 2756 849 2801 dist.
871 2753 901 2799 6
916 2787 928 2814 ,
942 2763 1026 2811 qu.
1047 2754 1099 2811 3,
1114 2761 1205 2800 nrt.
1231 2751 1261 2797 Β
1277 2772 1290 2807 3
1307 2756 1355 2799 et
1378 2753 1560 2799 Contra
1580 2751 1917 2804 Gemit-,libini

569 2814 665 2877 41,
694 2816 792 2874 403
817 2819 942 2865 etin
972 2817 1139 2876 quant.
1175 2817 1353 2875 disput.
1378 2816 1441 2863 do
1473 2817 1647 2864 amone
1680 2817 1859 2877 verbi,
1902 2829 1917 2863 ι
