1917 3317
180 153 297 197 nunnus
312 151 411 198 unionis
425 153 497 198 vunnu
512 155 652 200 murman.
773 147 823 200 nit

37 231 222 297 ounpuudpimr
235 235 390 296 generationis
402 236 428 286 ln
439 237 507 288 relus
517 237 647 289 virentibus
661 239 697 289 est
710 237 821 290 intrinse-

38 316 96 364 euu,
106 304 192 354 ulterius
210 305 339 356 densatum
351 311 387 358 est
399 318 483 359 nomeu
494 312 594 358 natare
608 309 636 360 ad
649 309 823 374 significandum

37 376 135 435 quodlinet
146 377 287 442 prindpium
299 379 437 430 intimemus
449 383 526 431 motus
536 420 542 440 ‚
554 383 679 432 seeundum
691 384 750 447 quod
768 380 823 432 Plui-

36 443 127 510 hupdm
135 449 192 499 dieii
204 449 231 499 iu
242 451 274 499 ll.
285 451 396 510 puysie„
411 455 468 503 tent.
483 457 506 516 3,
519 453 580 517 qudd
593 467 608 502 u
619 455 698 504 natura
712 457 747 504 esi
759 453 822 518 prin·

35 515 106 580 ulpium
122 525 197 570 motus
210 520 233 570 in
249 533 278 571 eu
294 522 319 570 in
328 532 373 586 quo
382 528 418 573 est
431 536 472 588 per
485 537 510 574 se
525 529 548 575 et
561 537 608 575 nou
620 524 744 574 secuudum
758 525 824 575 aeol-

33 587 89 639 dsns.
100 591 169 642 »lloe
187 597 269 642 sutem
283 593 433 658 principium,
451 596 490 645 rel
508 595 581 646 lorma
599 601 647 658 est,
664 595 700 647 rel
714 597 822 661 materiu;

32 661 90 711 unde
100 665 231 729 quaudoque
247 668 344 715 notum
358 666 440 717 dieitm
453 667 542 728 torma,
557 667 690 732 quaudoque
705 667 760 718 vend
774 680 823 718 mu-

32 732 91 782 leria.
107 736 132 783 nt
142 737 195 799 qaia
208 737 264 786 linis
275 738 428 800 generationis
438 739 548 790 naturalis
557 743 591 790 est
601 740 624 789 in
637 740 736 802 eoquod
750 749 821 802 geue·

32 808 90 853 ratur
98 805 177 857 asidoei
186 807 277 871 speolei
285 811 392 874 essentia,
405 812 491 875 (quam
503 811 616 874 significat
624 810 730 860 dillinitiu
741 813 760 873 l;
771 811 823 862 indo

33 878 66 923 ent
74 875 125 939 qndd
141 879 278 942 hujusmodi
289 881 387 931 essentia
400 881 489 946 speclei
504 886 599 932 nodatur
611 883 678 932 etiam
695 885 785 931 nutura.
797 881 824 931 tlt

30 945 139 1000 tenedo
148 951 247 1002 Boetius
260 957 365 1002 naturum
379 954 482 1004 delinivit
495 955 518 1004 lu
529 953 571 1005 llb.
590 955 623 1003 De
638 953 741 1004 Duudus
758 955 823 1011 uon,

29 1017 98 1070 diceus
111 1037 117 1069 :
132 1039 147 1069 u
160 1018 249 1074 Minna
266 1029 302 1074 est
315 1034 498 1090 unamquamque
514 1039 561 1076 rem
579 1026 704 1076 informans
717 1024 824 1090 speuidot

27 1088 146 1144 dilismutiu
154 1131 164 1159 ,
184 1112 200 1143 n
214 1108 268 1160 qua
286 1097 373 1148 scilcet
385 1100 485 1162 complet
502 1097 663 1149 diffinitionem
678 1096 773 1160 speciei.
785 1096 824 1146 Sio

27 1171 74 1224 ergo
88 1179 151 1216 nuno
164 1167 286 1231 loquimur
295 1169 323 1218 de
336 1173 431 1219 notura
440 1171 565 1221 seeundum
576 1169 636 1232 qnod
648 1173 741 1218 uulurn
752 1167 824 1230 sigui·

26 1233 73 1285 limi
84 1240 227 1301 essentiam,
237 1241 275 1290 rel
288 1241 357 1306 quod
371 1238 433 1306 qnid
446 1245 499 1299 est,
510 1242 558 1294 siue
572 1239 720 1305 quidditatem
729 1239 822 1304 speciei.

52 1307 98 1359 lloo
118 1315 199 1362 annm
222 1313 291 1364 modo
312 1314 445 1378 accipiendo
465 1317 604 1370 naturum,
626 1312 766 1376 impossibile
788 1313 824 1361 est

24 1379 129 1431 unionem
137 1384 210 1434 terni
218 1384 330 1435 lunaruati
339 1398 389 1437 esse
400 1387 482 1437 laetam
493 1387 517 1436 in
526 1390 615 1436 nutura.
624 1383 754 1449 Triplioiter
762 1383 824 1433 enim

23 1451 105 1514 aliquid
118 1465 191 1505 unum
205 1468 236 1506 ex
249 1457 337 1508 duobus
348 1459 385 1507 vel
398 1459 501 1522 pluribus
517 1457 676 1508 constituitur:
691 1469 737 1506 uno
748 1456 824 1519 modo,

23 1533 54 1571 οι
78 1525 162 1578 dueum
180 1529 297 1592 integris,
321 1526 428 1594 perieulis
447 1529 632 1593 remanentibus;
654 1529 714 1592 quud
734 1528 824 1592 quidem

21 1595 73 1645 lieri
83 1609 128 1648 uon
144 1603 224 1664 potest
239 1601 286 1650 nisi
297 1602 322 1650 in
337 1600 373 1651 luis
388 1615 484 1665 quorum
498 1603 570 1652 torma
590 1606 625 1652 est
637 1600 771 1664 cunrpositio
788 1599 825 1650 vel

20 1669 86 1731 ordo,
100 1672 138 1722 uel
146 1674 236 1736 ligura,
247 1673 309 1722 sieut
319 1685 348 1723 ex
356 1675 433 1725 multis
441 1675 555 1738 lapidibus
564 1673 647 1738 ubsque
660 1673 736 1736 aliquo
745 1671 824 1721 urdine

19 1742 138 1803 adunatis,
154 1759 198 1808 per
215 1745 287 1795 sudam
304 1747 492 1810 oompositionem
506 1748 531 1796 lit
548 1759 654 1806 aoervus3
671 1757 699 1794 ex
712 1743 825 1808 lapidibus

18 1817 95 1863 autem
108 1820 133 1865 et
141 1816 215 1878 liguis
228 1818 353 1868 secundnm
363 1818 462 1881 aliquem
471 1817 573 1869 ordinem
584 1815 708 1882 dispositis,
718 1821 742 1865 et
754 1815 822 1865 etiam

18 1885 45 1932 td
54 1887 157 1950 aliquam
170 1889 270 1952 figurem
281 1889 393 1949 redactis,
403 1893 428 1940 lit
441 1892 531 1960 domus.
540 1890 569 1938 lit
585 1889 707 1939 seeundum
721 1888 764 1936 noo
780 1899 823 1950 po·

18 1965 112 2008 suerum
128 1960 203 2024 aliqui
224 1962 334 2012 unionem
356 1975 409 2013 esse
424 1973 466 2027 per
487 1963 577 2013 modum
595 1959 750 2020 confusionis,
772 1969 823 2019 que

18 2029 105 2080 seilicet
124 2035 164 2082 est
180 2032 233 2083 sine
246 2034 343 2099 urdine,
362 2035 400 2085 uel
414 2046 455 2099 per
474 2033 566 2084 modum
581 2029 806 2083 commensurationis
813 2065 822 2092 ,

17 2111 68 2160 (Μ
81 2101 177 2154 scilieet
189 2107 228 2154 est
241 2117 293 2154 oum
311 2106 399 2157 ordine.
409 2106 454 2156 Sed
468 2105 512 2156 lruc
526 2117 572 2154 non
583 2108 657 2168 potest
670 2115 720 2153 esse
731 2117 737 2150 :
748 2101 822 2165 primo

17 2170 108 2231 quidem
119 2212 127 2234 ‚
139 2175 195 2238 quia
206 2177 357 2240 compositio,
368 2177 406 2227 uel
419 2177 489 2239 ordo,
501 2176 540 2225 uel
557 2175 628 2238 ligura
642 2187 687 2225 uon
704 2177 739 2224 est
752 2175 823 2222 torma

15 2241 193 2309 subsentinlts,
211 2248 251 2298 sed
269 2248 435 2311 aeeidentads3
449 2251 474 2298 et
491 2247 524 2298 sio
542 2249 673 2310 sequeretur
690 2244 750 2308 quod
769 2242 824 2293 nnio

15 2311 185 2370 insinuationis
200 2332 249 2371 uon
262 2324 323 2370 esset
335 2335 376 2385 per
389 2332 428 2383 se,
442 2320 483 2370 sed
500 2331 540 2384 per
556 2319 673 2378 assidens,
691 2315 825 2380 quodiana

13 2382 198 2456 improbandum
207 2392 318 2454 meando,
332 2393 423 2456 quises
437 2389 568 2455 uniusmodi
579 2389 665 2439 nonsit
677 2398 748 2436 unum
761 2387 824 2436 sim-

11 2456 131 2519 pliciter,
146 2465 189 2514 sed
208 2464 346 2514 meandum
367 2465 450 2527 quid;
463 2465 583 2514 remanent
599 2460 660 2512 enim
678 2460 743 2522 plura
756 2461 823 2521 uetu3

12 2527 97 2596 mitid,
112 2535 172 2597 quia
181 2535 344 2587 immatalium
359 2540 450 2587 nonest
461 2538 551 2595 natum,
561 2533 602 2583 sed
615 2531 687 2595 magis
701 2543 753 2592 ure,
765 2529 825 2579 nont

12 2598 86 2653 lorma
96 2607 200 2671 domun
214 2609 282 2658 etsie
293 2621 341 2659 non
353 2609 529 2659 constitueretur
539 2619 584 2656 uua
595 2610 674 2655 natura
683 2603 709 2653 iu
723 2601 822 2665 Clusio,

11 2677 35 2721 tl
51 2675 100 2740 ipsi
113 2680 212 2730 vomui.
230 2681 282 2731 llio
297 2682 364 2731 modo
380 2682 405 2730 ut
422 2679 508 2744 aliquid
521 2693 592 2729 unum
605 2691 634 2728 en
648 2674 768 2740 perlectis,
782 2675 824 2722 sud

12 2745 191 2813 tummutaus,
200 2753 262 2803 dunt
270 2761 299 2804 en
309 2753 427 2805 elementis
436 2753 463 2802 itt
473 2753 569 2801 mixtum
577 2765 583 2812 ς
592 2750 626 2800 sio
635 2747 707 2811 aliqui
717 2746 824 2796 dixerunt

12 2816 122 2872 'litum
136 2823 305 2876 manationis
322 2835 374 2876 esso
387 2825 471 2876 mutam
484 2835 526 2888 per
540 2822 632 2872 mudum
643 2813 823 2868 commixtionis.

11 2885 628 2965 Sanoonnnpotesresposprimpqmdem‚quit
645 2889 727 2941 namus
740 2884 819 2934 diuina
