1917 3317
213 204 245 241 nu
259 202 467 242 nturnsmrorau
483 206 589 245 cuursur.
759 198 806 246 717

40 281 87 327 ntur
109 278 180 329 stettae
203 283 311 342 comete,
329 294 379 342 oue
402 292 448 330 unu
470 288 581 345 apparent
603 282 627 332 iu
649 283 809 335 nativitatibus

38 363 97 411 um,
116 352 155 400 sed
176 351 249 413 magis
262 354 317 400 sunt
329 350 413 400 iudicia
433 353 512 401 mortis
527 365 613 402 eorum.
628 354 671 403 Sed
688 354 727 403 itta
742 356 808 404 stetin

38 421 133 480 armabat
143 418 208 484 'repis
224 421 381 485 nativitatem3
398 422 458 471 unde
472 423 533 486 magi
555 423 633 473 dieunt
649 426 752 483 Motttr„
767 426 806 477 tt:

42 493 73 542 tbi
89 492 176 556 estqui
191 496 258 542 uatus
273 494 367 543 estber
378 494 631 545 tudaeommtvidimus
643 496 703 545 enim
719 498 811 547 stellam

37 578 55 609 us
66 565 88 614 in
105 564 231 615 Oriente»
241 566 302 627 Ergo
317 566 410 615 uidetur
421 565 483 630 qubd
502 567 570 618 tuerit
580 581 623 617 uua
635 568 663 617 de
675 568 731 619 eoete
737 569 811 619 stibus

48 637 84 684 tu.

39 708 74 754 =ed
95 710 175 757 contra
196 710 244 766 est,
255 710 316 771 quod
335 708 474 771 Augustinus
490 709 545 759 dicit
558 709 584 758 iu
603 710 643 760 tib.
661 710 689 759 tt.
710 710 811 760 Contra

37 783 122 827 mtrem
135 780 145 842 (
157 792 210 843 cap.
227 780 262 843 5)
277 795 283 827 :
297 795 311 826 u
320 780 371 829 Nou
384 793 413 829 eu
426 780 473 830 iilis
491 784 539 831 erat
552 782 602 832 bec
619 782 691 831 statiis
705 795 756 844 qum
778 782 811 832 ab

48 848 64 895 io
84 855 197 900 creatura
214 849 321 899 itinerum
340 864 431 900 suorum
451 852 555 901 ordinem
571 852 613 901 sub
632 852 741 901 creatoris
756 853 810 913 tege

37 922 144 984 emtum,
162 921 205 971 sed
219 934 279 971 noro
293 920 393 984 Virginis
407 925 473 985 partu
488 936 573 973 novum
587 922 649 972 sidus
663 924 778 987 apparuit.
791 938 809 970 u

40 994 188 1043 ‘rssuucuusro
203 992 307 1042 -Cdm
324 994 375 1043 baec
390 994 456 1044 stella
472 1008 522 1058 quae
544 995 621 1056 tinges
642 995 670 1043 ad
688 994 808 1045 Christum

44 1076 74 1110 um
91 1063 214 1127 perduxit,
229 1063 254 1111 iu
266 1076 318 1113 aere
331 1068 397 1113 terras
411 1064 487 1115 vicino
499 1068 566 1115 nocte
580 1064 662 1127 dieque
679 1077 814 1127 apparens,-

36 1136 190 1196 *epteutrioue
204 1135 229 1183 iu
244 1134 360 1184 meridiem
374 1139 456 1197 preter
475 1148 560 1185 morem
578 1135 673 1184 aliarum
690 1136 808 1185 stellarum

41 1208 58 1252 ta
76 1205 160 1266 tuerit,
175 1218 301 1255 consonum
320 1205 401 1254 rationi
419 1218 469 1256 esse
480 1206 570 1256 uidetur
588 1218 633 1255 non
650 1205 722 1256 tuisse
737 1218 807 1255 eruam

38 1274 121 1326 ‘urium
140 1276 277 1336 stellarum,
296 1276 337 1325 sed
351 1277 379 1325 ad
395 1277 440 1326 boo
457 1290 510 1327 esse
527 1276 600 1326 alteo
624 1277 652 1325 de
672 1289 731 1327 novo
745 1288 809 1326 crea-

40 1347 67 1408 ut

42 1418 166 1481 :espondeo
182 1418 319 1479 dicendum,
330 1416 390 1481 qubd
402 1418 461 1468 sicut
471 1420 647 1483 chrysostomus
661 1415 718 1467 dicit
732 1432 811 1481 seper

42 1493 85 1538 ttb.
112 1488 219 1551 (Romit.
244 1489 297 1549 vt),
311 1488 350 1536 itta
370 1490 435 1539 stella
460 1503 511 1552 quae
533 1489 604 1551 bingis
625 1487 744 1551 appamit,
762 1501 809 1538 uon

40 1560 61 1606 it
73 1574 123 1609 una
140 1558 274 1609 coelestium
286 1560 401 1609 stellarum
415 1560 571 1623 multipliciter
591 1559 736 1609 manifestum
750 1562 807 1608 est:

43 1632 66 1681 ud
78 1632 181 1697 quidem
193 1667 200 1690 ,
210 1630 265 1693 quia
281 1630 342 1679 nulla
357 1630 400 1680 aiia
414 1632 528 1681 steltarum
544 1634 588 1681 bac
599 1632 632 1679 via
648 1630 747 1693 incedit3
760 1630 812 1681 haec

43 1720 55 1751 u
73 1706 145 1756 steila
164 1704 286 1753 ferebatur
300 1702 314 1752 a
328 1704 490 1767 septentrione
507 1704 535 1753 ad
549 1703 683 1765 meridiem3
699 1702 730 1751 ita
746 1702 808 1752 euim

44 1790 66 1823 ra
86 1779 157 1840 jacet
176 1776 204 1824 in
226 1776 358 1836 Persidem,
377 1776 439 1826 uude
463 1776 522 1837 btagi
542 1778 660 1825 uenerunt.
683 1774 809 1839 Secundd,

34 1855 83 1897 niret
98 1853 148 1901 boc
157 1861 189 1898 ex
205 1851 323 1910 temporam
337 1848 458 1897 nonenim
469 1847 543 1897 solum
556 1847 677 1911 apparebat
694 1845 718 1895 in
730 1850 807 1908 uncte,

33 1933 34 1960 1
52 1922 120 1971 etium
143 1920 169 1970 in
193 1917 270 1968 media
292 1920 414 1982 die,quod
435 1932 481 1968 nou
499 1925 533 1969 cst
551 1918 642 1968 virtutis
659 1918 748 1978 stellae,
768 1918 808 1967 sed

34 2006 59 2038 cu
75 2006 122 2043 nec
138 1993 215 2041 tunae.
227 1989 320 2052 Tertib,
335 1990 388 2053 quia
401 1992 537 2053 quaudoque
549 1991 684 2054 apparebat,
701 1994 725 2038 et
737 2002 811 2052 quan-

33 2076 65 2110 ·ue
85 2062 269 2121 occultabatur3
287 2060 341 2111 oium
360 2062 421 2111 euim
445 2061 587 2111 intraverunt
613 2061 807 2125 Hierosolymam,

48 2136 114 2183 travit
128 2133 253 2197 seipsam;
263 2131 354 2194 deiude,
366 2132 525 2182 obitterodem
538 2133 691 2196 reliquerunt,
706 2132 810 2195 seipsam

45 2207 139 2256 <iuuit
157 2203 262 2264 Quartb.
277 2202 329 2267 quia
341 2216 387 2251 nou
397 2203 495 2254 babebat
508 2204 638 2253 continuum
653 2207 754 2264 motum;
767 2201 810 2252 sed

36 2279 182 2342 ¹oportebant
196 2277 232 2325 ire
246 2288 339 2337 magos,
354 2274 416 2336 ibat,
432 2274 484 2323 cutm
499 2275 616 2338 oportebat
632 2278 701 2334 stare,
717 2274 808 2335 stabat,

33 2361 47 2395 rr
62 2353 132 2402 etde
153 2349 265 2400 columna
282 2347 350 2397 nubis
364 2352 411 2396 erat
426 2347 449 2395 iu
463 2347 560 2397 deserto.
575 2346 671 2405 Quinte,
694 2346 747 2408 quia
763 2356 811 2395 non

33 2438 75 2471 eum
98 2434 207 2471 manens
226 2422 316 2483 partum
335 2417 435 2480 Virginis
449 2418 632 2477 demonstrabat,
645 2418 684 2467 sed
703 2418 811 2467 deorsum

33 2495 158 2552 tundens,
180 2492 229 2540 hoc
250 2489 361 2550 iaciebat3
381 2488 462 2539 dicitur
485 2489 546 2539 enim
568 2489 670 2545 Marto„
693 2489 726 2543 11,
750 2486 811 2550 qubd

33 2566 80 2613 ···ita
98 2577 177 2629 quam
203 2561 309 2611 videraut
332 2558 394 2623 magi
417 2560 442 2608 iu
460 2560 569 2621 Oriente,
588 2559 736 2609 antecedebat
755 2570 811 2619 eos,

33 2650 57 2684 re
70 2636 133 2685 dium
145 2634 251 2683 verricus
265 2634 335 2681 staret
344 2631 413 2694 suprb
424 2630 463 2679 ubi
476 2635 524 2680 erat
533 2644 599 2695 puer.
611 2648 624 2677 n
637 2632 669 2678 Er
682 2642 727 2691 quo
739 2629 812 2691 patet,

41 2708 47 2753 l
61 2708 170 2758 verbnm
185 2716 306 2767 magorum
320 2701 445 2751 dicentium
461 2716 468 2749 z
482 2702 605 2751 «vidimus
619 2700 706 2749 stellam
723 2700 774 2761 ejus
788 2696 813 2746 iu

34 2787 101 2841 nte,
118 2796 137 2828 »
154 2790 206 2827 uon
225 2779 262 2825 est
274 2774 308 2824 sic.
321 2774 495 2837 iutettigeudum
515 2773 580 2837 quasi
599 2772 655 2836 ipsis
671 2770 694 2818 in
720 2768 814 2817 Oriente

47 2854 65 2903 is
83 2852 161 2904 steita
173 2847 309 2912 apparuerit
320 2847 423 2896 existens
436 2846 460 2894 in
472 2849 531 2895 terra
547 2846 616 2901 tuda,
627 2842 666 2891 sed
680 2840 734 2903 quia
749 2838 814 2887 vide·

33 2934 38 2971 t
57 2940 114 2976 eam
133 2923 164 2972 iu
188 2918 285 2970 Oriente
305 2918 460 2979 existentem,
475 2920 499 2967 et
512 2914 629 2981 precessit
643 2925 683 2962 eos
701 2908 815 2974 usquein
