1917 3317
142 214 168 251 nr
180 202 268 257 mensis
284 216 458 257 uruaeusovnrs
474 216 609 258 missus.
715 210 764 257 sla

73 296 115 343 ntur
129 294 209 359 ingenia.
223 310 234 342 r
247 294 272 345 dt
289 306 357 359 super
373 294 429 345 illud
449 294 533 354 douo..
551 296 623 347 xliii
639 311 647 346 r
662 312 677 344 rr
691 296 762 348 Abis-

73 366 173 416 relrorsdm
186 368 204 417 et
215 366 336 417 deriderunt
353 366 377 417 in
397 370 494 426 terram,
508 383 523 414 u
542 365 597 417 dicit
612 368 762 433 Augustinus,

79 441 130 498 lla,
147 437 237 489 intona.
251 452 256 487 ε
271 454 285 485 n
301 438 351 488 Vox
364 452 409 488 uua
423 440 511 488 tautam
523 438 614 489 turbam
627 437 689 489 odiis
702 438 763 491 lero-

75 507 175 571 armisque
185 507 310 567 terribilem,
324 508 375 559 sine
388 509 435 559 telo
453 508 502 559 ullo
518 509 650 574 percussit,
664 509 762 574 repulit,

83 580 155 639 ;lleus
170 580 220 630 enirn
235 580 315 630 nouat
332 578 356 629 iu
370 593 446 630 earne.
462 596 476 627 n
496 580 525 629 Et
539 580 568 630 sd
586 579 646 631 idem
662 580 762 644 pertinet

73 650 142 700 licitur
158 652 216 711 loo,
231 652 272 711 lv,
289 650 351 715 qudd
369 651 462 701 «lasus
474 650 590 701 transiens
603 664 646 715 per
659 651 761 702 medinm

73 738 76 771 ι
88 723 138 771 ibat.
149 738 161 769 u
172 720 208 773 Ubi
220 720 270 773 dicit
282 722 459 787 chrysostomus
470 722 531 787 qudd
548 739 562 771 n
577 727 637 774 stare
649 722 675 773 in
688 722 764 775 medio

73 795 134 843 otium
146 797 215 843 elnon
227 792 372 857 apprehendi,
384 792 510 844 divinitatis
521 792 671 845 eminentiam
684 790 762 845 oden·

73 882 83 911 u
97 865 124 914 Et
140 865 194 929 quod
205 863 282 915 dicitur
302 866 385 924 douo,
403 864 474 927 Vlllp
491 864 586 916 edesus
601 865 719 916 abscondit
737 878 762 917 se

73 938 87 987 it
99 938 126 988 de
140 936 228 1001 templo,
244 936 280 987 ubi
294 937 472 1002 'theophilactus
485 936 539 988 dicit
557 952 564 987 r
578 936 655 988 «lton
668 936 764 989 abscou-

73 1010 92 1057 in
108 1008 185 1071 angulo
205 1008 279 1074 templi
297 1010 363 1072 quasi
381 1008 478 1071 timens,
492 1009 529 1059 vel
546 1012 599 1073 post
618 1022 707 1060 murum
724 1013 765 1061 aut

73 1094 102 1128 im
117 1080 239 1139 diveuteus;
253 1080 292 1131 ssd
304 1078 382 1130 divina
395 1084 510 1145 potestate
521 1092 546 1131 ss
557 1079 695 1130 invisibilem
707 1080 765 1132 insi-

75 1167 86 1201 s
100 1150 247 1214 constituens,
258 1164 299 1215 par
308 1150 408 1201 madium
419 1150 508 1201 illorum
519 1149 600 1201 exivit.
609 1166 623 1197 u
632 1151 668 1201 Ex
680 1148 763 1215 qubus

86 1226 151 1286 patet
159 1258 167 1285 ‚
183 1221 238 1286 quod
256 1222 361 1273 onustus
374 1222 464 1286 quaudo
484 1221 668 1284 voluit,virtu1e
684 1221 764 1272 divim

74 1292 190 1343 bominum
206 1294 347 1359 immutavit,
365 1306 415 1344 non
436 1292 509 1344 solbm
522 1292 668 1357 justilloando
684 1295 708 1342 st
722 1306 764 1344 ss·

95 1366 247 1427 inlundendo,
260 1365 320 1430 qudd
338 1366 439 1431 pertinet
455 1364 483 1414 ad
498 1364 656 1414 miraculorum
675 1363 761 1427 ilnem3

73 1453 80 1487 ι
96 1436 197 1487 exterius
209 1437 335 1499 alliciendo,
346 1438 383 1489 vel
397 1438 511 1499 terrendo,
526 1436 563 1487 vsl
577 1434 761 1501 stupelsoisudo‚

73 1511 136 1559 *tinet
150 1510 178 1559 ad
191 1508 240 1573 ipsa
251 1510 369 1561 miracula.

73 1581 175 1630 nundum
196 1580 332 1643 dicendum,
353 1580 415 1646 qudd
437 1580 541 1631 Christus
558 1582 653 1630 venerat
675 1579 764 1632 salvare

74 1689 79 1710 ,
98 1664 148 1701 non
162 1650 236 1701 solium
253 1652 338 1703 virtute
352 1651 445 1713 divina,
459 1652 499 1703 sed
514 1665 556 1716 per
569 1649 703 1716 mysterium
721 1652 764 1701 ln·

74 1725 91 1772 is
106 1722 192 1785 ipsius.
211 1722 240 1772 st
253 1721 305 1773 ideo
319 1722 483 1787 trequenterin
497 1722 614 1773 sanatione
623 1721 764 1772 iullrrnornua

76 1796 198 1857 protestate
215 1793 293 1843 divina
307 1794 424 1856 nubatur,
444 1796 543 1845 curando
556 1807 598 1859 per
611 1794 702 1844 modun
715 1793 763 1845 im-

98 1864 176 1915 etiam
198 1864 286 1928 aliquid
311 1865 339 1915 ad
362 1864 528 1915 humanitatem
549 1864 620 1929 ipsius
642 1863 762 1928 pertinens

74 1956 86 1984 ·.
108 1934 194 1996 Unde,
208 1948 281 1999 super
297 1935 352 1985 illud
374 1936 445 1996 Lato,
465 1937 496 1986 lv
515 1935 662 1998 :esingulis
683 1948 765 1987 munus

88 2006 195 2056 curabat
204 2018 298 2070 omues,
308 2022 321 2053 u
334 2007 493 2073 dieitcprillus
506 2022 512 2058 ε
523 2006 654 2067 «Quamvis
663 2011 690 2058 ut
702 2008 763 2059 Deus

75 2090 170 2129 ornnes
192 2076 268 2127 verbo
289 2077 373 2141 pellere
391 2080 493 2142 morbos3
511 2079 586 2141 tangit
606 2081 684 2129 manen
709 2090 763 2142 eos,

75 2148 203 2213 propriam
214 2160 310 2200 earnem
324 2150 439 2201 eldearem
450 2150 479 2200 ud
491 2150 620 2215 prestanda
632 2149 763 2201 remedia.-

75 2222 128 2271 lud
144 2222 250 2277 Maro„
262 2220 313 2272 lllll
329 2236 335 2271 ε
350 2238 364 2269 rr
377 2222 486 2286 Expuens
499 2222 522 2271 in
537 2221 616 2273 oeulos
632 2220 702 2285 ejus,
718 2221 764 2271 im·

79 2295 161 2353 ibus,
177 2296 240 2353 eto,
252 2308 268 2339 u
282 2292 337 2342 dicit
351 2293 547 2357 chrysostomus:
564 2308 579 2339 u
593 2292 660 2355 spuit
673 2291 765 2355 quidem

76 2364 181 2427 reponit
196 2376 282 2424 ooeeo,
297 2364 377 2415 volens
386 2365 507 2416 ostendere
519 2363 579 2428 qudd
595 2363 694 2414 verbum
707 2362 766 2412 divi·

76 2433 133 2485 ioni
149 2433 301 2497 adjunctum
315 2434 424 2486 miracula
437 2434 535 2499 perlicit.
547 2434 627 2485 Manus
638 2433 699 2484 enirn
710 2443 765 2497 ope·

104 2505 265 2569 ostensiva3
283 2510 390 2571 sputum,
404 2506 515 2557 sermonis
535 2519 617 2557 exors
635 2504 726 2570 prolati.
748 2520 763 2551 u

76 2578 108 2626 ud
130 2578 236 2633 loon..
259 2578 292 2627 lll
306 2592 314 2627 r
329 2594 343 2625 n
357 2578 420 2629 Fecit
432 2578 506 2627 lutum
520 2589 548 2627 ev
567 2580 635 2642 sputo
648 2578 673 2625 et
690 2573 766 2625 doluit

105 2648 206 2699 oculos
224 2649 286 2699 caeoi
298 2686 305 2711 ‚
319 2662 333 2697 u
349 2648 404 2699 dioit
424 2647 565 2711 Augustinus
584 2650 650 2696 tract.
673 2648 721 2705 tt,
738 2646 765 2695 s'rv

77 2734 90 2769 e
110 2718 202 2771 saliva
222 2730 271 2770 sua
282 2720 355 2773 luturu
367 2720 430 2784 lenit,
441 2720 496 2785 quia
505 2719 605 2770 Verbum
615 2716 766 2768 caminetum

82 2794 141 2841 iam
156 2792 193 2842 ad
210 2791 472 2856 significandumqndd
483 2792 535 2856 ipse
547 2795 599 2841 orat
611 2788 652 2853 qni
668 2800 696 2837 ex
709 2785 764 2838 limo

77 2878 126 2913 em
147 2863 328 2926 formaverat,
339 2867 365 2913 ut
377 2863 552 2929 chrysostomus
562 2859 617 2911 dieit
635 2860 702 2909 llum.
716 2858 763 2922 bv,

78 2940 104 2984 st
138 2938 240 2985 antem
266 2934 329 2986 eirea
350 2934 459 2986 miracula
476 2932 560 2986 curisti
578 2929 767 2982 musidsrsndnm
