<?xml version="1.0" encoding="UTF-8"?>
<!DOCTYPE html PUBLIC "-//W3C//DTD XHTML 1.0 Transitional//EN"
    "http://www.w3.org/TR/xhtml1/DTD/xhtml1-transitional.dtd">
<html xmlns="http://www.w3.org/1999/xhtml" xml:lang="en" lang="en">
 <head>
  <title>
</title>
<meta http-equiv="Content-Type" content="text/html;charset=utf-8" />
  <meta name='ocr-system' content='tesseract 3.04.00' />
  <meta name='ocr-capabilities' content='ocr_page ocr_carea ocr_par ocr_line ocrx_word'/>
</head>
<body>
  <div class='ocr_page' id='page_1' title='image "./summatheologica02nicogoog_0573.png"; bbox 0 0 1917 3317; ppageno 0'>
   <div class='ocr_carea' id='block_1_1' title="bbox 141 152 756 236">
    <p class='ocr_par' dir='ltr' id='par_1_1' title="bbox 141 152 756 236">
     <span class='ocr_line' id='line_1_1' title="bbox 141 152 756 236; baseline 0.06 -39"><span class='ocrx_word' id='word_1_1' title='bbox 141 152 186 200; x_wconf 74' lang='lat' dir='ltr'><strong>att</strong></span> <span class='ocrx_word' id='word_1_2' title='bbox 324 171 385 210; x_wconf 80' lang='lat' dir='ltr'><strong>runs</strong></span> <span class='ocrx_word' id='word_1_3' title='bbox 401 175 442 226; x_wconf 88' lang='lat' dir='ltr'><strong>ru,</strong></span> <span class='ocrx_word' id='word_1_4' title='bbox 459 177 554 224; x_wconf 74' lang='lat' dir='ltr'><strong>oum.</strong></span> <span class='ocrx_word' id='word_1_5' title='bbox 571 183 631 236; x_wconf 82' lang='lat' dir='ltr'><strong>m,</strong></span> <span class='ocrx_word' id='word_1_6' title='bbox 646 188 703 229; x_wconf 80' lang='lat' dir='ltr'><strong>nr.</strong></span> <span class='ocrx_word' id='word_1_7' title='bbox 722 195 756 233; x_wconf 86' lang='lat' dir='ltr'><strong>rr.</strong></span> 
     </span>
    </p>
   </div>
   <div class='ocr_carea' id='block_1_2' title="bbox 124 240 927 1986">
    <p class='ocr_par' dir='ltr' id='par_1_2' title="bbox 138 240 909 380">
     <span class='ocr_line' id='line_1_2' title="bbox 140 240 909 345; baseline 0.059 -59"><span class='ocrx_word' id='word_1_8' title='bbox 140 240 210 300; x_wconf 84' lang='lat' dir='ltr'><strong>uatis,</strong></span> <span class='ocrx_word' id='word_1_9' title='bbox 225 255 271 294; x_wconf 93' lang='lat' dir='ltr'><strong>non</strong></span> <span class='ocrx_word' id='word_1_10' title='bbox 290 244 370 312; x_wconf 85' lang='lat' dir='ltr'><strong>latria,</strong></span> <span class='ocrx_word' id='word_1_11' title='bbox 384 252 423 302; x_wconf 80' lang='lat' dir='ltr'><strong>sad</strong></span> <span class='ocrx_word' id='word_1_12' title='bbox 438 253 582 318; x_wconf 84' lang='lat' dir='ltr'><strong>inquantum</strong></span> <span class='ocrx_word' id='word_1_13' title='bbox 598 263 672 317; x_wconf 75' lang='lat' dir='ltr'><strong>Mater</strong></span> <span class='ocrx_word' id='word_1_14' title='bbox 690 270 735 322; x_wconf 83' lang='lat' dir='ltr'><strong>ltei</strong></span> <span class='ocrx_word' id='word_1_15' title='bbox 745 279 797 340; x_wconf 84' lang='lat' dir='ltr'><strong>est,</strong></span> <span class='ocrx_word' id='word_1_16' title='bbox 809 278 909 345; x_wconf 69' lang='lat' dir='ltr'><strong>appendu</strong></span> 
     </span>
     <span class='ocr_line' id='line_1_3' title="bbox 138 309 332 380; baseline 0.057 -22"><span class='ocrx_word' id='word_1_17' title='bbox 138 309 249 363; x_wconf 85' lang='lat' dir='ltr'><strong>adoranda</strong></span> <span class='ocrx_word' id='word_1_18' title='bbox 268 317 332 380; x_wconf 89' lang='lat' dir='ltr'><strong>est.)</strong></span> 
     </span>
    </p>

    <p class='ocr_par' dir='ltr' id='par_1_3' title="bbox 131 382 914 1147">
     <span class='ocr_line' id='line_1_4' title="bbox 169 382 910 473; baseline 0.061 -42"><span class='ocrx_word' id='word_1_19' title='bbox 169 382 303 447; x_wconf 83' lang='lat' dir='ltr'><strong>Respondeo</strong></span> <span class='ocrx_word' id='word_1_20' title='bbox 320 389 455 459; x_wconf 84' lang='lat' dir='ltr'><strong>dicendum,</strong></span> <span class='ocrx_word' id='word_1_21' title='bbox 469 397 530 461; x_wconf 72' lang='lat' dir='ltr'><strong>pund</strong></span> <span class='ocrx_word' id='word_1_22' title='bbox 542 402 598 466; x_wconf 81' lang='lat' dir='ltr'><strong>quia</strong></span> <span class='ocrx_word' id='word_1_23' title='bbox 617 406 684 460; x_wconf 83' lang='lat' dir='ltr'><strong>latria</strong></span> <span class='ocrx_word' id='word_1_24' title='bbox 704 415 750 466; x_wconf 89' lang='lat' dir='ltr'><strong>soli</strong></span> <span class='ocrx_word' id='word_1_25' title='bbox 764 419 810 469; x_wconf 79' lang='lat' dir='ltr'><strong>Deo</strong></span> <span class='ocrx_word' id='word_1_26' title='bbox 831 422 910 473; x_wconf 79' lang='lat' dir='ltr'><strong>oeten</strong></span> 
     </span>
     <span class='ocr_line' id='line_1_5' title="bbox 136 452 910 546; baseline 0.065 -47"><span class='ocrx_word' id='word_1_27' title='bbox 136 452 193 502; x_wconf 90' lang='lat' dir='ltr'><strong>nntii</strong></span> <span class='ocrx_word' id='word_1_28' title='bbox 213 461 322 511; x_wconf 81' lang='lat' dir='ltr'><strong>creaturan</strong></span> <span class='ocrx_word' id='word_1_29' title='bbox 344 463 439 516; x_wconf 88' lang='lat' dir='ltr'><strong>debetur</strong></span> <span class='ocrx_word' id='word_1_30' title='bbox 451 468 529 535; x_wconf 88' lang='lat' dir='ltr'><strong>latria,</strong></span> <span class='ocrx_word' id='word_1_31' title='bbox 543 481 613 538; x_wconf 85' lang='lat' dir='ltr'><strong>prout</strong></span> <span class='ocrx_word' id='word_1_32' title='bbox 628 487 761 538; x_wconf 80' lang='lat' dir='ltr'><strong>creaturum</strong></span> <span class='ocrx_word' id='word_1_33' title='bbox 779 496 910 546; x_wconf 65' lang='lat' dir='ltr'><strong>muiu-</strong></span> 
     </span>
     <span class='ocr_line' id='line_1_6' title="bbox 135 532 895 631; baseline 0.064 -59"><span class='ocrx_word' id='word_1_34' title='bbox 135 537 278 578; x_wconf 79' lang='lat' dir='ltr'><strong>veneramur.</strong></span> <span class='ocrx_word' id='word_1_35' title='bbox 291 532 355 584; x_wconf 84' lang='lat' dir='ltr'><strong>Iicet</strong></span> <span class='ocrx_word' id='word_1_36' title='bbox 368 542 443 589; x_wconf 84' lang='lat' dir='ltr'><strong>autem</strong></span> <span class='ocrx_word' id='word_1_37' title='bbox 457 549 568 598; x_wconf 82' lang='lat' dir='ltr'><strong>creaturae</strong></span> <span class='ocrx_word' id='word_1_38' title='bbox 576 547 728 608; x_wconf 78' lang='lat' dir='ltr'><strong>insensibiles</strong></span> <span class='ocrx_word' id='word_1_39' title='bbox 735 574 783 612; x_wconf 89' lang='lat' dir='ltr'><strong>non</strong></span> <span class='ocrx_word' id='word_1_40' title='bbox 792 565 840 616; x_wconf 87' lang='lat' dir='ltr'><strong>sint</strong></span> <span class='ocrx_word' id='word_1_41' title='bbox 848 582 895 631; x_wconf 83' lang='lat' dir='ltr'><strong>capa</strong></span> 
     </span>
     <span class='ocr_line' id='line_1_7' title="bbox 134 600 914 689; baseline 0.063 -46"><span class='ocrx_word' id='word_1_42' title='bbox 134 600 288 652; x_wconf 83' lang='lat' dir='ltr'><strong>venerationis</strong></span> <span class='ocrx_word' id='word_1_43' title='bbox 301 607 425 658; x_wconf 85' lang='lat' dir='ltr'><strong>secundum</strong></span> <span class='ocrx_word' id='word_1_44' title='bbox 440 612 545 678; x_wconf 81' lang='lat' dir='ltr'><strong>seipsas,</strong></span> <span class='ocrx_word' id='word_1_45' title='bbox 565 627 670 676; x_wconf 82' lang='lat' dir='ltr'><strong>ereatura</strong></span> <span class='ocrx_word' id='word_1_46' title='bbox 682 630 764 683; x_wconf 67' lang='lat' dir='ltr'><strong>umen</strong></span> <span class='ocrx_word' id='word_1_47' title='bbox 777 637 890 689; x_wconf 75' lang='lat' dir='ltr'><strong>rationalis</strong></span> <span class='ocrx_word' id='word_1_48' title='bbox 901 666 914 683; x_wconf 56' lang='grc' dir='ltr'>υ</span> 
     </span>
     <span class='ocr_line' id='line_1_8' title="bbox 134 675 900 774; baseline 0.055 -59"><span class='ocrx_word' id='word_1_49' title='bbox 134 679 207 732; x_wconf 83' lang='lat' dir='ltr'><strong>capax</strong></span> <span class='ocrx_word' id='word_1_50' title='bbox 228 675 382 728; x_wconf 85' lang='lat' dir='ltr'><strong>venerationis</strong></span> <span class='ocrx_word' id='word_1_51' title='bbox 404 685 531 736; x_wconf 87' lang='lat' dir='ltr'><strong>seeundum</strong></span> <span class='ocrx_word' id='word_1_52' title='bbox 551 690 662 754; x_wconf 76' lang='lat' dir='ltr'><strong>seipsam.</strong></span> <span class='ocrx_word' id='word_1_53' title='bbox 677 699 708 750; x_wconf 85' lang='lat' dir='ltr'><strong>Et</strong></span> <span class='ocrx_word' id='word_1_54' title='bbox 730 701 783 756; x_wconf 82' lang='lat' dir='ltr'><strong>ideo</strong></span> <span class='ocrx_word' id='word_1_55' title='bbox 801 709 859 759; x_wconf 85' lang='lat' dir='ltr'><strong>uuili</strong></span> <span class='ocrx_word' id='word_1_56' title='bbox 879 727 900 774; x_wconf 75' lang='lat' dir='ltr'><strong>pu</strong></span> 
     </span>
     <span class='ocr_line' id='line_1_9' title="bbox 134 744 895 842; baseline 0.06 -55"><span class='ocrx_word' id='word_1_57' title='bbox 134 744 241 793; x_wconf 81' lang='lat' dir='ltr'><strong>creaturae</strong></span> <span class='ocrx_word' id='word_1_58' title='bbox 262 746 368 796; x_wconf 75' lang='lat' dir='ltr'><strong>rationali</strong></span> <span class='ocrx_word' id='word_1_59' title='bbox 387 749 482 803; x_wconf 85' lang='lat' dir='ltr'><strong>debetur</strong></span> <span class='ocrx_word' id='word_1_60' title='bbox 503 758 579 810; x_wconf 86' lang='lat' dir='ltr'><strong>cuitus</strong></span> <span class='ocrx_word' id='word_1_61' title='bbox 600 761 684 818; x_wconf 74' lang='lat' dir='ltr'><strong>niue.</strong></span> <span class='ocrx_word' id='word_1_62' title='bbox 699 771 758 824; x_wconf 79' lang='lat' dir='ltr'><strong>Cium</strong></span> <span class='ocrx_word' id='word_1_63' title='bbox 784 776 855 842; x_wconf 77' lang='lat' dir='ltr'><strong>igitur</strong></span> <span class='ocrx_word' id='word_1_64' title='bbox 876 783 895 830; x_wconf 77' lang='lat' dir='ltr'><strong>br</strong></span> 
     </span>
     <span class='ocr_line' id='line_1_10' title="bbox 133 809 904 902; baseline 0.056 -45"><span class='ocrx_word' id='word_1_65' title='bbox 133 809 201 873; x_wconf 82' lang='lat' dir='ltr'><strong>Virgo</strong></span> <span class='ocrx_word' id='word_1_66' title='bbox 216 813 245 862; x_wconf 87' lang='lat' dir='ltr'><strong>sit</strong></span> <span class='ocrx_word' id='word_1_67' title='bbox 258 829 313 878; x_wconf 82' lang='lat' dir='ltr'><strong>pura</strong></span> <span class='ocrx_word' id='word_1_68' title='bbox 326 823 428 872; x_wconf 83' lang='lat' dir='ltr'><strong>creatura</strong></span> <span class='ocrx_word' id='word_1_69' title='bbox 443 825 574 894; x_wconf 83' lang='lat' dir='ltr'><strong>rationalis,</strong></span> <span class='ocrx_word' id='word_1_70' title='bbox 586 847 634 884; x_wconf 92' lang='lat' dir='ltr'><strong>nou</strong></span> <span class='ocrx_word' id='word_1_71' title='bbox 652 839 754 895; x_wconf 87' lang='lat' dir='ltr'><strong>debetur</strong></span> <span class='ocrx_word' id='word_1_72' title='bbox 763 847 787 898; x_wconf 87' lang='lat' dir='ltr'><strong>ei</strong></span> <span class='ocrx_word' id='word_1_73' title='bbox 800 851 904 902; x_wconf 79' lang='lat' dir='ltr'><strong>adoratini</strong></span> 
     </span>
     <span class='ocr_line' id='line_1_11' title="bbox 133 880 896 988; baseline 0.063 -59"><span class='ocrx_word' id='word_1_74' title='bbox 133 880 195 945; x_wconf 83' lang='lat' dir='ltr'><strong>triae3</strong></span> <span class='ocrx_word' id='word_1_75' title='bbox 215 888 254 936; x_wconf 87' lang='lat' dir='ltr'><strong>sad</strong></span> <span class='ocrx_word' id='word_1_76' title='bbox 279 887 352 939; x_wconf 87' lang='lat' dir='ltr'><strong>soiirm</strong></span> <span class='ocrx_word' id='word_1_77' title='bbox 374 896 492 947; x_wconf 79' lang='lat' dir='ltr'><strong>ueneratio</strong></span> <span class='ocrx_word' id='word_1_78' title='bbox 512 901 593 965; x_wconf 78' lang='lat' dir='ltr'><strong>dulia,</strong></span> <span class='ocrx_word' id='word_1_79' title='bbox 616 909 762 968; x_wconf 80' lang='lat' dir='ltr'><strong>eminentius</strong></span> <span class='ocrx_word' id='word_1_80' title='bbox 781 925 860 974; x_wconf 81' lang='lat' dir='ltr'><strong>tamen</strong></span> <span class='ocrx_word' id='word_1_81' title='bbox 874 941 896 988; x_wconf 83' lang='lat' dir='ltr'><strong>p·</strong></span> 
     </span>
     <span class='ocr_line' id='line_1_12' title="bbox 132 955 901 1045; baseline 0.062 -45"><span class='ocrx_word' id='word_1_82' title='bbox 132 955 219 1005; x_wconf 73' lang='lat' dir='ltr'><strong>ceteris</strong></span> <span class='ocrx_word' id='word_1_83' title='bbox 240 961 363 1025; x_wconf 86' lang='lat' dir='ltr'><strong>creaturis,</strong></span> <span class='ocrx_word' id='word_1_84' title='bbox 385 966 537 1029; x_wconf 80' lang='lat' dir='ltr'><strong>inquantum</strong></span> <span class='ocrx_word' id='word_1_85' title='bbox 555 974 658 1038; x_wconf 84' lang='lat' dir='ltr'><strong>ipsnest</strong></span> <span class='ocrx_word' id='word_1_86' title='bbox 679 983 755 1038; x_wconf 74' lang='lat' dir='ltr'><strong>Mater</strong></span> <span class='ocrx_word' id='word_1_87' title='bbox 774 991 827 1044; x_wconf 78' lang='lat' dir='ltr'><strong>liei.</strong></span> <span class='ocrx_word' id='word_1_88' title='bbox 847 997 901 1045; x_wconf 76' lang='lat' dir='ltr'><strong>nto</strong></span> 
     </span>
     <span class='ocr_line' id='line_1_13' title="bbox 131 1023 904 1132; baseline 0.065 -61"><span class='ocrx_word' id='word_1_89' title='bbox 131 1023 214 1076; x_wconf 84' lang='lat' dir='ltr'><strong>dicitur</strong></span> <span class='ocrx_word' id='word_1_90' title='bbox 228 1029 289 1092; x_wconf 87' lang='lat' dir='ltr'><strong>qudd</strong></span> <span class='ocrx_word' id='word_1_91' title='bbox 302 1033 396 1086; x_wconf 82' lang='lat' dir='ltr'><strong>debetur</strong></span> <span class='ocrx_word' id='word_1_92' title='bbox 416 1038 438 1087; x_wconf 87' lang='lat' dir='ltr'><strong>ei</strong></span> <span class='ocrx_word' id='word_1_93' title='bbox 453 1053 500 1090; x_wconf 92' lang='lat' dir='ltr'><strong>nou</strong></span> <span class='ocrx_word' id='word_1_94' title='bbox 512 1046 690 1116; x_wconf 81' lang='lat' dir='ltr'><strong>qualiscumque</strong></span> <span class='ocrx_word' id='word_1_95' title='bbox 703 1058 784 1124; x_wconf 83' lang='lat' dir='ltr'><strong>dulia,</strong></span> <span class='ocrx_word' id='word_1_96' title='bbox 799 1067 841 1116; x_wconf 84' lang='lat' dir='ltr'><strong>sed</strong></span> <span class='ocrx_word' id='word_1_97' title='bbox 854 1067 904 1132; x_wconf 77' lang='lat' dir='ltr'><strong>dpp</strong></span> 
     </span>
     <span class='ocr_line' id='line_1_14' title="bbox 131 1094 215 1147; baseline 0.071 -6"><span class='ocrx_word' id='word_1_98' title='bbox 131 1094 215 1147; x_wconf 80' lang='lat' dir='ltr'><strong>dulia.</strong></span> 
     </span>
    </p>

    <p class='ocr_par' dir='ltr' id='par_1_4' title="bbox 126 1169 927 1450">
     <span class='ocr_line' id='line_1_15' title="bbox 162 1169 927 1273; baseline 0.063 -57"><span class='ocrx_word' id='word_1_99' title='bbox 162 1169 195 1218; x_wconf 78' lang='lat' dir='ltr'><strong>ad</strong></span> <span class='ocrx_word' id='word_1_100' title='bbox 208 1170 307 1234; x_wconf 82' lang='lat' dir='ltr'><strong>priunum</strong></span> <span class='ocrx_word' id='word_1_101' title='bbox 326 1189 380 1243; x_wconf 78' lang='lat' dir='ltr'><strong>ergo</strong></span> <span class='ocrx_word' id='word_1_102' title='bbox 398 1181 532 1248; x_wconf 87' lang='lat' dir='ltr'><strong>dioendum,</strong></span> <span class='ocrx_word' id='word_1_103' title='bbox 542 1189 603 1252; x_wconf 85' lang='lat' dir='ltr'><strong>qudd</strong></span> <span class='ocrx_word' id='word_1_104' title='bbox 621 1197 692 1247; x_wconf 88' lang='lat' dir='ltr'><strong>matri</strong></span> <span class='ocrx_word' id='word_1_105' title='bbox 707 1202 773 1266; x_wconf 78' lang='lat' dir='ltr'><strong>regis</strong></span> <span class='ocrx_word' id='word_1_106' title='bbox 786 1211 907 1261; x_wconf 73' lang='lat' dir='ltr'><strong>noudebr12</strong></span> <span class='ocrx_word' id='word_1_107' title='bbox 925 1220 927 1273; x_wconf 76' lang='grc' dir='ltr'>ἷ</span> 
     </span>
     <span class='ocr_line' id='line_1_16' title="bbox 128 1240 927 1344; baseline 0.063 -58"><span class='ocrx_word' id='word_1_108' title='bbox 128 1240 220 1302; x_wconf 81' lang='lat' dir='ltr'><strong>aequalis</strong></span> <span class='ocrx_word' id='word_1_109' title='bbox 234 1243 305 1296; x_wconf 88' lang='lat' dir='ltr'><strong>honor</strong></span> <span class='ocrx_word' id='word_1_110' title='bbox 319 1248 399 1300; x_wconf 85' lang='lat' dir='ltr'><strong>honori</strong></span> <span class='ocrx_word' id='word_1_111' title='bbox 411 1254 450 1315; x_wconf 85' lang='lat' dir='ltr'><strong>qui</strong></span> <span class='ocrx_word' id='word_1_112' title='bbox 465 1255 560 1308; x_wconf 87' lang='lat' dir='ltr'><strong>debetur</strong></span> <span class='ocrx_word' id='word_1_113' title='bbox 572 1264 621 1327; x_wconf 76' lang='lat' dir='ltr'><strong>regi</strong></span> <span class='ocrx_word' id='word_1_114' title='bbox 631 1281 638 1326; x_wconf 91' lang='lat'>;</span> <span class='ocrx_word' id='word_1_115' title='bbox 650 1266 752 1322; x_wconf 83' lang='lat' dir='ltr'><strong>debetur</strong></span> <span class='ocrx_word' id='word_1_116' title='bbox 762 1280 843 1330; x_wconf 63' lang='lat' dir='ltr'><strong>umen</strong></span> <span class='ocrx_word' id='word_1_117' title='bbox 854 1282 875 1332; x_wconf 89' lang='lat' dir='ltr'><strong>ei</strong></span> <span class='ocrx_word' id='word_1_118' title='bbox 886 1298 902 1344; x_wconf 69' lang='grc' dir='ltr'><strong>ᾳ·</strong></span> <span class='ocrx_word' id='word_1_119' title='bbox 925 1276 927 1303; x_wconf 79' lang='lat'>²</span> 
     </span>
     <span class='ocr_line' id='line_1_17' title="bbox 127 1309 880 1402; baseline 0.058 -45"><span class='ocrx_word' id='word_1_120' title='bbox 127 1309 178 1359; x_wconf 84' lang='lat' dir='ltr'><strong>dam</strong></span> <span class='ocrx_word' id='word_1_121' title='bbox 192 1312 265 1365; x_wconf 86' lang='lat' dir='ltr'><strong>honor</strong></span> <span class='ocrx_word' id='word_1_122' title='bbox 275 1319 519 1386; x_wconf 84' lang='lat' dir='ltr'><strong>consimilis,·ratione</strong></span> <span class='ocrx_word' id='word_1_123' title='bbox 532 1332 655 1396; x_wconf 81' lang='lat' dir='ltr'><strong>cujusdam</strong></span> <span class='ocrx_word' id='word_1_124' title='bbox 673 1344 834 1402; x_wconf 69' lang='lat' dir='ltr'><strong>excedentia.</strong></span> <span class='ocrx_word' id='word_1_125' title='bbox 855 1354 880 1402; x_wconf 80' lang='lat' dir='ltr'><strong>Et</strong></span> 
     </span>
     <span class='ocr_line' id='line_1_18' title="bbox 126 1379 534 1450; baseline 0.051 -20"><span class='ocrx_word' id='word_1_126' title='bbox 126 1379 254 1443; x_wconf 81' lang='lat' dir='ltr'><strong>significant</strong></span> <span class='ocrx_word' id='word_1_127' title='bbox 267 1392 412 1444; x_wconf 83' lang='lat' dir='ltr'><strong>auctoritates</strong></span> <span class='ocrx_word' id='word_1_128' title='bbox 425 1395 534 1450; x_wconf 74' lang='lat' dir='ltr'><strong>inductae.</strong></span> 
     </span>
    </p>

    <p class='ocr_par' dir='ltr' id='par_1_5' title="bbox 124 1455 905 1797">
     <span class='ocr_line' id='line_1_19' title="bbox 156 1455 905 1545; baseline 0.057 -41"><span class='ocrx_word' id='word_1_129' title='bbox 156 1455 190 1506; x_wconf 77' lang='lat' dir='ltr'><strong>id</strong></span> <span class='ocrx_word' id='word_1_130' title='bbox 203 1460 329 1512; x_wconf 86' lang='lat' dir='ltr'><strong>seeundum</strong></span> <span class='ocrx_word' id='word_1_131' title='bbox 340 1464 473 1533; x_wconf 85' lang='lat' dir='ltr'><strong>dicendum,</strong></span> <span class='ocrx_word' id='word_1_132' title='bbox 488 1473 549 1535; x_wconf 80' lang='lat' dir='ltr'><strong>quod</strong></span> <span class='ocrx_word' id='word_1_133' title='bbox 563 1476 637 1528; x_wconf 83' lang='lat' dir='ltr'><strong>honor</strong></span> <span class='ocrx_word' id='word_1_134' title='bbox 646 1480 729 1534; x_wconf 76' lang='lat' dir='ltr'><strong>Matris</strong></span> <span class='ocrx_word' id='word_1_135' title='bbox 739 1489 843 1543; x_wconf 63' lang='lat' dir='ltr'><strong>redeunt</strong></span> <span class='ocrx_word' id='word_1_136' title='bbox 856 1497 905 1545; x_wconf 77' lang='lat' dir='ltr'><strong>udi</strong></span> 
     </span>
     <span class='ocr_line' id='line_1_20' title="bbox 124 1523 903 1621; baseline 0.056 -48"><span class='ocrx_word' id='word_1_137' title='bbox 124 1523 189 1591; x_wconf 90' lang='lat' dir='ltr'><strong>lium,</strong></span> <span class='ocrx_word' id='word_1_138' title='bbox 205 1530 258 1592; x_wconf 86' lang='lat' dir='ltr'><strong>qnia</strong></span> <span class='ocrx_word' id='word_1_139' title='bbox 270 1531 321 1596; x_wconf 90' lang='lat' dir='ltr'><strong>ipsa</strong></span> <span class='ocrx_word' id='word_1_140' title='bbox 331 1535 401 1587; x_wconf 85' lang='lat' dir='ltr'><strong>Matar</strong></span> <span class='ocrx_word' id='word_1_141' title='bbox 411 1544 446 1590; x_wconf 86' lang='lat' dir='ltr'><strong>est</strong></span> <span class='ocrx_word' id='word_1_142' title='bbox 458 1548 551 1608; x_wconf 85' lang='lat' dir='ltr'><strong>propter</strong></span> <span class='ocrx_word' id='word_1_143' title='bbox 561 1547 785 1621; x_wconf 76' lang='lat' dir='ltr'><strong>Fidumaooranda,</strong></span> <span class='ocrx_word' id='word_1_144' title='bbox 801 1573 903 1616; x_wconf 71' lang='lat' dir='ltr'><strong>nouum</strong></span> 
     </span>
     <span class='ocr_line' id='line_1_21' title="bbox 124 1600 899 1701; baseline 0.055 -56"><span class='ocrx_word' id='word_1_145' title='bbox 124 1607 152 1646; x_wconf 83' lang='lat' dir='ltr'><strong>eo</strong></span> <span class='ocrx_word' id='word_1_146' title='bbox 170 1600 238 1651; x_wconf 90' lang='lat' dir='ltr'><strong>modo</strong></span> <span class='ocrx_word' id='word_1_147' title='bbox 255 1616 300 1666; x_wconf 82' lang='lat' dir='ltr'><strong>quo</strong></span> <span class='ocrx_word' id='word_1_148' title='bbox 316 1607 386 1657; x_wconf 85' lang='lat' dir='ltr'><strong>honor</strong></span> <span class='ocrx_word' id='word_1_149' title='bbox 400 1609 508 1676; x_wconf 83' lang='lat' dir='ltr'><strong>imaginis</strong></span> <span class='ocrx_word' id='word_1_150' title='bbox 522 1618 620 1670; x_wconf 81' lang='lat' dir='ltr'><strong>retertur</strong></span> <span class='ocrx_word' id='word_1_151' title='bbox 630 1623 659 1673; x_wconf 92' lang='lat' dir='ltr'><strong>ad</strong></span> <span class='ocrx_word' id='word_1_152' title='bbox 673 1632 873 1700; x_wconf 72' lang='lat' dir='ltr'><strong>exemplar3quia</strong></span> <span class='ocrx_word' id='word_1_153' title='bbox 885 1640 899 1701; x_wconf 70' lang='lat' dir='ltr'><strong>ir</strong></span> 
     </span>
     <span class='ocr_line' id='line_1_22' title="bbox 124 1665 902 1768; baseline 0.062 -53"><span class='ocrx_word' id='word_1_154' title='bbox 124 1665 199 1731; x_wconf 81' lang='lat' dir='ltr'><strong>imago</strong></span> <span class='ocrx_word' id='word_1_155' title='bbox 216 1679 283 1734; x_wconf 90' lang='lat' dir='ltr'><strong>prout</strong></span> <span class='ocrx_word' id='word_1_156' title='bbox 296 1675 319 1725; x_wconf 91' lang='lat' dir='ltr'><strong>in</strong></span> <span class='ocrx_word' id='word_1_157' title='bbox 340 1691 365 1728; x_wconf 87' lang='lat' dir='ltr'><strong>se</strong></span> <span class='ocrx_word' id='word_1_158' title='bbox 381 1683 536 1737; x_wconf 83' lang='lat' dir='ltr'><strong>consideratur</strong></span> <span class='ocrx_word' id='word_1_159' title='bbox 554 1693 630 1743; x_wconf 89' lang='lat' dir='ltr'><strong>utres</strong></span> <span class='ocrx_word' id='word_1_160' title='bbox 646 1699 778 1768; x_wconf 75' lang='lat' dir='ltr'><strong>quedam,</strong></span> <span class='ocrx_word' id='word_1_161' title='bbox 793 1709 859 1760; x_wconf 85' lang='lat' dir='ltr'><strong>uniio</strong></span> <span class='ocrx_word' id='word_1_162' title='bbox 871 1726 902 1760; x_wconf 74' lang='lat' dir='ltr'><strong>nr.»</strong></span> 
     </span>
     <span class='ocr_line' id='line_1_23' title="bbox 125 1742 315 1797; baseline 0.063 -12"><span class='ocrx_word' id='word_1_163' title='bbox 125 1742 162 1787; x_wconf 88' lang='lat' dir='ltr'><strong>est</strong></span> <span class='ocrx_word' id='word_1_164' title='bbox 175 1747 315 1797; x_wconf 88' lang='lat' dir='ltr'><strong>veneranda.</strong></span> 
     </span>
    </p>

    <p class='ocr_par' dir='ltr' id='par_1_6' title="bbox 124 1811 912 1986">
     <span class='ocr_line' id='line_1_24' title="bbox 155 1811 896 1908; baseline 0.057 -49"><span class='ocrx_word' id='word_1_165' title='bbox 155 1811 187 1860; x_wconf 77' lang='lat' dir='ltr'><strong>dd</strong></span> <span class='ocrx_word' id='word_1_166' title='bbox 203 1815 295 1868; x_wconf 85' lang='lat' dir='ltr'><strong>tertium</strong></span> <span class='ocrx_word' id='word_1_167' title='bbox 309 1820 438 1888; x_wconf 77' lang='lat' dir='ltr'><strong>dicendum,</strong></span> <span class='ocrx_word' id='word_1_168' title='bbox 449 1828 509 1892; x_wconf 81' lang='lat' dir='ltr'><strong>quod</strong></span> <span class='ocrx_word' id='word_1_169' title='bbox 518 1845 576 1883; x_wconf 77' lang='lat' dir='ltr'><strong>crux</strong></span> <span class='ocrx_word' id='word_1_170' title='bbox 586 1847 633 1886; x_wconf 91' lang='lat' dir='ltr'><strong>non</strong></span> <span class='ocrx_word' id='word_1_171' title='bbox 644 1842 680 1890; x_wconf 84' lang='lat' dir='ltr'><strong>est</strong></span> <span class='ocrx_word' id='word_1_172' title='bbox 688 1855 769 1908; x_wconf 75' lang='lat' dir='ltr'><strong>capax</strong></span> <span class='ocrx_word' id='word_1_173' title='bbox 778 1854 896 1903; x_wconf 81' lang='lat' dir='ltr'><strong>veneratio</strong></span> 
     </span>
     <span class='ocr_line' id='line_1_25' title="bbox 124 1884 912 1986; baseline 0.057 -59"><span class='ocrx_word' id='word_1_174' title='bbox 124 1885 190 1942; x_wconf 88' lang='lat' dir='ltr'><strong>prout</strong></span> <span class='ocrx_word' id='word_1_175' title='bbox 210 1884 235 1934; x_wconf 89' lang='lat' dir='ltr'><strong>in</strong></span> <span class='ocrx_word' id='word_1_176' title='bbox 250 1900 274 1938; x_wconf 88' lang='lat' dir='ltr'><strong>se</strong></span> <span class='ocrx_word' id='word_1_177' title='bbox 290 1893 453 1958; x_wconf 81' lang='lat' dir='ltr'><strong>consideratur,</strong></span> <span class='ocrx_word' id='word_1_178' title='bbox 467 1904 492 1952; x_wconf 86' lang='lat' dir='ltr'><strong>ut</strong></span> <span class='ocrx_word' id='word_1_179' title='bbox 506 1902 592 1954; x_wconf 88' lang='lat' dir='ltr'><strong>dictum</strong></span> <span class='ocrx_word' id='word_1_180' title='bbox 605 1911 655 1972; x_wconf 82' lang='lat' dir='ltr'><strong>est3</strong></span> <span class='ocrx_word' id='word_1_181' title='bbox 676 1915 718 1964; x_wconf 88' lang='lat' dir='ltr'><strong>sed</strong></span> <span class='ocrx_word' id='word_1_182' title='bbox 729 1917 802 1970; x_wconf 84' lang='lat' dir='ltr'><strong>beatu</strong></span> <span class='ocrx_word' id='word_1_183' title='bbox 816 1924 885 1986; x_wconf 76' lang='lat' dir='ltr'><strong>uirgo</strong></span> <span class='ocrx_word' id='word_1_184' title='bbox 897 1950 912 1973; x_wconf 74' lang='grc'><strong>.-.</strong></span> 
     </span>
    </p>
   </div>
   <div class='ocr_carea' id='block_1_3' title="bbox 123 1953 908 2080">
    <p class='ocr_par' dir='ltr' id='par_1_7' title="bbox 123 1953 908 2080">
     <span class='ocr_line' id='line_1_26' title="bbox 123 1953 908 2072; baseline 0.065 -73"><span class='ocrx_word' id='word_1_185' title='bbox 123 1953 222 2072; x_wconf 70' lang='lat' dir='ltr'><strong>carlutium</strong></span> <span class='ocrx_word' id='word_1_186' title='bbox 237 1959 336 2025; x_wconf 87' lang='lat' dir='ltr'><strong>seipsam</strong></span> <span class='ocrx_word' id='word_1_187' title='bbox 354 1970 389 2016; x_wconf 88' lang='lat' dir='ltr'><strong>est</strong></span> <span class='ocrx_word' id='word_1_188' title='bbox 402 1972 557 2025; x_wconf 86' lang='lat' dir='ltr'><strong>venerationis</strong></span> <span class='ocrx_word' id='word_1_189' title='bbox 576 1991 657 2043; x_wconf 81' lang='lat' dir='ltr'><strong>capax.</strong></span> <span class='ocrx_word' id='word_1_190' title='bbox 677 1985 778 2042; x_wconf 76' lang='lat' dir='ltr'><strong>utinen</strong></span> <span class='ocrx_word' id='word_1_191' title='bbox 792 2006 843 2045; x_wconf 89' lang='lat' dir='ltr'><strong>nou</strong></span> <span class='ocrx_word' id='word_1_192' title='bbox 856 2004 908 2047; x_wconf 55' lang='lat' dir='ltr'><strong>esta</strong></span> 
     </span>
     <span class='ocr_line' id='line_1_27' title="bbox 124 2024 265 2080; baseline 0.071 -10"><span class='ocrx_word' id='word_1_193' title='bbox 124 2024 185 2074; x_wconf 86' lang='lat' dir='ltr'><strong>mnis</strong></span> <span class='ocrx_word' id='word_1_194' title='bbox 198 2030 265 2080; x_wconf 86' lang='lat' dir='ltr'><strong>ratio.</strong></span> 
     </span>
    </p>
   </div>
   <div class='ocr_carea' id='block_1_4' title="bbox 892 1356 901 1400">
    <p class='ocr_par' dir='ltr' id='par_1_8' title="bbox 892 1356 901 1400">
     <span class='ocr_line' id='line_1_28' title="bbox 892 1356 897 1372; baseline 0 0"><span class='ocrx_word' id='word_1_195' title='bbox 892 1356 897 1372; x_wconf 76' lang='grc'><strong>’-</strong></span> 
     </span>
     <span class='ocr_line' id='line_1_29' title="bbox 892 1388 901 1400; baseline 0 0"><span class='ocrx_word' id='word_1_196' title='bbox 892 1388 901 1400; x_wconf 66' lang='lat' dir='ltr'>n</span> 
     </span>
    </p>
   </div>
   <div class='ocr_carea' id='block_1_5' title="bbox 232 2149 824 2342">
    <p class='ocr_par' dir='ltr' id='par_1_9' title="bbox 232 2149 824 2342">
     <span class='ocr_line' id='line_1_30' title="bbox 412 2149 627 2209; baseline 0.056 -12"><span class='ocrx_word' id='word_1_197' title='bbox 412 2149 571 2205; x_wconf 77' lang='lat' dir='ltr'>ARTICULUS</span> <span class='ocrx_word' id='word_1_198' title='bbox 587 2157 627 2209; x_wconf 85' lang='lat' dir='ltr'><strong>Vl.</strong></span> 
     </span>
     <span class='ocr_line' id='line_1_31' title="bbox 232 2261 824 2342; baseline 0.064 -37"><span class='ocrx_word' id='word_1_199' title='bbox 232 2261 317 2311; x_wconf 72' lang='lat' dir='ltr'><strong>Uirium</strong></span> <span class='ocrx_word' id='word_1_200' title='bbox 334 2271 442 2328; x_wconf 74' lang='lat' dir='ltr'><strong>reliquia</strong></span> <span class='ocrx_word' id='word_1_201' title='bbox 453 2275 596 2326; x_wconf 79' lang='lat' dir='ltr'><strong>Sanctorum</strong></span> <span class='ocrx_word' id='word_1_202' title='bbox 609 2284 659 2329; x_wconf 73' lang='lat' dir='ltr'><strong>sint</strong></span> <span class='ocrx_word' id='word_1_203' title='bbox 675 2289 824 2342; x_wconf 65' lang='lat' dir='ltr'><strong>meme.</strong></span> 
     </span>
    </p>
   </div>
   <div class='ocr_carea' id='block_1_6' title="bbox 116 2385 909 2704">
    <p class='ocr_par' dir='ltr' id='par_1_10' title="bbox 116 2385 909 2704">
     <span class='ocr_line' id='line_1_32' title="bbox 149 2385 908 2478; baseline 0.061 -44"><span class='ocrx_word' id='word_1_204' title='bbox 149 2385 182 2435; x_wconf 84' lang='lat' dir='ltr'><strong>dd</strong></span> <span class='ocrx_word' id='word_1_205' title='bbox 196 2392 286 2440; x_wconf 83' lang='lat' dir='ltr'><strong>sextum</strong></span> <span class='ocrx_word' id='word_1_206' title='bbox 305 2394 338 2444; x_wconf 88' lang='lat' dir='ltr'><strong>sio</strong></span> <span class='ocrx_word' id='word_1_207' title='bbox 351 2400 478 2460; x_wconf 78' lang='lat' dir='ltr'><strong>proceditur</strong></span> <span class='ocrx_word' id='word_1_208' title='bbox 491 2403 537 2468; x_wconf 88' lang='lat'><strong>(1).</strong></span> <span class='ocrx_word' id='word_1_209' title='bbox 554 2407 646 2460; x_wconf 87' lang='lat' dir='ltr'><strong>Videtur</strong></span> <span class='ocrx_word' id='word_1_210' title='bbox 658 2414 721 2477; x_wconf 81' lang='lat' dir='ltr'><strong>quod</strong></span> <span class='ocrx_word' id='word_1_211' title='bbox 734 2417 877 2478; x_wconf 81' lang='lat' dir='ltr'><strong>Sanctorum</strong></span> <span class='ocrx_word' id='word_1_212' title='bbox 891 2445 908 2478; x_wconf 81' lang='lat' dir='ltr'><strong>r.</strong></span> 
     </span>
     <span class='ocr_line' id='line_1_33' title="bbox 116 2455 899 2563; baseline 0.056 -59"><span class='ocrx_word' id='word_1_213' title='bbox 116 2455 193 2520; x_wconf 81' lang='lat' dir='ltr'><strong>iiquiae</strong></span> <span class='ocrx_word' id='word_1_214' title='bbox 214 2463 275 2514; x_wconf 89' lang='lat' dir='ltr'><strong>nullo</strong></span> <span class='ocrx_word' id='word_1_215' title='bbox 290 2469 356 2519; x_wconf 89' lang='lat' dir='ltr'><strong>modo</strong></span> <span class='ocrx_word' id='word_1_216' title='bbox 370 2471 417 2522; x_wconf 87' lang='lat' dir='ltr'><strong>siut</strong></span> <span class='ocrx_word' id='word_1_217' title='bbox 437 2475 564 2530; x_wconf 78' lang='lat' dir='ltr'><strong>adorande.</strong></span> <span class='ocrx_word' id='word_1_218' title='bbox 583 2481 634 2533; x_wconf 88' lang='lat' dir='ltr'><strong>Non</strong></span> <span class='ocrx_word' id='word_1_219' title='bbox 649 2486 712 2538; x_wconf 87' lang='lat' dir='ltr'><strong>enim</strong></span> <span class='ocrx_word' id='word_1_220' title='bbox 726 2495 766 2542; x_wconf 86' lang='lat' dir='ltr'><strong>est</strong></span> <span class='ocrx_word' id='word_1_221' title='bbox 786 2497 876 2563; x_wconf 82' lang='lat' dir='ltr'><strong>aliquid</strong></span> <span class='ocrx_word' id='word_1_222' title='bbox 894 2506 899 2548; x_wconf 85' lang='lat' dir='ltr'><strong>i</strong></span> 
     </span>
     <span class='ocr_line' id='line_1_34' title="bbox 117 2528 909 2621; baseline 0.051 -44"><span class='ocrx_word' id='word_1_223' title='bbox 117 2528 222 2582; x_wconf 85' lang='lat' dir='ltr'><strong>ciendum</strong></span> <span class='ocrx_word' id='word_1_224' title='bbox 233 2537 294 2599; x_wconf 84' lang='lat' dir='ltr'><strong>quod</strong></span> <span class='ocrx_word' id='word_1_225' title='bbox 307 2540 380 2602; x_wconf 86' lang='lat' dir='ltr'><strong>possit</strong></span> <span class='ocrx_word' id='word_1_226' title='bbox 395 2557 445 2596; x_wconf 87' lang='lat' dir='ltr'><strong>esse</strong></span> <span class='ocrx_word' id='word_1_227' title='bbox 466 2551 556 2601; x_wconf 81' lang='lat' dir='ltr'><strong>oreasio</strong></span> <span class='ocrx_word' id='word_1_228' title='bbox 573 2556 665 2608; x_wconf 87' lang='lat' dir='ltr'><strong>erroris.</strong></span> <span class='ocrx_word' id='word_1_229' title='bbox 680 2559 727 2611; x_wconf 83' lang='lat' dir='ltr'><strong>Sed</strong></span> <span class='ocrx_word' id='word_1_230' title='bbox 745 2566 847 2621; x_wconf 81' lang='lat' dir='ltr'><strong>adorare</strong></span> <span class='ocrx_word' id='word_1_231' title='bbox 864 2587 909 2620; x_wconf 75' lang='lat' dir='ltr'><strong>mn.-</strong></span> 
     </span>
     <span class='ocr_line' id='line_1_35' title="bbox 116 2602 906 2704; baseline 0.051 -56"><span class='ocrx_word' id='word_1_232' title='bbox 116 2602 205 2652; x_wconf 91' lang='lat' dir='ltr'><strong>tnorum</strong></span> <span class='ocrx_word' id='word_1_233' title='bbox 218 2605 440 2672; x_wconf 81' lang='lat' dir='ltr'><strong>reliquias‚·videtur</strong></span> <span class='ocrx_word' id='word_1_234' title='bbox 448 2619 476 2668; x_wconf 86' lang='lat' dir='ltr'><strong>ad</strong></span> <span class='ocrx_word' id='word_1_235' title='bbox 490 2632 590 2674; x_wconf 87' lang='lat' dir='ltr'><strong>errorem</strong></span> <span class='ocrx_word' id='word_1_236' title='bbox 603 2627 729 2682; x_wconf 85' lang='lat' dir='ltr'><strong>Gentilium</strong></span> <span class='ocrx_word' id='word_1_237' title='bbox 739 2638 875 2703; x_wconf 77' lang='lat' dir='ltr'><strong>pertinere,</strong></span> <span class='ocrx_word' id='word_1_238' title='bbox 886 2659 906 2704; x_wconf 65' lang='lat' dir='ltr'><strong>p:</strong></span> 
     </span>
    </p>
   </div>
   <div class='ocr_carea' id='block_1_7' title="bbox 115 2674 913 2817">
    <p class='ocr_par' dir='ltr' id='par_1_11' title="bbox 115 2674 913 2817">
     <span class='ocr_line' id='line_1_36' title="bbox 115 2674 913 2776; baseline 0.055 -56"><span class='ocrx_word' id='word_1_239' title='bbox 115 2674 210 2725; x_wconf 89' lang='lat' dir='ltr'><strong>mortuis</strong></span> <span class='ocrx_word' id='word_1_240' title='bbox 231 2677 360 2732; x_wconf 88' lang='lat' dir='ltr'><strong>hominibus</strong></span> <span class='ocrx_word' id='word_1_241' title='bbox 377 2685 574 2744; x_wconf 83' lang='lat' dir='ltr'><strong>honorificentiam</strong></span> <span class='ocrx_word' id='word_1_242' title='bbox 595 2697 769 2763; x_wconf 80' lang='lat' dir='ltr'><strong>impendebant.</strong></span> <span class='ocrx_word' id='word_1_243' title='bbox 791 2710 857 2776; x_wconf 76' lang='lat' dir='ltr'><strong>Ergo</strong></span> <span class='ocrx_word' id='word_1_244' title='bbox 880 2728 913 2762; x_wconf 68' lang='lat' dir='ltr'><strong>un·</strong></span> 
     </span>
     <span class='ocr_line' id='line_1_37' title="bbox 116 2746 623 2817; baseline 0.057 -27"><span class='ocrx_word' id='word_1_245' title='bbox 116 2746 170 2792; x_wconf 87' lang='lat' dir='ltr'><strong>sunt</strong></span> <span class='ocrx_word' id='word_1_246' title='bbox 182 2751 311 2799; x_wconf 84' lang='lat' dir='ltr'><strong>sanctorum</strong></span> <span class='ocrx_word' id='word_1_247' title='bbox 324 2753 426 2817; x_wconf 85' lang='lat' dir='ltr'><strong>reliquiae</strong></span> <span class='ocrx_word' id='word_1_248' title='bbox 441 2761 569 2816; x_wconf 80' lang='lat' dir='ltr'><strong>adoranda.</strong></span> <span class='ocrx_word' id='word_1_249' title='bbox 618 2773 623 2781; x_wconf 85' lang='lat'>&#39;</span> 
     </span>
    </p>
   </div>
   <div class='ocr_carea' id='block_1_8' title="bbox 149 2879 768 2986">
    <p class='ocr_par' dir='ltr' id='par_1_12' title="bbox 149 2879 768 2986">
     <span class='ocr_line' id='line_1_38' title="bbox 149 2879 768 2986; baseline 0.068 -49"><span class='ocrx_word' id='word_1_250' title='bbox 149 2892 179 2954; x_wconf 80' lang='lat'><strong>(1)</strong></span> <span class='ocrx_word' id='word_1_251' title='bbox 195 2898 228 2942; x_wconf 83' lang='lat' dir='ltr'><strong>Ite</strong></span> <span class='ocrx_word' id='word_1_252' title='bbox 240 2899 277 2945; x_wconf 84' lang='lat' dir='ltr'><strong>his</strong></span> <span class='ocrx_word' id='word_1_253' title='bbox 289 2903 359 2950; x_wconf 82' lang='lat' dir='ltr'><strong>etism</strong></span> <span class='ocrx_word' id='word_1_254' title='bbox 372 2906 397 2954; x_wconf 87' lang='lat' dir='ltr'><strong>in</strong></span> <span class='ocrx_word' id='word_1_255' title='bbox 408 2909 432 2969; x_wconf 73' lang='lat'><strong>2,</strong></span> <span class='ocrx_word' id='word_1_256' title='bbox 451 2879 493 2970; x_wconf 73' lang='lat' dir='ltr'><strong>pu.</strong></span> <span class='ocrx_word' id='word_1_257' title='bbox 507 2916 533 2977; x_wconf 71' lang='lat'><strong>2,</strong></span> <span class='ocrx_word' id='word_1_258' title='bbox 547 2917 588 2980; x_wconf 72' lang='lat'><strong>⁹⁵,</strong></span> <span class='ocrx_word' id='word_1_259' title='bbox 600 2929 648 2970; x_wconf 76' lang='lat' dir='ltr'><strong>art.</strong></span> <span class='ocrx_word' id='word_1_260' title='bbox 657 2924 685 2986; x_wconf 67' lang='lat' dir='ltr'><strong>d,</strong></span> <span class='ocrx_word' id='word_1_261' title='bbox 697 2929 730 2977; x_wconf 80' lang='lat' dir='ltr'><strong>ad</strong></span> <span class='ocrx_word' id='word_1_262' title='bbox 740 2929 768 2978; x_wconf 77' lang='lat'><strong>³.</strong></span> 
     </span>
    </p>
   </div>
   <div class='ocr_carea' id='block_1_9' title="bbox 0 0 964 3317">
    <p class='ocr_par' dir='ltr' id='par_1_13' title="bbox 0 0 964 3317">
     <span class='ocr_line' id='line_1_39' title="bbox 0 0 964 3317; baseline 0 8"><span class='ocrx_word' id='word_1_263' title='bbox 0 0 964 3317; x_wconf 95' lang='lat' dir='ltr'><strong> </strong></span> 
     </span>
    </p>
   </div>
  </div>
 </body>
</html>
