1917 3317
272 191 305 231 ar
318 189 435 232 numan
449 185 554 231 mnan.
767 177 813 230 tit

22 266 186 333 santur,uoluit
198 267 256 334 pati.
271 269 337 322 Unde
348 269 430 321 dieitur
438 271 557 325 artuum,
569 265 598 317 IV
613 281 620 316 ε
634 267 816 318 oconmnerunt

22 343 43 392 in
56 343 100 393 ista
113 341 204 393 citime
218 343 325 394 aduersus
336 347 440 394 ammam
453 355 551 407 puerum
565 345 629 390 tuum
643 339 735 402 desum,
747 351 815 403 quem

22 413 115 479 unxisti,
130 415 230 466 Herodes
245 417 269 465 et
279 415 376 466 Pontius
394 413 480 465 Pilutus
496 427 548 463 oum
560 409 669 462 Gentibus
682 414 704 461 et
718 411 816 476 populus

21 487 95 537 israel.
112 502 126 534 o

50 559 82 607 hd
97 555 560 622 seeundumdicendum‚quddt1hristus
575 569 621 608 non
634 555 658 606 in
673 555 759 619 templo
778 557 818 604 aut

21 627 41 678 in
62 626 167 692 civitate,
185 628 225 680 sed
242 633 308 680 extra
320 632 409 694 portam
426 641 509 693 passos
518 631 553 679 est
565 626 710 692 proptertria
723 641 729 676 :
742 625 816 690 primb

21 700 123 763 quidem,
134 703 160 751 ut
173 699 259 750 ueritas
272 701 419 765 responderet
436 701 529 765 bpnrae3
547 712 599 750 nam
612 700 697 749 vitulus
709 702 732 748 et
741 698 818 752 hircus

21 771 58 834 qni
72 770 237 823 solemnissimo
252 771 362 822 saonficio
376 773 405 822 ad
418 773 571 837 expiationem
583 770 653 822 totius
665 769 819 820 multitudinis

21 843 179 906 onerabantur,
187 846 252 893 extra
260 846 333 893 eastra
340 843 540 906 comburebantur,
552 846 578 892 nt
586 840 716 906 praeoipitur
724 842 818 901 benit„

21 914 77 964 tivi.
93 914 157 964 Unde
170 913 253 964 dieitur
262 913 348 970 Heba„
358 915 411 964 iiiii
424 930 429 962 :
444 916 568 974 «Quorum
578 911 709 962 animalium
723 912 819 962 infertur

21 984 113 1048 sangnis
125 999 167 1049 pro
179 989 272 1049 peccato
281 984 307 1034 in
317 985 401 1036 Sancta
415 998 456 1050 per
468 983 618 1046 Pontificem,
632 985 712 1035 horum
723 993 819 1047 eorpora

21 1059 147 1108 tremuntur
157 1062 222 1108 extra
233 1059 317 1107 castra.
331 1058 495 1122 propterquod
508 1061 532 1108 et
541 1057 621 1119 lesus,
630 1060 656 1105 nt
669 1055 819 1106 sanctificaret

21 1141 140 1194 perosum
156 1127 290 1192 sangninem
305 1129 430 1194 populum,
444 1132 509 1178 extra
528 1131 617 1192 portam
635 1139 716 1190 passus
737 1130 781 1177 est.
802 1143 816 1174 n

21 1199 137 1262 Secundo,
144 1203 170 1250 nt
178 1213 220 1264 per
232 1202 276 1250 hoo
284 1201 349 1252 daret
357 1201 423 1252 nobis
431 1200 562 1264 exemptum
572 1199 669 1249 exeundi
679 1197 692 1248 d
702 1198 818 1248 mundana

21 1269 206 1335 eonversatione3
225 1271 286 1322 unde
304 1271 388 1321 ibidem
406 1271 528 1323 subditur:
546 1269 687 1320 abnuamus
703 1269 771 1332 igitur
789 1269 818 1319 ad

21 1356 73 1392 enm
86 1347 150 1393 extra
163 1346 253 1405 eastra,
269 1342 433 1407 improperium
445 1343 498 1424 e'pus
510 1345 636 1407 portantes.
653 1357 667 1388 n
688 1339 778 1403 Tertid,
793 1344 819 1390 ut

21 1416 198 1480 chrysostomus
215 1414 239 1464 in
253 1427 357 1466 sermone
369 1417 397 1465 de
408 1425 517 1478 passione
534 1413 602 1475 dioit,
618 1412 666 1464 siae
675 1413 703 1462 de
716 1415 820 1470 croeset

21 1487 122 1550 latrone,
138 1486 237 1537 «noluit
249 1486 360 1538 Dominus
371 1488 421 1552 pati
435 1486 478 1537 sub
491 1489 564 1549 hoto,
580 1497 627 1536 non
640 1484 665 1535 in
680 1483 765 1548 templo
778 1485 821 1534 Jo—

20 1559 94 1618 daho,
109 1571 138 1608 ne
150 1559 222 1610 iudai
238 1560 396 1610 subtraherent
409 1557 544 1610 saeridoium
559 1557 670 1612 mititare,
686 1569 716 1607 ne
730 1559 822 1620 putares

21 1644 62 1693 pro
79 1631 120 1680 iiia
133 1634 223 1681 tanturn
235 1631 302 1695 plebe
315 1631 424 1682 obtutam.
439 1631 469 1680 at
478 1630 530 1681 ideo
543 1631 605 1680 ieras
619 1630 746 1691 civitatem,
761 1628 821 1678 doras

21 1715 108 1764 muros,
121 1705 148 1752 ut
164 1702 223 1753 anias
237 1701 373 1753 saoubeium
385 1713 437 1753 esse
447 1713 568 1752 commune
575 1737 584 1764 ‚
598 1700 658 1764 quod
672 1699 744 1752 totins
757 1703 821 1750 terrm

21 1778 57 1824 est
69 1774 163 1834 oblatio,
175 1773 236 1837 quod
249 1774 376 1824 communis
387 1777 424 1824 est
435 1773 571 1838 purificatio.
585 1788 600 1820 o

52 1847 86 1896 dd
97 1847 188 1896 tertium
207 1845 344 1910 dicendam,
358 1845 420 1909 qndd
437 1847 498 1896 seut
514 1845 665 1907 Hieronymus
678 1843 734 1895 dicit
746 1857 823 1909 saper

21 1919 114 1971 Mottb.
126 1921 193 1984 (rap.
204 1919 258 1983 Ἡ),
271 1918 387 1983 «quidam
396 1919 502 1983 exposuit
514 1918 622 1969 Caiaariae
635 1917 709 1967 ioeum
720 1954 727 1980 ‚
738 1917 762 1966 in
776 1929 822 1980 quo

21 1992 124 2055 sepultus
139 1996 176 2042 est
189 1990 273 2054 idam,
285 1990 338 2041 ideo
347 1990 381 2040 sio
392 1991 545 2055 appellatum,
563 1990 615 2053 qrnia
626 1988 658 2039 ihi
676 1987 764 2052 antiqui
777 1989 823 2038 bo-

21 2062 91 2111 minis
103 2062 133 2112 sit
147 2061 261 2112 eonditum
272 2064 349 2125 eaput.
364 2061 509 2112 devorabitis
519 2060 676 2124 interpretatio
686 2063 710 2110 et
722 2060 823 2109 muleens

21 2146 101 2184 aurem
117 2134 211 2198 populi,
226 2146 269 2184 neo
289 2138 366 2183 umen
381 2145 444 2184 aera.
466 2133 536 2182 Extra
555 2133 634 2182 urbem
651 2132 712 2183 enim
726 2134 750 2182 et
764 2132 824 2182 toras

21 2208 128 2270 portam,
143 2206 193 2257 toea
207 2205 298 2254 suntin
316 2204 400 2269 quibus
409 2208 545 2255 truncantur
556 2205 632 2269 capita
650 2204 823 2266 damnatorum,

21 2280 46 2328 et
58 2277 169 2328 Catienae
183 2277 223 2340 (id
237 2282 285 2340 est,
306 2275 502 2341 decoliatorum),
516 2288 632 2340 sumpsere
647 2289 740 2327 nomen.
753 2277 824 2340 Prop-

22 2354 86 2400 terea
97 2352 173 2400 antem
187 2348 220 2398 ibi
233 2348 354 2399 erueifixus
370 2349 450 2411 iesus,
464 2350 491 2397 nt
505 2347 544 2397 ubi
560 2348 624 2412 prins
638 2351 687 2398 erat
700 2361 751 2398 area
762 2347 826 2397 darn·

22 2425 144 2483 natorum,
153 2419 186 2469 ihi
198 2420 339 2482 eriperentur
347 2417 432 2470 neritia
443 2418 554 2483 martyrii.
567 2420 639 2470 adam
647 2418 703 2470 verb
713 2418 825 2483 sepultum

20 2494 87 2554 iuxta
100 2492 192 2542 Hebron
205 2495 229 2541 et
242 2491 301 2542 hrbe
312 2491 336 2541 in
349 2491 406 2542 iesu
419 2490 473 2541 Filii
486 2491 549 2541 Naue
563 2490 680 2542 uolumine
693 2491 824 2552 legimus.»

22 2564 94 2627 Magis
108 2566 184 2615 autern
202 2566 269 2615 tesns
283 2563 448 2627 crucifigendus
464 2566 514 2613 erat
531 2563 555 2612 in
569 2562 620 2614 loeo
634 2561 749 2613 communi
763 2561 827 2610 dam-

22 2639 128 2686 natorum
141 2634 211 2699 quim
222 2634 289 2699 juxta
309 2634 454 2699 seprdehrum
471 2635 541 2696 dida,
554 2638 580 2684 ut
596 2634 753 2685 ostenderetur
767 2631 826 2695 qndd

22 2722 78 2757 cmx
99 2706 185 2756 Christi
205 2719 251 2757 non
270 2705 344 2756 solum
364 2708 413 2756 erat
428 2705 453 2754 iu
471 2705 595 2756 remedium
611 2708 689 2755 eontra
707 2707 826 2768 peecatum

22 2779 145 2843 personate
155 2775 228 2842 ipsius
237 2778 298 2839 hdo,
309 2777 349 2830 sed
362 2776 431 2827 etiam
439 2781 518 2829 eontra
527 2780 644 2840 poenitum
654 2774 727 2826 totius
736 2773 826 2824 mundi.
