1917 3317
151 223 177 264 m
189 225 228 262 urs
243 222 302 270 oua
314 223 448 264 rennuens
464 223 496 264 Au
510 223 661 267 mustene
756 213 802 266 itt

45 308 84 344 eum
96 297 159 351 lettre
170 301 293 366 precipiat.
305 317 320 348 n
336 301 421 352 Eadem
438 304 512 352 autem
527 301 584 353 rotie
597 305 633 352 est
644 301 672 352 de
688 299 803 365 nidmu

49 368 154 434 sidericis,
165 373 214 436 quia
230 373 333 437 utrisque
350 372 455 424 similiter
467 373 558 437 negotiu
577 372 693 424 molaria
708 373 802 424 interm·

47 445 113 504 cuntur,
121 447 141 492 ot
151 443 229 495 dietum
243 448 288 495 est.

66 513 89 560 Ad
106 515 186 576 pinum
212 530 267 581 ergo
288 515 422 578 dicendum,
439 515 500 580 quod
522 517 641 568 monachis
661 515 803 569 interdicitur

45 583 131 634 selemia
147 589 233 652 negotia
252 591 350 639 tractare
372 592 463 653 propter
486 586 648 653 cupiditatem,
662 601 708 638 nou
725 593 802 641 autem

44 659 113 715 propter
126 658 254 712 medmtcm.

67 726 92 774 Ad
102 733 206 782 emulum
220 732 357 796 dicendum,
367 731 429 796 qudd
442 744 489 782 non
503 731 680 793 eslcnriositas,
695 732 735 782 sed
748 732 803 782 elra-

43 794 83 873 ritls
94 797 109 848 si
120 808 201 868 propter
215 804 377 858 necessitatem
395 803 476 868 niquis
496 817 521 855 se
540 803 637 867 negotiis
654 804 802 854 secularibus

41 878 142 924 immisceol.

60 942 85 990 Ad
91 944 302 1010 tertiumdicendum,
308 948 369 1012 qudd
378 949 521 1012 frequentare
528 947 614 1011 palatia
622 949 801 1010 regumpropler

36 1010 107 1066 luticios
116 1017 146 1068 nel
155 1019 262 1082 glorium,
277 1021 315 1070 rel
326 1021 487 1084 cupiditatem,
501 1033 549 1071 non
559 1019 667 1083 competit
675 1018 801 1082 religiosis,

36 1085 65 1131 rel
81 1087 166 1141 eratin
178 1095 268 1156 propter
281 1092 333 1156 pias
353 1105 444 1152 causas,
461 1091 495 1142 eis
512 1091 627 1155 competit.
642 1089 707 1140 Unde
720 1089 802 1140 dicitur

35 1153 62 1201 tt.
73 1158 150 1222 meum
163 1162 204 1224 rv,
219 1163 279 1228 quod
293 1162 389 1213 Elisaeus
401 1163 457 1213 dieit
467 1163 496 1212 ad
508 1162 643 1212 mulierem:
659 1178 674 1209 n
687 1160 802 1223 Numquid

34 1239 67 1274 nou
77 1229 135 1282 tates
146 1233 273 1297 negotium,
290 1236 313 1284 et
324 1235 361 1285 uis
379 1237 406 1283 ut
422 1234 501 1298 loquar
513 1233 570 1298 Regi
583 1234 619 1284 nel
630 1231 728 1296 principi
742 1230 804 1283 mili·

35 1300 73 1346 lul
83 1316 94 1346 n
105 1303 202 1357 Similiter
212 1307 279 1358 eliam
298 1305 405 1357 convenit
416 1305 528 1369 religiosis
543 1305 605 1356 adire
616 1306 704 1366 Regum
719 1303 804 1368 palatia

38 1370 58 1415 nl
69 1385 98 1422 ms
115 1379 234 1440 arguendos
249 1381 272 1430 et
286 1378 447 1442 corrigendos,
459 1378 521 1428 sicut
535 1378 635 1430 loannes
653 1375 754 1441 Baptista
766 1388 804 1426 ur·

38 1443 98 1498 {litut
107 1446 223 1515 Herodem,
233 1453 259 1502 ul
273 1449 356 1500 dicitur
368 1449 467 1508 Molli„
483 1450 541 1502 lllV.

298 1627 456 1680 Anniculus
469 1628 507 1678 111.

120 1751 199 1800 nuum
208 1753 316 1810 religiosi
327 1754 439 1800 monitus
448 1753 544 1810 operari
559 1756 695 1800 uocantum.

55 1875 81 1924 Ad
96 1878 181 1930 tertium
195 1881 229 1932 sic
244 1881 383 1946 proceditur.
399 1880 494 1932 Videtur
506 1879 566 1945 qudd
579 1881 681 1944 religiosi
697 1882 803 1934 manibus

32 1947 102 2004 llumi
112 1953 232 2002 teneantur.
241 1953 293 2002 lton
302 1952 364 2003 euim
378 1955 515 2002 excusantur
524 1952 625 2017 religiosi
635 1954 663 2002 alr
679 1952 804 2004 obseruan-

34 2019 56 2064 da
72 2027 228 2086 preceptorum.
244 2025 290 2076 sed
306 2024 396 2088 operari
409 2025 514 2075 manibus
530 2032 566 2076 est
583 2026 609 2075 in
623 2029 748 2090 precepto,
768 2039 805 2077 se·

38 2091 169 2145 ,lulumillud
178 2097 194 2146 l.
204 2095 366 2156 adfirment,
375 2098 405 2146 lv
416 2113 421 2146 z
434 2096 587 2160 «Operomini
596 2097 702 2148 manitus
711 2097 803 2161 uestris,

36 2165 77 2209 mut
85 2163 217 2230 precipimus
226 2167 300 2220 uehis.
315 2170 405 2220 »Unde
420 2170 444 2218 et
459 2167 599 2232 Augustinus
612 2168 638 2218 iu
649 2169 689 2218 lit.
702 2169 739 2218 De
748 2184 805 2234 ope·

50 2233 88 2282 itur
100 2242 269 2290 monnetorum
288 2241 355 2306 (cup.
372 2239 418 2304 dt)
434 2239 490 2292 dicit
506 2256 512 2290 :
526 2257 541 2289 n
554 2241 668 2293 Caelcrum
681 2240 733 2305 quis
745 2240 806 2292 ierat

43 2306 115 2358 tremite
132 2315 272 2364 mutrmaces
289 2313 331 2376 (id
348 2317 398 2374 est,
415 2311 535 2375 religiosos
552 2325 599 2364 nou
621 2316 757 2378 operantes,
777 2315 807 2365 de

44 2374 100 2430 *initus
108 2379 137 2431 iti
149 2381 259 2444 loquitur)
271 2381 430 2435 saluberrimis
439 2384 544 2447 Apostoli
554 2385 645 2435 monitis
658 2385 802 2447 resistentes,

47 2451 78 2516 tlt
90 2449 133 2500 ient
145 2452 277 2506 infirmiores
289 2455 390 2513 tolerari,
404 2455 445 2504 sed
458 2455 519 2506 sicud
528 2456 597 2506 etium
611 2455 736 2508 sanctiores
747 2472 805 2522 prm-

47 2511 185 2590 ltsutnssego
201 2527 288 2578 videtu
302 2525 362 2590 quod
381 2525 482 2590 religiosi
497 2531 615 2580 mneentur
629 2527 734 2579 mmitns
751 2542 806 2594 ope·

47 2593 77 2630 nu

68 2659 85 2705 ἵ·
95 2661 406 2732 intemperamenti..
416 2672 454 2735 lll,
465 2672 612 2736 superillnd:
628 2688 642 2720 n
657 2673 681 2722 Si
693 2674 744 2738 quis
759 2687 805 2726 non

49 2725 80 2815 rull
92 2738 175 2802 mnu,
188 2753 227 2790 nee
238 2743 373 2803 manducet,
388 2758 401 2790 u
412 2743 466 2793 dicit
477 2745 557 2796 litossn
567 2760 573 2794 z
591 2744 700 2796 «Dicunt
713 2746 804 2810 quidam

50 2807 69 2840 ¹¹⁹·
82 2803 161 2860 lillitus
178 2811 330 2874 spiritualibus
343 2814 388 2863 hoe
401 2813 535 2878 Apostolum
547 2816 701 2881 precepisse,
716 2830 762 2867 nou
775 2817 804 2867 de

51 2875 209 2942 sttttmrporati,
223 2884 247 2934 in
259 2897 303 2948 quo
317 2883 421 2947 agricole
434 2885 468 2935 vel
482 2887 572 2951 opifices
583 2888 717 2946 intonant»
733 2891 757 2937 et
768 2886 805 2935 in-

49 2933 73 2986 lo
84 2944 146 3000 :rtet
158 2955 269 3017 superfluo
287 2958 398 3010 conantur
408 2959 432 3008 et
443 2955 487 3008 siti
499 2961 522 3007 et
531 2957 619 3010 celeus
629 2957 752 3022 commem
764 2955 804 3008 olr-
