<?xml version="1.0" encoding="UTF-8"?>
<!DOCTYPE html PUBLIC "-//W3C//DTD XHTML 1.0 Transitional//EN"
    "http://www.w3.org/TR/xhtml1/DTD/xhtml1-transitional.dtd">
<html xmlns="http://www.w3.org/1999/xhtml" xml:lang="en" lang="en">
 <head>
  <title>
</title>
<meta http-equiv="Content-Type" content="text/html;charset=utf-8" />
  <meta name='ocr-system' content='tesseract 3.04.00' />
  <meta name='ocr-capabilities' content='ocr_page ocr_carea ocr_par ocr_line ocrx_word'/>
</head>
<body>
  <div class='ocr_page' id='page_1' title='image "./summatheologica02nicogoog_0972.png"; bbox 0 0 1917 3317; ppageno 0'>
   <div class='ocr_carea' id='block_1_1' title="bbox 56 135 828 293">
    <p class='ocr_par' dir='ltr' id='par_1_1' title="bbox 56 135 828 293">
     <span class='ocr_line' id='line_1_1' title="bbox 185 135 828 191; baseline -0.006 -2"><span class='ocrx_word' id='word_1_1' title='bbox 185 149 216 189; x_wconf 86' lang='lat' dir='ltr'><strong>nn</strong></span> <span class='ocrx_word' id='word_1_2' title='bbox 231 148 436 191; x_wconf 76' lang='lat' dir='ltr'><strong>narmxsrrrrortn</strong></span> <span class='ocrx_word' id='word_1_3' title='bbox 451 150 663 191; x_wconf 76' lang='lat' dir='ltr'><strong>nmunnncrrours.</strong></span> <span class='ocrx_word' id='word_1_4' title='bbox 777 135 828 186; x_wconf 76' lang='lat' dir='ltr'><strong>aab</strong></span> 
     </span>
     <span class='ocr_line' id='line_1_2' title="bbox 56 227 828 293; baseline -0.001 -16"><span class='ocrx_word' id='word_1_5' title='bbox 56 230 107 292; x_wconf 86' lang='lat' dir='ltr'><strong>uis,</strong></span> <span class='ocrx_word' id='word_1_6' title='bbox 124 232 148 279; x_wconf 92' lang='lat' dir='ltr'><strong>et</strong></span> <span class='ocrx_word' id='word_1_7' title='bbox 158 228 230 292; x_wconf 80' lang='lat' dir='ltr'><strong>glorie</strong></span> <span class='ocrx_word' id='word_1_8' title='bbox 244 229 394 293; x_wconf 79' lang='lat' dir='ltr'><strong>resurgentis.</strong></span> <span class='ocrx_word' id='word_1_9' title='bbox 409 230 442 279; x_wconf 81' lang='lat' dir='ltr'><strong>Ad</strong></span> <span class='ocrx_word' id='word_1_10' title='bbox 454 229 571 279; x_wconf 88' lang='lat' dir='ltr'><strong>veritatem</strong></span> <span class='ocrx_word' id='word_1_11' title='bbox 586 233 664 280; x_wconf 85' lang='lat' dir='ltr'><strong>nutem</strong></span> <span class='ocrx_word' id='word_1_12' title='bbox 674 227 828 280; x_wconf 86' lang='lat' dir='ltr'><strong>resurrectio·</strong></span> 
     </span>
    </p>
   </div>
   <div class='ocr_carea' id='block_1_2' title="bbox 52 300 859 365">
    <p class='ocr_par' dir='ltr' id='par_1_2' title="bbox 52 300 859 365">
     <span class='ocr_line' id='line_1_3' title="bbox 52 300 859 365; baseline 0.001 -18"><span class='ocrx_word' id='word_1_13' title='bbox 52 319 54 347; x_wconf 72' lang='grc' dir='ltr'>ι</span> <span class='ocrx_word' id='word_1_14' title='bbox 70 301 279 363; x_wconf 73' lang='grc' dir='ltr'>ιιιιιιίῐιιιιιιήιιιι,</span> <span class='ocrx_word' id='word_1_15' title='bbox 291 301 376 353; x_wconf 84' lang='lat' dir='ltr'><strong>suffieit</strong></span> <span class='ocrx_word' id='word_1_16' title='bbox 388 300 448 364; x_wconf 88' lang='lat' dir='ltr'><strong>qubd</strong></span> <span class='ocrx_word' id='word_1_17' title='bbox 462 302 548 365; x_wconf 88' lang='lat' dir='ltr'><strong>pluries</strong></span> <span class='ocrx_word' id='word_1_18' title='bbox 558 303 592 352; x_wconf 89' lang='lat' dir='ltr'><strong>eis</strong></span> <span class='ocrx_word' id='word_1_19' title='bbox 602 302 724 365; x_wconf 86' lang='lat' dir='ltr'><strong>apparuit,</strong></span> <span class='ocrx_word' id='word_1_20' title='bbox 737 304 760 350; x_wconf 91' lang='lat' dir='ltr'><strong>et</strong></span> <span class='ocrx_word' id='word_1_21' title='bbox 773 310 827 350; x_wconf 85' lang='lat' dir='ltr'><strong>conr</strong></span> <span class='ocrx_word' id='word_1_22' title='bbox 858 355 859 364; x_wconf 10' lang='grc' dir='ltr'>ἵ</span> 
     </span>
    </p>
   </div>
   <div class='ocr_carea' id='block_1_3' title="bbox 50 369 828 1155">
    <p class='ocr_par' dir='ltr' id='par_1_3' title="bbox 50 369 828 1155">
     <span class='ocr_line' id='line_1_4' title="bbox 65 369 828 435; baseline 0 -14"><span class='ocrx_word' id='word_1_23' title='bbox 65 372 212 423; x_wconf 74' lang='lat' dir='ltr'><strong>familiariter</strong></span> <span class='ocrx_word' id='word_1_24' title='bbox 223 377 259 423; x_wconf 84' lang='lat' dir='ltr'><strong>est</strong></span> <span class='ocrx_word' id='word_1_25' title='bbox 268 374 366 435; x_wconf 89' lang='lat' dir='ltr'><strong>locotus,</strong></span> <span class='ocrx_word' id='word_1_26' title='bbox 380 378 402 423; x_wconf 90' lang='lat' dir='ltr'><strong>et</strong></span> <span class='ocrx_word' id='word_1_27' title='bbox 415 374 527 435; x_wconf 89' lang='lat' dir='ltr'><strong>comedit,</strong></span> <span class='ocrx_word' id='word_1_28' title='bbox 540 377 564 423; x_wconf 88' lang='lat' dir='ltr'><strong>et</strong></span> <span class='ocrx_word' id='word_1_29' title='bbox 574 373 646 434; x_wconf 82' lang='lat' dir='ltr'><strong>bibit,</strong></span> <span class='ocrx_word' id='word_1_30' title='bbox 661 377 684 423; x_wconf 84' lang='lat' dir='ltr'><strong>el</strong></span> <span class='ocrx_word' id='word_1_31' title='bbox 694 384 719 423; x_wconf 88' lang='lat' dir='ltr'><strong>se</strong></span> <span class='ocrx_word' id='word_1_32' title='bbox 730 372 763 422; x_wconf 85' lang='lat' dir='ltr'><strong>eis</strong></span> <span class='ocrx_word' id='word_1_33' title='bbox 776 369 828 435; x_wconf 84' lang='lat' dir='ltr'><strong>pal·</strong></span> 
     </span>
     <span class='ocr_line' id='line_1_5' title="bbox 52 445 826 509; baseline 0 -17"><span class='ocrx_word' id='word_1_34' title='bbox 52 447 122 495; x_wconf 84' lang='lat' dir='ltr'><strong>ndum</strong></span> <span class='ocrx_word' id='word_1_35' title='bbox 138 445 242 509; x_wconf 81' lang='lat' dir='ltr'><strong>praebuit.</strong></span> <span class='ocrx_word' id='word_1_36' title='bbox 260 446 294 496; x_wconf 79' lang='lat' dir='ltr'><strong>ld</strong></span> <span class='ocrx_word' id='word_1_37' title='bbox 313 445 406 508; x_wconf 79' lang='lat' dir='ltr'><strong>gloriam</strong></span> <span class='ocrx_word' id='word_1_38' title='bbox 420 449 498 496; x_wconf 88' lang='lat' dir='ltr'><strong>autem</strong></span> <span class='ocrx_word' id='word_1_39' title='bbox 514 446 652 508; x_wconf 80' lang='lat' dir='ltr'><strong>resurgentis</strong></span> <span class='ocrx_word' id='word_1_40' title='bbox 675 446 826 495; x_wconf 86' lang='lat' dir='ltr'><strong>manilestau·</strong></span> 
     </span>
     <span class='ocr_line' id='line_1_6' title="bbox 52 516 825 581; baseline -0.001 -17"><span class='ocrx_word' id='word_1_41' title='bbox 52 532 81 577; x_wconf 93' lang='lat' dir='ltr'><strong>m,</strong></span> <span class='ocrx_word' id='word_1_42' title='bbox 99 516 177 567; x_wconf 91' lang='lat' dir='ltr'><strong>noluit</strong></span> <span class='ocrx_word' id='word_1_43' title='bbox 187 516 293 569; x_wconf 79' lang='lat' dir='ltr'><strong>continue</strong></span> <span class='ocrx_word' id='word_1_44' title='bbox 307 518 435 569; x_wconf 84' lang='lat' dir='ltr'><strong>conversari</strong></span> <span class='ocrx_word' id='word_1_45' title='bbox 450 531 501 567; x_wconf 90' lang='lat' dir='ltr'><strong>cum</strong></span> <span class='ocrx_word' id='word_1_46' title='bbox 513 518 548 568; x_wconf 89' lang='lat' dir='ltr'><strong>eis</strong></span> <span class='ocrx_word' id='word_1_47' title='bbox 559 556 565 578; x_wconf 97' lang='lat'><strong>,</strong></span> <span class='ocrx_word' id='word_1_48' title='bbox 577 518 638 568; x_wconf 89' lang='lat' dir='ltr'><strong>sicut</strong></span> <span class='ocrx_word' id='word_1_49' title='bbox 649 519 713 581; x_wconf 87' lang='lat' dir='ltr'><strong>prins</strong></span> <span class='ocrx_word' id='word_1_50' title='bbox 727 518 825 578; x_wconf 82' lang='lat' dir='ltr'><strong>lecerat,</strong></span> 
     </span>
     <span class='ocr_line' id='line_1_7' title="bbox 63 587 827 653; baseline 0.003 -20"><span class='ocrx_word' id='word_1_51' title='bbox 63 589 185 639; x_wconf 80' lang='lat' dir='ltr'><strong>uideretur</strong></span> <span class='ocrx_word' id='word_1_52' title='bbox 201 588 229 637; x_wconf 88' lang='lat' dir='ltr'><strong>ad</strong></span> <span class='ocrx_word' id='word_1_53' title='bbox 245 588 314 638; x_wconf 88' lang='lat' dir='ltr'><strong>talem</strong></span> <span class='ocrx_word' id='word_1_54' title='bbox 331 588 402 638; x_wconf 85' lang='lat' dir='ltr'><strong>vitam</strong></span> <span class='ocrx_word' id='word_1_55' title='bbox 416 589 584 653; x_wconf 78' lang='lat' dir='ltr'><strong>resurrexisse,</strong></span> <span class='ocrx_word' id='word_1_56' title='bbox 600 589 690 651; x_wconf 84' lang='lat' dir='ltr'><strong>qualem</strong></span> <span class='ocrx_word' id='word_1_57' title='bbox 701 587 764 652; x_wconf 88' lang='lat' dir='ltr'><strong>pribs</strong></span> <span class='ocrx_word' id='word_1_58' title='bbox 779 588 827 636; x_wconf 88' lang='lat' dir='ltr'><strong>ba-</strong></span> 
     </span>
     <span class='ocr_line' id='line_1_8' title="bbox 54 657 826 723; baseline -0.003 -14"><span class='ocrx_word' id='word_1_59' title='bbox 54 664 111 710; x_wconf 83' lang='lat' dir='ltr'><strong>erat.</strong></span> <span class='ocrx_word' id='word_1_60' title='bbox 124 660 190 709; x_wconf 85' lang='lat' dir='ltr'><strong>Unde</strong></span> <span class='ocrx_word' id='word_1_61' title='bbox 205 661 275 716; x_wconf 79' lang='lat' dir='ltr'><strong>Luc..</strong></span> <span class='ocrx_word' id='word_1_62' title='bbox 284 660 338 723; x_wconf 78' lang='lat' dir='ltr'><strong>ult,</strong></span> <span class='ocrx_word' id='word_1_63' title='bbox 350 660 406 710; x_wconf 89' lang='lat' dir='ltr'><strong>dicit</strong></span> <span class='ocrx_word' id='word_1_64' title='bbox 419 662 453 711; x_wconf 89' lang='lat' dir='ltr'><strong>eis</strong></span> <span class='ocrx_word' id='word_1_65' title='bbox 468 676 474 710; x_wconf 93' lang='lat'>:</span> <span class='ocrx_word' id='word_1_66' title='bbox 488 678 503 708; x_wconf 77' lang='lat' dir='ltr'><strong>e</strong></span> <span class='ocrx_word' id='word_1_67' title='bbox 514 662 567 711; x_wconf 81' lang='lat' dir='ltr'><strong>lieo</strong></span> <span class='ocrx_word' id='word_1_68' title='bbox 582 664 637 711; x_wconf 84' lang='lat' dir='ltr'><strong>sunl</strong></span> <span class='ocrx_word' id='word_1_69' title='bbox 648 661 715 710; x_wconf 88' lang='lat' dir='ltr'><strong>verba</strong></span> <span class='ocrx_word' id='word_1_70' title='bbox 729 672 780 723; x_wconf 74' lang='lat' dir='ltr'><strong>qne</strong></span> <span class='ocrx_word' id='word_1_71' title='bbox 792 657 826 707; x_wconf 86' lang='lat' dir='ltr'><strong>lo·</strong></span> 
     </span>
     <span class='ocr_line' id='line_1_9' title="bbox 51 729 825 794; baseline 0 -17"><span class='ocrx_word' id='word_1_72' title='bbox 51 738 87 781; x_wconf 84' lang='lat' dir='ltr'><strong>tus</strong></span> <span class='ocrx_word' id='word_1_73' title='bbox 104 744 158 782; x_wconf 89' lang='lat' dir='ltr'><strong>eum</strong></span> <span class='ocrx_word' id='word_1_74' title='bbox 173 731 201 781; x_wconf 89' lang='lat' dir='ltr'><strong>ad</strong></span> <span class='ocrx_word' id='word_1_75' title='bbox 216 744 258 781; x_wconf 84' lang='lat' dir='ltr'><strong>roe</strong></span> <span class='ocrx_word' id='word_1_76' title='bbox 269 730 321 781; x_wconf 84' lang='lat' dir='ltr'><strong>edm</strong></span> <span class='ocrx_word' id='word_1_77' title='bbox 335 734 408 782; x_wconf 89' lang='lat' dir='ltr'><strong>adbuc</strong></span> <span class='ocrx_word' id='word_1_78' title='bbox 419 744 494 783; x_wconf 86' lang='lat' dir='ltr'><strong>essem</strong></span> <span class='ocrx_word' id='word_1_79' title='bbox 503 732 629 783; x_wconf 85' lang='lat' dir='ltr'><strong>vobiscum.</strong></span> <span class='ocrx_word' id='word_1_80' title='bbox 639 731 724 781; x_wconf 82' lang='lat' dir='ltr'><strong>»Tunc</strong></span> <span class='ocrx_word' id='word_1_81' title='bbox 733 729 825 794; x_wconf 84' lang='lat' dir='ltr'><strong>quidem</strong></span> 
     </span>
     <span class='ocr_line' id='line_1_10' title="bbox 51 803 825 868; baseline 0 -19"><span class='ocrx_word' id='word_1_82' title='bbox 51 810 67 851; x_wconf 86' lang='grc' dir='ltr'><strong>ιι</strong></span> <span class='ocrx_word' id='word_1_83' title='bbox 81 816 137 853; x_wconf 86' lang='lat' dir='ltr'><strong>eum</strong></span> <span class='ocrx_word' id='word_1_84' title='bbox 151 803 186 853; x_wconf 88' lang='lat' dir='ltr'><strong>eis</strong></span> <span class='ocrx_word' id='word_1_85' title='bbox 196 803 316 867; x_wconf 80' lang='lat' dir='ltr'><strong>presentia</strong></span> <span class='ocrx_word' id='word_1_86' title='bbox 327 804 450 868; x_wconf 80' lang='lat' dir='ltr'><strong>corporali3</strong></span> <span class='ocrx_word' id='word_1_87' title='bbox 461 805 502 853; x_wconf 92' lang='lat' dir='ltr'><strong>sed</strong></span> <span class='ocrx_word' id='word_1_88' title='bbox 516 808 570 853; x_wconf 86' lang='lat' dir='ltr'><strong>ante</strong></span> <span class='ocrx_word' id='word_1_89' title='bbox 582 816 634 853; x_wconf 89' lang='lat' dir='ltr'><strong>cnm</strong></span> <span class='ocrx_word' id='word_1_90' title='bbox 646 804 681 853; x_wconf 89' lang='lat' dir='ltr'><strong>eis</strong></span> <span class='ocrx_word' id='word_1_91' title='bbox 693 803 768 853; x_wconf 85' lang='lat' dir='ltr'><strong>luerat</strong></span> <span class='ocrx_word' id='word_1_92' title='bbox 777 812 825 850; x_wconf 91' lang='lat' dir='ltr'><strong>nou</strong></span> 
     </span>
     <span class='ocr_line' id='line_1_11' title="bbox 50 874 825 939; baseline -0.001 -17"><span class='ocrx_word' id='word_1_93' title='bbox 50 876 91 922; x_wconf 84' lang='grc' dir='ltr'>,ιιι</span> <span class='ocrx_word' id='word_1_94' title='bbox 108 874 223 937; x_wconf 87' lang='lat' dir='ltr'><strong>corporali</strong></span> <span class='ocrx_word' id='word_1_95' title='bbox 234 875 366 938; x_wconf 82' lang='lat' dir='ltr'><strong>presentia,</strong></span> <span class='ocrx_word' id='word_1_96' title='bbox 381 877 419 926; x_wconf 87' lang='lat' dir='ltr'><strong>sed</strong></span> <span class='ocrx_word' id='word_1_97' title='bbox 433 876 503 927; x_wconf 86' lang='lat' dir='ltr'><strong>etiam</strong></span> <span class='ocrx_word' id='word_1_98' title='bbox 517 889 557 939; x_wconf 88' lang='lat' dir='ltr'><strong>per</strong></span> <span class='ocrx_word' id='word_1_99' title='bbox 577 874 747 925; x_wconf 89' lang='lat' dir='ltr'><strong>similitudinem</strong></span> <span class='ocrx_word' id='word_1_100' title='bbox 760 886 825 924; x_wconf 89' lang='lat' dir='ltr'><strong>mor-</strong></span> 
     </span>
     <span class='ocr_line' id='line_1_12' title="bbox 53 946 823 1009; baseline 0.003 -18"><span class='ocrx_word' id='word_1_101' title='bbox 53 948 126 996; x_wconf 63' lang='lat' dir='ltr'><strong>Lcrtis.</strong></span> <span class='ocrx_word' id='word_1_102' title='bbox 145 946 209 995; x_wconf 89' lang='lat' dir='ltr'><strong>Unde</strong></span> <span class='ocrx_word' id='word_1_103' title='bbox 226 946 333 1009; x_wconf 76' lang='lat' dir='ltr'><strong>predicta</strong></span> <span class='ocrx_word' id='word_1_104' title='bbox 347 947 417 997; x_wconf 86' lang='lat' dir='ltr'><strong>verbu</strong></span> <span class='ocrx_word' id='word_1_105' title='bbox 436 958 553 1009; x_wconf 82' lang='lat' dir='ltr'><strong>exponens</strong></span> <span class='ocrx_word' id='word_1_106' title='bbox 567 946 623 996; x_wconf 89' lang='lat' dir='ltr'><strong>dicit</strong></span> <span class='ocrx_word' id='word_1_107' title='bbox 635 946 696 996; x_wconf 89' lang='lat' dir='ltr'><strong>Beda</strong></span> <span class='ocrx_word' id='word_1_108' title='bbox 713 946 739 995; x_wconf 87' lang='lat' dir='ltr'><strong>in</strong></span> <span class='ocrx_word' id='word_1_109' title='bbox 752 946 823 1000; x_wconf 73' lang='lat' dir='ltr'><strong>Luc„</strong></span> 
     </span>
     <span class='ocr_line' id='line_1_13' title="bbox 50 1016 825 1078; baseline 0 -13"><span class='ocrx_word' id='word_1_110' title='bbox 50 1020 92 1067; x_wconf 74' lang='lat' dir='ltr'><strong>riv</strong></span> <span class='ocrx_word' id='word_1_111' title='bbox 108 1034 116 1068; x_wconf 95' lang='lat'><strong>:</strong></span> <span class='ocrx_word' id='word_1_112' title='bbox 137 1016 221 1067; x_wconf 81' lang='lat' dir='ltr'><strong>«edm</strong></span> <span class='ocrx_word' id='word_1_113' title='bbox 242 1018 316 1068; x_wconf 84' lang='lat' dir='ltr'><strong>adhoc</strong></span> <span class='ocrx_word' id='word_1_114' title='bbox 331 1031 407 1069; x_wconf 88' lang='lat' dir='ltr'><strong>essem</strong></span> <span class='ocrx_word' id='word_1_115' title='bbox 424 1018 558 1078; x_wconf 77' lang='lat' dir='ltr'><strong>nobiscnm,</strong></span> <span class='ocrx_word' id='word_1_116' title='bbox 573 1017 597 1067; x_wconf 95' lang='lat' dir='ltr'><strong>id</strong></span> <span class='ocrx_word' id='word_1_117' title='bbox 616 1022 668 1078; x_wconf 88' lang='lat' dir='ltr'><strong>est,</strong></span> <span class='ocrx_word' id='word_1_118' title='bbox 683 1016 735 1068; x_wconf 86' lang='lat' dir='ltr'><strong>cium</strong></span> <span class='ocrx_word' id='word_1_119' title='bbox 751 1018 825 1066; x_wconf 85' lang='lat' dir='ltr'><strong>adbuc</strong></span> 
     </span>
     <span class='ocr_line' id='line_1_14' title="bbox 50 1088 824 1155; baseline 0.001 -18"><span class='ocrx_word' id='word_1_120' title='bbox 50 1106 93 1139; x_wconf 51' lang='lat' dir='ltr'><strong>¹-mn</strong></span> <span class='ocrx_word' id='word_1_121' title='bbox 112 1091 142 1140; x_wconf 93' lang='lat' dir='ltr'><strong>in</strong></span> <span class='ocrx_word' id='word_1_122' title='bbox 156 1102 225 1140; x_wconf 87' lang='lat' dir='ltr'><strong>carne</strong></span> <span class='ocrx_word' id='word_1_123' title='bbox 242 1090 433 1155; x_wconf 67' lang='lat' dir='ltr'><strong>[certatimque</strong></span> <span class='ocrx_word' id='word_1_124' title='bbox 447 1091 504 1141; x_wconf 83' lang='lat' dir='ltr'><strong>estis</strong></span> <span class='ocrx_word' id='word_1_125' title='bbox 517 1095 541 1140; x_wconf 90' lang='lat' dir='ltr'><strong>et</strong></span> <span class='ocrx_word' id='word_1_126' title='bbox 556 1103 607 1141; x_wconf 84' lang='lat' dir='ltr'><strong>uos.</strong></span> <span class='ocrx_word' id='word_1_127' title='bbox 620 1091 684 1140; x_wconf 85' lang='lat' dir='ltr'><strong>Tunc</strong></span> <span class='ocrx_word' id='word_1_128' title='bbox 696 1089 788 1152; x_wconf 82' lang='lat' dir='ltr'><strong>quidem</strong></span> <span class='ocrx_word' id='word_1_129' title='bbox 799 1088 824 1137; x_wconf 87' lang='lat' dir='ltr'><strong>in</strong></span> 
     </span>
    </p>
   </div>
   <div class='ocr_carea' id='block_1_4' title="bbox 50 1160 880 1246">
    <p class='ocr_par' dir='ltr' id='par_1_4' title="bbox 50 1160 880 1246">
     <span class='ocr_line' id='line_1_15' title="bbox 50 1160 880 1246; baseline 0.005 -39"><span class='ocrx_word' id='word_1_130' title='bbox 50 1165 98 1211; x_wconf 80' lang='lat' dir='ltr'><strong>lem</strong></span> <span class='ocrx_word' id='word_1_131' title='bbox 114 1173 187 1211; x_wconf 86' lang='lat' dir='ltr'><strong>carne</strong></span> <span class='ocrx_word' id='word_1_132' title='bbox 200 1162 351 1213; x_wconf 87' lang='lat' dir='ltr'><strong>resuscitatus</strong></span> <span class='ocrx_word' id='word_1_133' title='bbox 364 1166 420 1225; x_wconf 84' lang='lat' dir='ltr'><strong>erat,</strong></span> <span class='ocrx_word' id='word_1_134' title='bbox 433 1164 472 1213; x_wconf 89' lang='lat' dir='ltr'><strong>sed</strong></span> <span class='ocrx_word' id='word_1_135' title='bbox 490 1176 542 1212; x_wconf 82' lang='lat' dir='ltr'><strong>cunr</strong></span> <span class='ocrx_word' id='word_1_136' title='bbox 553 1161 599 1213; x_wconf 88' lang='lat' dir='ltr'><strong>illis</strong></span> <span class='ocrx_word' id='word_1_137' title='bbox 610 1160 635 1211; x_wconf 93' lang='lat' dir='ltr'><strong>in</strong></span> <span class='ocrx_word' id='word_1_138' title='bbox 647 1161 728 1212; x_wconf 89' lang='lat' dir='ltr'><strong>eadem</strong></span> <span class='ocrx_word' id='word_1_139' title='bbox 741 1163 826 1213; x_wconf 88' lang='lat' dir='ltr'><strong>morta·</strong></span> <span class='ocrx_word' id='word_1_140' title='bbox 878 1229 880 1246; x_wconf 44' lang='grc' dir='ltr'>Ι</span> 
     </span>
    </p>
   </div>
   <div class='ocr_carea' id='block_1_5' title="bbox 49 1237 256 1284">
    <p class='ocr_par' dir='ltr' id='par_1_5' title="bbox 49 1237 256 1284">
     <span class='ocr_line' id='line_1_16' title="bbox 49 1237 256 1284; baseline 0 -3"><span class='ocrx_word' id='word_1_141' title='bbox 49 1238 82 1284; x_wconf 89' lang='lat' dir='ltr'><strong>ale</strong></span> <span class='ocrx_word' id='word_1_142' title='bbox 100 1246 153 1284; x_wconf 85' lang='lat' dir='ltr'><strong>non</strong></span> <span class='ocrx_word' id='word_1_143' title='bbox 166 1237 224 1283; x_wconf 87' lang='lat' dir='ltr'><strong>erat.</strong></span> <span class='ocrx_word' id='word_1_144' title='bbox 241 1248 256 1281; x_wconf 82' lang='lat' dir='ltr'><strong>o</strong></span> 
     </span>
    </p>
   </div>
   <div class='ocr_carea' id='block_1_6' title="bbox 54 1265 881 1371">
    <p class='ocr_par' dir='ltr' id='par_1_6' title="bbox 54 1265 881 1371">
     <span class='ocr_line' id='line_1_17' title="bbox 54 1265 881 1371; baseline 0.002 -18"><span class='ocrx_word' id='word_1_145' title='bbox 54 1307 84 1354; x_wconf 80' lang='grc' dir='ltr'><strong>,ιι</strong></span> <span class='ocrx_word' id='word_1_146' title='bbox 98 1304 414 1370; x_wconf 49' lang='lat' dir='ltr'><strong>priorumtemporum,</strong></span> <span class='ocrx_word' id='word_1_147' title='bbox 427 1291 825 1371; x_wconf 75' lang='lat' dir='ltr'><strong>quoa&#39;emuemcmsuappmm</strong></span> <span class='ocrx_word' id='word_1_148' title='bbox 879 1265 881 1280; x_wconf 58' lang='lat'>¹</span> 
     </span>
    </p>
   </div>
   <div class='ocr_carea' id='block_1_7' title="bbox 48 1376 828 2515">
    <p class='ocr_par' dir='ltr' id='par_1_7' title="bbox 48 1376 827 1870">
     <span class='ocr_line' id='line_1_18' title="bbox 50 1376 825 1441; baseline 0.004 -17"><span class='ocrx_word' id='word_1_149' title='bbox 50 1378 152 1427; x_wconf 81' lang='lat' dir='ltr'><strong>liciebat</strong></span> <span class='ocrx_word' id='word_1_150' title='bbox 166 1377 194 1427; x_wconf 87' lang='lat' dir='ltr'><strong>ad</strong></span> <span class='ocrx_word' id='word_1_151' title='bbox 211 1376 381 1427; x_wconf 85' lang='lat' dir='ltr'><strong>certificandum</strong></span> <span class='ocrx_word' id='word_1_152' title='bbox 394 1376 519 1441; x_wconf 85' lang='lat' dir='ltr'><strong>discipulos</strong></span> <span class='ocrx_word' id='word_1_153' title='bbox 531 1376 664 1428; x_wconf 72' lang='lat' dir='ltr'><strong>decoritate</strong></span> <span class='ocrx_word' id='word_1_154' title='bbox 678 1377 825 1427; x_wconf 90' lang='lat' dir='ltr'><strong>resurrectio·</strong></span> 
     </span>
     <span class='ocr_line' id='line_1_19' title="bbox 49 1447 826 1511; baseline 0 -14"><span class='ocrx_word' id='word_1_155' title='bbox 49 1464 64 1497; x_wconf 81' lang='lat' dir='ltr'><strong>s.</strong></span> <span class='ocrx_word' id='word_1_156' title='bbox 81 1447 236 1500; x_wconf 82' lang='lat' dir='ltr'><strong>conuersatio</strong></span> <span class='ocrx_word' id='word_1_157' title='bbox 249 1452 324 1499; x_wconf 72' lang='lat' dir='ltr'><strong>numm</strong></span> <span class='ocrx_word' id='word_1_158' title='bbox 336 1447 444 1499; x_wconf 87' lang='lat' dir='ltr'><strong>continua</strong></span> <span class='ocrx_word' id='word_1_159' title='bbox 457 1460 499 1498; x_wconf 87' lang='lat' dir='ltr'><strong>eos</strong></span> <span class='ocrx_word' id='word_1_160' title='bbox 509 1448 619 1511; x_wconf 86' lang='lat' dir='ltr'><strong>potuisset</strong></span> <span class='ocrx_word' id='word_1_161' title='bbox 634 1450 716 1498; x_wconf 91' lang='lat' dir='ltr'><strong>ducere</strong></span> <span class='ocrx_word' id='word_1_162' title='bbox 727 1447 752 1497; x_wconf 90' lang='lat' dir='ltr'><strong>iu</strong></span> <span class='ocrx_word' id='word_1_163' title='bbox 764 1460 826 1498; x_wconf 84' lang='lat' dir='ltr'><strong>erro</strong></span> 
     </span>
     <span class='ocr_line' id='line_1_20' title="bbox 49 1519 825 1583; baseline 0.001 -16"><span class='ocrx_word' id='word_1_164' title='bbox 49 1536 77 1582; x_wconf 93' lang='lat' dir='ltr'><strong>m,</strong></span> <span class='ocrx_word' id='word_1_165' title='bbox 90 1527 118 1571; x_wconf 93' lang='lat' dir='ltr'><strong>ut</strong></span> <span class='ocrx_word' id='word_1_166' title='bbox 133 1520 162 1569; x_wconf 93' lang='lat' dir='ltr'><strong>ad</strong></span> <span class='ocrx_word' id='word_1_167' title='bbox 177 1520 274 1569; x_wconf 82' lang='lat' dir='ltr'><strong>similem</strong></span> <span class='ocrx_word' id='word_1_168' title='bbox 287 1520 360 1569; x_wconf 82' lang='lat' dir='ltr'><strong>vitam</strong></span> <span class='ocrx_word' id='word_1_169' title='bbox 375 1532 427 1571; x_wconf 90' lang='lat' dir='ltr'><strong>eum</strong></span> <span class='ocrx_word' id='word_1_170' title='bbox 446 1519 597 1571; x_wconf 81' lang='lat' dir='ltr'><strong>resurrexisse</strong></span> <span class='ocrx_word' id='word_1_171' title='bbox 611 1520 744 1582; x_wconf 75' lang='lat' dir='ltr'><strong>crederent,</strong></span> <span class='ocrx_word' id='word_1_172' title='bbox 757 1532 825 1583; x_wconf 82' lang='lat' dir='ltr'><strong>qnam</strong></span> 
     </span>
     <span class='ocr_line' id='line_1_21' title="bbox 48 1590 827 1655; baseline 0.001 -16"><span class='ocrx_word' id='word_1_173' title='bbox 48 1593 83 1641; x_wconf 76' lang='lat' dir='ltr'><strong>iis</strong></span> <span class='ocrx_word' id='word_1_174' title='bbox 90 1592 215 1643; x_wconf 87' lang='lat' dir='ltr'><strong>babuerat.</strong></span> <span class='ocrx_word' id='word_1_175' title='bbox 226 1590 409 1643; x_wconf 77' lang='lat' dir='ltr'><strong>consolationem</strong></span> <span class='ocrx_word' id='word_1_176' title='bbox 417 1597 494 1642; x_wconf 90' lang='lat' dir='ltr'><strong>autem</strong></span> <span class='ocrx_word' id='word_1_177' title='bbox 503 1592 532 1642; x_wconf 92' lang='lat' dir='ltr'><strong>de</strong></span> <span class='ocrx_word' id='word_1_178' title='bbox 540 1591 649 1644; x_wconf 78' lang='lat' dir='ltr'><strong>marinna</strong></span> <span class='ocrx_word' id='word_1_179' title='bbox 661 1591 696 1640; x_wconf 88' lang='lat' dir='ltr'><strong>sui</strong></span> <span class='ocrx_word' id='word_1_180' title='bbox 707 1590 827 1655; x_wconf 77' lang='lat' dir='ltr'><strong>presentia</strong></span> 
     </span>
     <span class='ocr_line' id='line_1_22' title="bbox 48 1661 827 1727; baseline 0 -15"><span class='ocrx_word' id='word_1_181' title='bbox 48 1680 54 1706; x_wconf 69' lang='lat' dir='ltr'><strong>r</strong></span> <span class='ocrx_word' id='word_1_182' title='bbox 68 1666 90 1713; x_wconf 91' lang='lat' dir='ltr'><strong>iu</strong></span> <span class='ocrx_word' id='word_1_183' title='bbox 100 1663 148 1713; x_wconf 87' lang='lat' dir='ltr'><strong>alia</strong></span> <span class='ocrx_word' id='word_1_184' title='bbox 164 1661 213 1711; x_wconf 86' lang='lat' dir='ltr'><strong>vita</strong></span> <span class='ocrx_word' id='word_1_185' title='bbox 227 1662 363 1727; x_wconf 77' lang='lat' dir='ltr'><strong>repromisit,</strong></span> <span class='ocrx_word' id='word_1_186' title='bbox 379 1662 503 1713; x_wconf 88' lang='lat' dir='ltr'><strong>secundirm</strong></span> <span class='ocrx_word' id='word_1_187' title='bbox 516 1662 573 1713; x_wconf 89' lang='lat' dir='ltr'><strong>illud</strong></span> <span class='ocrx_word' id='word_1_188' title='bbox 585 1663 743 1714; x_wconf 63' lang='lat' dir='ltr'><strong>deamvi:</strong></span> <span class='ocrx_word' id='word_1_189' title='bbox 759 1663 827 1712; x_wconf 88' lang='lat' dir='ltr'><strong>«lte-</strong></span> 
     </span>
     <span class='ocr_line' id='line_1_23' title="bbox 51 1733 826 1798; baseline 0.003 -17"><span class='ocrx_word' id='word_1_190' title='bbox 51 1750 69 1783; x_wconf 93' lang='lat' dir='ltr'><strong>m</strong></span> <span class='ocrx_word' id='word_1_191' title='bbox 88 1735 176 1785; x_wconf 90' lang='lat' dir='ltr'><strong>videbo</strong></span> <span class='ocrx_word' id='word_1_192' title='bbox 195 1746 251 1797; x_wconf 81' lang='lat' dir='ltr'><strong>ros,</strong></span> <span class='ocrx_word' id='word_1_193' title='bbox 266 1738 290 1783; x_wconf 91' lang='lat' dir='ltr'><strong>et</strong></span> <span class='ocrx_word' id='word_1_194' title='bbox 307 1735 415 1797; x_wconf 83' lang='lat' dir='ltr'><strong>gaudebit</strong></span> <span class='ocrx_word' id='word_1_195' title='bbox 432 1748 471 1785; x_wconf 89' lang='lat' dir='ltr'><strong>cor</strong></span> <span class='ocrx_word' id='word_1_196' title='bbox 484 1738 598 1798; x_wconf 84' lang='lat' dir='ltr'><strong>restrum,</strong></span> <span class='ocrx_word' id='word_1_197' title='bbox 616 1738 640 1785; x_wconf 91' lang='lat' dir='ltr'><strong>et</strong></span> <span class='ocrx_word' id='word_1_198' title='bbox 653 1733 760 1798; x_wconf 77' lang='lat' dir='ltr'><strong>gaudium</strong></span> <span class='ocrx_word' id='word_1_199' title='bbox 774 1746 826 1784; x_wconf 84' lang='lat' dir='ltr'><strong>res-</strong></span> 
     </span>
     <span class='ocr_line' id='line_1_24' title="bbox 48 1804 430 1870; baseline 0.005 -19"><span class='ocrx_word' id='word_1_200' title='bbox 48 1821 78 1855; x_wconf 73' lang='lat' dir='ltr'><strong>en]</strong></span> <span class='ocrx_word' id='word_1_201' title='bbox 91 1804 241 1857; x_wconf 75' lang='lat' dir='ltr'><strong>nemotollet</strong></span> <span class='ocrx_word' id='word_1_202' title='bbox 253 1805 267 1855; x_wconf 71' lang='lat' dir='ltr'><strong>d</strong></span> <span class='ocrx_word' id='word_1_203' title='bbox 277 1806 344 1857; x_wconf 82' lang='lat' dir='ltr'><strong>vobis</strong></span> <span class='ocrx_word' id='word_1_204' title='bbox 356 1805 403 1870; x_wconf 85' lang='lat' dir='ltr'><strong>(l).</strong></span> <span class='ocrx_word' id='word_1_205' title='bbox 416 1822 430 1853; x_wconf 83' lang='grc' dir='ltr'><strong>ι)</strong></span> 
     </span>
    </p>

    <p class='ocr_par' dir='ltr' id='par_1_8' title="bbox 48 1876 827 2372">
     <span class='ocr_line' id='line_1_25' title="bbox 55 1876 826 1942; baseline 0 -17"><span class='ocrx_word' id='word_1_206' title='bbox 55 1880 83 1927; x_wconf 81' lang='lat' dir='ltr'><strong>ld</strong></span> <span class='ocrx_word' id='word_1_207' title='bbox 98 1878 227 1929; x_wconf 88' lang='lat' dir='ltr'><strong>secundom</strong></span> <span class='ocrx_word' id='word_1_208' title='bbox 240 1877 376 1938; x_wconf 89' lang='lat' dir='ltr'><strong>dicendum,</strong></span> <span class='ocrx_word' id='word_1_209' title='bbox 391 1879 451 1942; x_wconf 88' lang='lat' dir='ltr'><strong>qubd</strong></span> <span class='ocrx_word' id='word_1_210' title='bbox 462 1877 568 1930; x_wconf 87' lang='lat' dir='ltr'><strong>cbristus</strong></span> <span class='ocrx_word' id='word_1_211' title='bbox 581 1889 627 1927; x_wconf 92' lang='lat' dir='ltr'><strong>non</strong></span> <span class='ocrx_word' id='word_1_212' title='bbox 643 1876 696 1927; x_wconf 88' lang='lat' dir='ltr'><strong>ideo</strong></span> <span class='ocrx_word' id='word_1_213' title='bbox 714 1888 761 1928; x_wconf 92' lang='lat' dir='ltr'><strong>non</strong></span> <span class='ocrx_word' id='word_1_214' title='bbox 772 1889 826 1925; x_wconf 91' lang='lat' dir='ltr'><strong>con-</strong></span> 
     </span>
     <span class='ocr_line' id='line_1_26' title="bbox 48 1948 827 2013; baseline -0.001 -15"><span class='ocrx_word' id='word_1_215' title='bbox 48 1951 84 2003; x_wconf 80' lang='lat' dir='ltr'><strong>rad</strong></span> <span class='ocrx_word' id='word_1_216' title='bbox 104 1950 286 2002; x_wconf 79' lang='lat' dir='ltr'><strong>conversabatur</strong></span> <span class='ocrx_word' id='word_1_217' title='bbox 304 1963 355 1999; x_wconf 86' lang='lat' dir='ltr'><strong>curn</strong></span> <span class='ocrx_word' id='word_1_218' title='bbox 371 1948 504 2013; x_wconf 85' lang='lat' dir='ltr'><strong>discipulis,</strong></span> <span class='ocrx_word' id='word_1_219' title='bbox 518 1949 572 2013; x_wconf 86' lang='lat' dir='ltr'><strong>quia</strong></span> <span class='ocrx_word' id='word_1_220' title='bbox 591 1952 706 2013; x_wconf 89' lang='lat' dir='ltr'><strong>reputaret</strong></span> <span class='ocrx_word' id='word_1_221' title='bbox 727 1961 752 1998; x_wconf 89' lang='lat' dir='ltr'><strong>sa</strong></span> <span class='ocrx_word' id='word_1_222' title='bbox 774 1948 827 1998; x_wconf 90' lang='lat' dir='ltr'><strong>alibi</strong></span> 
     </span>
     <span class='ocr_line' id='line_1_27' title="bbox 48 2018 827 2085; baseline -0.003 -16"><span class='ocrx_word' id='word_1_223' title='bbox 48 2020 200 2073; x_wconf 69' lang='lat' dir='ltr'><strong>inveniendus</strong></span> <span class='ocrx_word' id='word_1_224' title='bbox 213 2033 278 2085; x_wconf 80' lang='lat' dir='ltr'><strong>esse,</strong></span> <span class='ocrx_word' id='word_1_225' title='bbox 293 2022 333 2072; x_wconf 83' lang='lat' dir='ltr'><strong>sed</strong></span> <span class='ocrx_word' id='word_1_226' title='bbox 346 2022 401 2085; x_wconf 84' lang='lat' dir='ltr'><strong>quia</strong></span> <span class='ocrx_word' id='word_1_227' title='bbox 414 2021 535 2085; x_wconf 86' lang='lat' dir='ltr'><strong>discipulis</strong></span> <span class='ocrx_word' id='word_1_228' title='bbox 545 2020 682 2071; x_wconf 87' lang='lat' dir='ltr'><strong>instruendis</strong></span> <span class='ocrx_word' id='word_1_229' title='bbox 691 2018 827 2070; x_wconf 81' lang='lat' dir='ltr'><strong>couvenien-</strong></span> 
     </span>
     <span class='ocr_line' id='line_1_28' title="bbox 51 2090 827 2156; baseline 0.001 -17"><span class='ocrx_word' id='word_1_230' title='bbox 51 2108 66 2141; x_wconf 77' lang='lat' dir='ltr'><strong>s</strong></span> <span class='ocrx_word' id='word_1_231' title='bbox 76 2092 210 2156; x_wconf 81' lang='lat' dir='ltr'><strong>judicabat,</strong></span> <span class='ocrx_word' id='word_1_232' title='bbox 221 2092 242 2142; x_wconf 86' lang='lat' dir='ltr'><strong>sl</strong></span> <span class='ocrx_word' id='word_1_233' title='bbox 254 2106 301 2143; x_wconf 93' lang='lat' dir='ltr'><strong>non</strong></span> <span class='ocrx_word' id='word_1_234' title='bbox 313 2092 422 2143; x_wconf 77' lang='lat' dir='ltr'><strong>continue</strong></span> <span class='ocrx_word' id='word_1_235' title='bbox 431 2095 603 2143; x_wconf 78' lang='lat' dir='ltr'><strong>conversaretur</strong></span> <span class='ocrx_word' id='word_1_236' title='bbox 614 2104 667 2140; x_wconf 84' lang='lat' dir='ltr'><strong>eum</strong></span> <span class='ocrx_word' id='word_1_237' title='bbox 679 2090 726 2153; x_wconf 87' lang='lat' dir='ltr'><strong>eis,</strong></span> <span class='ocrx_word' id='word_1_238' title='bbox 738 2090 827 2141; x_wconf 88' lang='lat' dir='ltr'><strong>ratione</strong></span> 
     </span>
     <span class='ocr_line' id='line_1_29' title="bbox 49 2162 827 2227; baseline -0.004 -13"><span class='ocrx_word' id='word_1_239' title='bbox 49 2168 140 2216; x_wconf 47' lang='lat' dir='ltr'><strong>‘edicta</strong></span> <span class='ocrx_word' id='word_1_240' title='bbox 159 2164 303 2226; x_wconf 79' lang='lat' dir='ltr'><strong>incognitum</strong></span> <span class='ocrx_word' id='word_1_241' title='bbox 325 2168 402 2215; x_wconf 86' lang='lat' dir='ltr'><strong>autem</strong></span> <span class='ocrx_word' id='word_1_242' title='bbox 418 2168 454 2215; x_wconf 86' lang='lat' dir='ltr'><strong>est</strong></span> <span class='ocrx_word' id='word_1_243' title='bbox 472 2163 554 2227; x_wconf 87' lang='lat' dir='ltr'><strong>quibus</strong></span> <span class='ocrx_word' id='word_1_244' title='bbox 573 2162 598 2212; x_wconf 92' lang='lat' dir='ltr'><strong>in</strong></span> <span class='ocrx_word' id='word_1_245' title='bbox 616 2162 675 2213; x_wconf 85' lang='lat' dir='ltr'><strong>locis</strong></span> <span class='ocrx_word' id='word_1_246' title='bbox 692 2162 827 2212; x_wconf 86' lang='lat' dir='ltr'><strong>intermedio</strong></span> 
     </span>
     <span class='ocr_line' id='line_1_30' title="bbox 50 2233 827 2300; baseline -0.003 -16"><span class='ocrx_word' id='word_1_247' title='bbox 50 2251 124 2300; x_wconf 90' lang='lat' dir='ltr'><strong>mpore</strong></span> <span class='ocrx_word' id='word_1_248' title='bbox 139 2235 287 2300; x_wconf 79' lang='lat' dir='ltr'><strong>corporaliter</strong></span> <span class='ocrx_word' id='word_1_249' title='bbox 298 2240 368 2299; x_wconf 83' lang='lat' dir='ltr'><strong>esset,</strong></span> <span class='ocrx_word' id='word_1_250' title='bbox 377 2235 430 2286; x_wconf 83' lang='lat' dir='ltr'><strong>edm</strong></span> <span class='ocrx_word' id='word_1_251' title='bbox 439 2237 485 2286; x_wconf 92' lang='lat' dir='ltr'><strong>boc</strong></span> <span class='ocrx_word' id='word_1_252' title='bbox 498 2235 613 2299; x_wconf 85' lang='lat' dir='ltr'><strong>Scriptura</strong></span> <span class='ocrx_word' id='word_1_253' title='bbox 622 2234 758 2295; x_wconf 75' lang='lat' dir='ltr'><strong>contradat,</strong></span> <span class='ocrx_word' id='word_1_254' title='bbox 767 2236 792 2283; x_wconf 90' lang='lat' dir='ltr'><strong>et</strong></span> <span class='ocrx_word' id='word_1_255' title='bbox 802 2233 827 2282; x_wconf 89' lang='lat' dir='ltr'><strong>in</strong></span> 
     </span>
     <span class='ocr_line' id='line_1_31' title="bbox 49 2306 408 2372; baseline 0.011 -17"><span class='ocrx_word' id='word_1_256' title='bbox 49 2311 84 2357; x_wconf 74' lang='lat' dir='ltr'><strong>arni</strong></span> <span class='ocrx_word' id='word_1_257' title='bbox 98 2311 152 2360; x_wconf 87' lang='lat' dir='ltr'><strong>loeo</strong></span> <span class='ocrx_word' id='word_1_258' title='bbox 167 2307 199 2357; x_wconf 91' lang='lat' dir='ltr'><strong>sit</strong></span> <span class='ocrx_word' id='word_1_259' title='bbox 212 2306 336 2359; x_wconf 82' lang='lat' dir='ltr'><strong>dominatio</strong></span> <span class='ocrx_word' id='word_1_260' title='bbox 347 2308 408 2372; x_wconf 83' lang='lat' dir='ltr'><strong>ejus.</strong></span> 
     </span>
    </p>

    <p class='ocr_par' dir='ltr' id='par_1_9' title="bbox 48 2375 828 2515">
     <span class='ocr_line' id='line_1_32' title="bbox 58 2375 828 2443; baseline -0.005 -15"><span class='ocrx_word' id='word_1_261' title='bbox 58 2383 85 2430; x_wconf 80' lang='lat' dir='ltr'><strong>ld</strong></span> <span class='ocrx_word' id='word_1_262' title='bbox 98 2380 196 2431; x_wconf 90' lang='lat' dir='ltr'><strong>tertium</strong></span> <span class='ocrx_word' id='word_1_263' title='bbox 210 2379 346 2439; x_wconf 88' lang='lat' dir='ltr'><strong>dicendum,</strong></span> <span class='ocrx_word' id='word_1_264' title='bbox 360 2378 420 2443; x_wconf 87' lang='lat' dir='ltr'><strong>qubd</strong></span> <span class='ocrx_word' id='word_1_265' title='bbox 430 2380 483 2429; x_wconf 90' lang='lat' dir='ltr'><strong>ideo</strong></span> <span class='ocrx_word' id='word_1_266' title='bbox 495 2378 569 2441; x_wconf 88' lang='lat' dir='ltr'><strong>prima</strong></span> <span class='ocrx_word' id='word_1_267' title='bbox 582 2377 620 2428; x_wconf 92' lang='lat' dir='ltr'><strong>die</strong></span> <span class='ocrx_word' id='word_1_268' title='bbox 632 2375 774 2441; x_wconf 78' lang='lat' dir='ltr'><strong>frequentiis</strong></span> <span class='ocrx_word' id='word_1_269' title='bbox 787 2388 828 2439; x_wconf 90' lang='lat' dir='ltr'><strong>ap-</strong></span> 
     </span>
     <span class='ocr_line' id='line_1_33' title="bbox 48 2446 828 2515; baseline -0.001 -18"><span class='ocrx_word' id='word_1_270' title='bbox 48 2452 109 2511; x_wconf 75' lang='lat' dir='ltr'><strong>ruric,</strong></span> <span class='ocrx_word' id='word_1_271' title='bbox 128 2450 184 2515; x_wconf 80' lang='lat' dir='ltr'><strong>qnia</strong></span> <span class='ocrx_word' id='word_1_272' title='bbox 203 2464 244 2515; x_wconf 87' lang='lat' dir='ltr'><strong>per</strong></span> <span class='ocrx_word' id='word_1_273' title='bbox 263 2450 326 2515; x_wconf 84' lang='lat' dir='ltr'><strong>plura</strong></span> <span class='ocrx_word' id='word_1_274' title='bbox 344 2449 430 2500; x_wconf 86' lang='lat' dir='ltr'><strong>indicia</strong></span> <span class='ocrx_word' id='word_1_275' title='bbox 445 2454 511 2500; x_wconf 87' lang='lat' dir='ltr'><strong>erant</strong></span> <span class='ocrx_word' id='word_1_276' title='bbox 524 2449 675 2511; x_wconf 87' lang='lat' dir='ltr'><strong>admonendi,</strong></span> <span class='ocrx_word' id='word_1_277' title='bbox 693 2454 720 2497; x_wconf 90' lang='lat' dir='ltr'><strong>ut</strong></span> <span class='ocrx_word' id='word_1_278' title='bbox 736 2446 828 2511; x_wconf 79' lang='lat' dir='ltr'><strong>aprin-</strong></span> 
     </span>
    </p>
   </div>
   <div class='ocr_carea' id='block_1_8' title="bbox 49 2519 908 2585">
    <p class='ocr_par' dir='ltr' id='par_1_10' title="bbox 49 2519 908 2585">
     <span class='ocr_line' id='line_1_34' title="bbox 49 2519 908 2585; baseline -0.006 -14"><span class='ocrx_word' id='word_1_279' title='bbox 49 2524 80 2584; x_wconf 83' lang='lat' dir='ltr'><strong>pio</strong></span> <span class='ocrx_word' id='word_1_280' title='bbox 89 2521 344 2575; x_wconf 87' lang='lat' dir='ltr'><strong>iidemresurrectionis</strong></span> <span class='ocrx_word' id='word_1_281' title='bbox 353 2522 491 2585; x_wconf 85' lang='lat' dir='ltr'><strong>reciperent.</strong></span> <span class='ocrx_word' id='word_1_282' title='bbox 503 2522 623 2583; x_wconf 81' lang='lat' dir='ltr'><strong>Postquam</strong></span> <span class='ocrx_word' id='word_1_283' title='bbox 633 2524 708 2570; x_wconf 88' lang='lat' dir='ltr'><strong>antem</strong></span> <span class='ocrx_word' id='word_1_284' title='bbox 717 2519 767 2582; x_wconf 80' lang='lat' dir='ltr'><strong>jam</strong></span> <span class='ocrx_word' id='word_1_285' title='bbox 776 2530 827 2568; x_wconf 84' lang='lat' dir='ltr'><strong>eam</strong></span> <span class='ocrx_word' id='word_1_286' title='bbox 907 2573 908 2576; x_wconf 8' lang='grc' dir='ltr'><strong>Ἰ</strong></span> 
     </span>
    </p>
   </div>
   <div class='ocr_carea' id='block_1_9' title="bbox 48 2584 903 2659">
    <p class='ocr_par' dir='ltr' id='par_1_11' title="bbox 48 2584 903 2659">
     <span class='ocr_line' id='line_1_35' title="bbox 48 2584 903 2659; baseline -0.002 -18"><span class='ocrx_word' id='word_1_287' title='bbox 48 2598 172 2659; x_wconf 79' lang='lat' dir='ltr'><strong>ceperant,</strong></span> <span class='ocrx_word' id='word_1_288' title='bbox 187 2606 234 2645; x_wconf 93' lang='lat' dir='ltr'><strong>non</strong></span> <span class='ocrx_word' id='word_1_289' title='bbox 247 2593 367 2657; x_wconf 83' lang='lat' dir='ltr'><strong>oportebat</strong></span> <span class='ocrx_word' id='word_1_290' title='bbox 379 2604 419 2644; x_wconf 87' lang='lat' dir='ltr'><strong>eos</strong></span> <span class='ocrx_word' id='word_1_291' title='bbox 431 2596 479 2655; x_wconf 73' lang='lat' dir='ltr'><strong>jum</strong></span> <span class='ocrx_word' id='word_1_292' title='bbox 494 2592 642 2652; x_wconf 84' lang='lat' dir='ltr'><strong>rerlilicutos,</strong></span> <span class='ocrx_word' id='word_1_293' title='bbox 655 2596 702 2641; x_wconf 85' lang='lat' dir='ltr'><strong>tam</strong></span> <span class='ocrx_word' id='word_1_294' title='bbox 720 2589 827 2653; x_wconf 84' lang='lat' dir='ltr'><strong>lrepuen·</strong></span> <span class='ocrx_word' id='word_1_295' title='bbox 886 2584 903 2603; x_wconf 84' lang='lat'><em>&#39;</em></span> 
     </span>
    </p>
   </div>
   <div class='ocr_carea' id='block_1_10' title="bbox 48 2660 825 2733">
    <p class='ocr_par' dir='ltr' id='par_1_12' title="bbox 48 2660 825 2733">
     <span class='ocr_line' id='line_1_36' title="bbox 48 2660 825 2733; baseline -0.003 -22"><span class='ocrx_word' id='word_1_296' title='bbox 48 2668 82 2717; x_wconf 79' lang='grc' dir='ltr'><strong>ιιι</strong></span> <span class='ocrx_word' id='word_1_297' title='bbox 99 2664 285 2733; x_wconf 77' lang='lat' dir='ltr'><strong>apparitionibus</strong></span> <span class='ocrx_word' id='word_1_298' title='bbox 297 2663 391 2715; x_wconf 83' lang='lat' dir='ltr'><strong>instrui.</strong></span> <span class='ocrx_word' id='word_1_299' title='bbox 411 2663 475 2714; x_wconf 88' lang='lat' dir='ltr'><strong>Unde</strong></span> <span class='ocrx_word' id='word_1_300' title='bbox 492 2662 518 2713; x_wconf 87' lang='lat' dir='ltr'><strong>iu</strong></span> <span class='ocrx_word' id='word_1_301' title='bbox 531 2662 656 2725; x_wconf 70' lang='lat' dir='ltr'><strong>Evangelio</strong></span> <span class='ocrx_word' id='word_1_302' title='bbox 669 2674 716 2712; x_wconf 87' lang='lat' dir='ltr'><strong>nou</strong></span> <span class='ocrx_word' id='word_1_303' title='bbox 732 2660 825 2723; x_wconf 74' lang='lat' dir='ltr'><strong>legitur,</strong></span> 
     </span>
    </p>
   </div>
   <div class='ocr_carea' id='block_1_11' title="bbox 48 2817 826 2948">
    <p class='ocr_par' dir='ltr' id='par_1_13' title="bbox 48 2817 826 2948">
     <span class='ocr_line' id='line_1_37' title="bbox 59 2817 826 2882; baseline -0.005 -17"><span class='ocrx_word' id='word_1_304' title='bbox 59 2820 86 2882; x_wconf 76' lang='lat' dir='ltr'><strong>(l)</strong></span> <span class='ocrx_word' id='word_1_305' title='bbox 102 2826 136 2869; x_wconf 84' lang='lat' dir='ltr'><strong>De</strong></span> <span class='ocrx_word' id='word_1_306' title='bbox 155 2821 251 2867; x_wconf 81' lang='lat' dir='ltr'><strong>alteriue</strong></span> <span class='ocrx_word' id='word_1_307' title='bbox 264 2820 326 2864; x_wconf 89' lang='lat' dir='ltr'><strong>enirn</strong></span> <span class='ocrx_word' id='word_1_308' title='bbox 345 2819 399 2864; x_wconf 79' lang='lat' dir='ltr'><strong>ritae</strong></span> <span class='ocrx_word' id='word_1_309' title='bbox 411 2818 546 2864; x_wconf 75' lang='lat' dir='ltr'><strong>visitatione</strong></span> <span class='ocrx_word' id='word_1_310' title='bbox 564 2830 590 2863; x_wconf 82' lang='lat' dir='ltr'><strong>nc</strong></span> <span class='ocrx_word' id='word_1_311' title='bbox 608 2818 697 2863; x_wconf 81' lang='lat' dir='ltr'><strong>risione</strong></span> <span class='ocrx_word' id='word_1_312' title='bbox 711 2817 826 2864; x_wconf 74' lang='lat' dir='ltr'><strong>Alooinrrs</strong></span> 
     </span>
     <span class='ocr_line' id='line_1_38' title="bbox 48 2882 717 2948; baseline -0.004 -19"><span class='ocrx_word' id='word_1_313' title='bbox 48 2887 136 2948; x_wconf 75' lang='lat' dir='ltr'><strong>plicet,</strong></span> <span class='ocrx_word' id='word_1_314' title='bbox 151 2891 179 2931; x_wconf 88' lang='lat' dir='ltr'><strong>ut</strong></span> <span class='ocrx_word' id='word_1_315' title='bbox 192 2884 217 2931; x_wconf 90' lang='lat' dir='ltr'><strong>in</strong></span> <span class='ocrx_word' id='word_1_316' title='bbox 231 2883 322 2930; x_wconf 67' lang='lat' dir='ltr'><strong>domna</strong></span> <span class='ocrx_word' id='word_1_317' title='bbox 333 2894 375 2929; x_wconf 80' lang='lat' dir='ltr'><strong>ena</strong></span> <span class='ocrx_word' id='word_1_318' title='bbox 388 2893 467 2928; x_wconf 74' lang='lat' dir='ltr'><strong>mco</strong></span> <span class='ocrx_word' id='word_1_319' title='bbox 480 2882 554 2928; x_wconf 76' lang='lat' dir='ltr'><strong>relect</strong></span> <span class='ocrx_word' id='word_1_320' title='bbox 567 2884 592 2927; x_wconf 77' lang='lat' dir='ltr'><strong>s,</strong></span> <span class='ocrx_word' id='word_1_321' title='bbox 605 2882 717 2927; x_wconf 74' lang='lat' dir='ltr'><strong>Thanar.</strong></span> 
     </span>
    </p>
   </div>
   <div class='ocr_carea' id='block_1_12' title="bbox 906 2955 908 3031">
    <p class='ocr_par' dir='ltr' id='par_1_14' title="bbox 906 2955 908 3031">
     <span class='ocr_line' id='line_1_39' title="bbox 906 2955 907 2970; baseline 0 0"><span class='ocrx_word' id='word_1_322' title='bbox 906 2955 907 2970; x_wconf 83' lang='grc' dir='ltr'>ι</span> 
     </span>
     <span class='ocr_line' id='line_1_40' title="bbox 906 2981 908 3001; baseline 0 0"><span class='ocrx_word' id='word_1_323' title='bbox 906 2981 908 3001; x_wconf 94' lang='lat' dir='ltr'><strong>l</strong></span> 
     </span>
     <span class='ocr_line' id='line_1_41' title="bbox 906 3009 908 3031; baseline 0 0"><span class='ocrx_word' id='word_1_324' title='bbox 906 3009 908 3031; x_wconf 90' lang='lat' dir='ltr'><strong>l</strong></span> 
     </span>
    </p>
   </div>
   <div class='ocr_carea' id='block_1_13' title="bbox 879 3081 906 3255">
    <p class='ocr_par' dir='ltr' id='par_1_15' title="bbox 879 3081 906 3255">
     <span class='ocr_line' id='line_1_42' title="bbox 879 3081 906 3255; baseline 0 0"><span class='ocrx_word' id='word_1_325' title='bbox 879 3081 906 3255; x_wconf 87' lang='lat' dir='ltr'><strong>l</strong></span> 
     </span>
    </p>
   </div>
   <div class='ocr_carea' id='block_1_14' title="bbox 0 0 964 3317">
    <p class='ocr_par' dir='ltr' id='par_1_16' title="bbox 0 0 964 3317">
     <span class='ocr_line' id='line_1_43' title="bbox 0 0 964 3317; baseline 0 0"><span class='ocrx_word' id='word_1_326' title='bbox 0 0 964 3317; x_wconf 95' lang='lat' dir='ltr'><strong> </strong></span> 
     </span>
    </p>
   </div>
  </div>
 </body>
</html>
