1917 3317
35 2906 37 2952 γ

35 3102 37 3109 ι

149 151 196 200 nit
332 161 394 199 raas
410 161 450 210 nr,
467 160 561 206 oussr.
576 159 651 209 mr,
668 159 727 196 aar.
745 159 774 195 ιι.

181 238 214 288 tid
234 237 330 301 primum
345 250 399 299 ergo
416 237 536 285 dinendum
545 273 552 297 ,
562 234 622 298 quon
641 235 695 285 haeu
709 233 805 299 objectu
818 230 856 280 tan
866 229 900 278 Ii<

148 309 271 360 IIaoietraei
283 346 289 370 ,
302 308 400 356 nolentis
421 309 515 370 probare
529 308 645 356 Christum
660 319 706 356 nnn
722 320 773 356 esse
785 306 851 354 fitium
863 305 896 351 nr

151 380 204 444 quia
228 393 272 428 non
291 383 327 428 est
347 383 471 440 conceptus
489 391 518 427 ex
533 379 635 440 Ioseph,
649 392 725 441 usque
743 379 771 427 ad
787 390 852 439 quern
868 389 899 422 ser

152 450 306 514 generationis
320 451 439 499 Mattheus
453 449 565 512 perducit.
575 451 661 498 Contra
675 463 745 511 quem
761 449 898 512 Augustum*

151 525 236 586 penitet
251 523 330 572 XXIII.
344 521 383 570 I'rb.
398 523 493 570 Contra
504 521 629 568 Faustum
645 523 715 584 (cap.
732 525 762 569 18
772 522 793 581 )‚
804 520 860 583 qnod
876 537 885 563 o

151 591 212 642 idem
228 593 372 655 Evarrgeimtn
385 592 445 641 dieat
456 596 479 641 et
491 592 564 639 mrum
577 591 654 641 Mariae
667 604 719 641 esse
733 593 818 655 Ioseph
828 630 835 650 ,
845 591 881 640 eti

151 670 247 713 matrem
262 664 379 725 Virginem
401 677 467 725 esse,
483 667 505 712 et
524 663 640 712 Christum
658 676 711 713 esse
732 677 761 712 ex
778 662 862 713 semine
874 661 886 708 It

152 737 207 800 quiet
220 740 289 784 restat
299 735 344 784 nisi
353 735 445 784 credere
456 734 547 784 Mariam
562 747 609 782 non
623 733 696 782 irrisse
709 738 844 784 extraneam
856 734 897 781 io.

152 807 215 856 tinne
233 806 316 856 Davitt
327 811 350 856 et
360 805 507 869 eamJosept
517 805 649 868 conjuqem
664 818 711 854 nou
723 807 807 854 trustra
818 808 904 868 appetu

152 884 246 941 propter
264 877 390 926 animorum
407 877 643 934 contuderatiouem,
664 877 775 938 quamvis
796 879 819 927 ei
832 892 873 926 nou
888 884 893 920 ι

154 961 223 997 earne
238 949 389 1010 commixtum
403 951 425 998 et
443 948 504 1011 qnod
524 946 601 1011 potius
615 952 710 1010 propter
725 947 861 1009 dignitatern
875 962 902 990 rr.

154 1019 210 1068 ordo
228 1019 398 1081 generationum
421 1033 494 1082 usque
514 1019 542 1067 ad
564 1019 650 1080 Ioseph
671 1019 818 1081 perducitur.
837 1020 885 1066 »Et

154 1103 205 1152 eap.
218 1095 247 1139 9.
263 1091 301 1138 Sic
317 1108 330 1137 u
347 1104 400 1152 ergo
420 1103 462 1139 uos
476 1089 589 1139 credimus
604 1089 676 1138 ettam
691 1089 791 1139 Mariam
805 1091 871 1140 fuisse
885 1108 902 1133 rr

156 1162 263 1224 guntione
274 1161 360 1223 Darid3
373 1160 425 1226 quia
446 1161 570 1224 Scripturis
587 1160 716 1220 credimus
730 1175 784 1223 quae
801 1166 900 1220 utmrnp·

157 1236 221 1293 eunt,
236 1239 258 1282 et
269 1232 384 1283 Christum
395 1245 424 1281 ex
438 1231 525 1281 semiue
537 1232 608 1280 David
623 1234 755 1280 secundum
769 1246 872 1291 earnem,
882 1250 896 1278 u

156 1309 253 1351 matrem
267 1303 368 1364 Mariam,
380 1316 426 1352 non
436 1317 487 1352 rum
502 1303 552 1352 viro
564 1302 754 1365 concumbendo,
765 1307 810 1354 sed
821 1305 896 1365 virgin

157 1373 188 1423 nt
203 1373 263 1423 euim
278 1373 331 1423 dicit
344 1374 495 1438 Hieronymus
508 1387 577 1438 super
591 1373 696 1434 unito„
711 1392 726 1421 u
745 1389 775 1425 er
791 1389 839 1426 una
854 1376 890 1424 trii·

157 1443 240 1508 Ioseph
261 1450 284 1495 et
300 1446 368 1494 Maria
381 1460 387 1493 :
401 1446 460 1494 uude
482 1447 579 1507 exlege
599 1457 649 1494 eam
670 1445 782 1508 accipere
804 1448 897 1510 cogetur:¹

157 1516 325 1580 propinquam,
340 1516 504 1578 propterquod
518 1520 542 1565 et
555 1515 622 1564 simui
635 1522 768 1566 censentur
790 1519 816 1566 in
830 1519 895 1567 Berni-

158 1588 222 1650 quasi
233 1589 300 1636 simul
313 1586 341 1636 de
356 1599 401 1635 uua
412 1587 484 1650 stirpe
499 1586 610 1649 generati.
622 1602 636 1633 u

191 1659 224 1707 nd
245 1659 369 1708 seeundum
387 1657 524 1718 dicendum,
539 1657 599 1720 quod
618 1655 672 1707 hnic
688 1657 831 1722 ,objecfioui
853 1661 902 1708 Gru.

159 1731 318 1782 Nazianzenus
333 1733 456 1794 respondet
466 1731 554 1795 dieens,
566 1731 628 1795 quod
641 1732 709 1782 «hoc
725 1739 789 1783 nutu
804 1748 892 1798 supern·

161 1802 225 1865 tigit,
240 1809 265 1854 ut
279 1803 364 1864 regium
381 1817 454 1864 genus
468 1801 603 1853 sacerdotati
615 1802 683 1866 stirpi
697 1804 853 1868 jungeretur,
865 1813 886 1853 ut

159 1877 205 1934 tus,
220 1877 259 1936 qui
274 1887 312 1922 rex
326 1878 361 1924 est
374 1879 397 1924 et
409 1874 523 1935 sacerdos,
532 1875 561 1923 ab
573 1874 679 1936 utrisque
692 1884 837 1926 nasceretur
847 1891 896 1926 sesa

160 1958 249 1995 carnem
269 1963 281 1990 n
300 1946 362 1994 Unde
376 1949 399 1994 et
414 1946 487 1994 Aaron
507 1945 545 2008 qui
559 1945 603 1993 tuit
617 1945 706 2008 primus
720 1950 837 1998 sar-erutos
851 1962 896 1996 sec.

160 2016 250 2078 legem,
267 2016 372 2066 duriter
388 2017 448 2066 tribu
464 2016 523 2064 Iuda
545 2016 665 2079 corringem
681 2016 810 2069 Eliuabeth
830 2022 895 2068 titiam

161 2089 242 2137 nadab.
254 2087 291 2136 Sic
306 2101 359 2150 ergo
369 2087 444 2150 putuit
455 2087 545 2148 fierint
553 2091 618 2150 pater
630 2087 752 2138 Etizabeth
764 2090 869 2154 utiquam
883 2106 903 2135 r·

161 2159 267 2210 hahuerit
283 2159 310 2208 de
329 2161 399 2221 stirpe
418 2157 507 2220 David,
521 2157 609 2207 ratione
630 2159 698 2220 cujus
718 2159 749 2208 B.
772 2162 846 2226 Virgo
864 2164 882 2211 n

161 2230 233 2292 stiipe
248 2229 337 2291 David,
353 2234 414 2279 esset
428 2228 544 2278 Elisabeth
558 2231 663 2292 cognata.
679 2227 721 2278 Vel
738 2231 824 2294 potius
844 2247 905 2282 eron·

161 2301 221 2363 quod
235 2305 300 2364 pater
317 2302 344 2350 B.
367 2300 441 2350 Maria
462 2300 489 2348 de
507 2301 579 2362 stirpe
595 2299 665 2348 David
679 2300 807 2367 existens,
825 2318 891 2352 uxore

161 2371 236 2423 buerit
254 2374 281 2422 de
300 2376 371 2435 stirpe
389 2373 471 2421 taron.
495 2371 553 2431 Vei,
569 2370 629 2421 sient
644 2373 798 2433 Augustinus
822 2375 909 2424 dicut

164 2444 259 2494 Cootru
281 2445 421 2501 Faustum,
436 2455 487 2505 cap.
503 2433 526 2490 't
548 2458 554 2491 ε
571 2459 585 2488 u
596 2441 620 2492 Si
642 2443 749 2492 inachim
770 2451 843 2508 pater
859 2449 896 2495 Its¹

162 2516 232 2579 stirpe
247 2518 319 2565 Aaron
343 2515 386 2564 tuit
401 2513 443 2580 (ut
457 2515 556 2564 Faustus
569 2513 691 2563 hereticus
706 2527 749 2576 per
763 2519 879 2579 quasdam
895 2524 906 2561 ι

162 2591 226 2636 turae
248 2587 405 2650 apochrpptms
427 2584 562 2646 asserebat)
589 2583 727 2632 eredendum
754 2589 881 2651 estquod

162 2659 266 2710 JoactrIm
281 2659 349 2708 tuerit
367 2658 394 2706 de
410 2657 481 2720 stirpe
502 2656 589 2712 David,
602 2654 642 2704 rel
661 2654 731 2704 etiam
755 2670 822 2708 uxor
837 2661 901 2721 eim:

162 2809 285 2854 restituere
296 2808 441 2864 juberetura
454 2811 513 2865 Deo,
528 2809 567 2865 qui
581 2808 707 2854 streniam
719 2806 743 2854 ei
760 2818 865 2869 propter
877 2814 906 2869 igr

166 2869 223 2916 tiam
237 2869 292 2916 iacti
305 2881 347 2927 per
357 2871 430 2928 ipsius
441 2872 545 2918 Abrahae
557 2883 639 2928 preses
652 2873 823 2928 promittebat.
