1917 3317
137 182 185 229 iot
327 192 387 228 iuss
405 192 446 239 ιιι,
459 191 554 235 ousta.
568 191 623 237 ιιι,
640 190 696 227 m.
714 190 752 226 ιι.

433 372 592 422 autictihhs
606 370 645 422 lv.

140 509 225 553 Utrhm
243 521 269 550 uu
283 521 334 564 qum
346 506 490 550 uuaoveuiunt
507 505 570 549 Filio
583 505 698 552 homimis.
706 507 802 562 possint
817 508 911 562 praedio:

367 569 395 612 uie
404 568 464 612 uilio
473 568 530 622 Dei,
540 571 563 611 et
573 569 715 612 econverso.

170 707 203 755 hd
221 708 326 768 quartum
342 704 377 754 siu
389 703 528 767 proceditm.
540 703 636 754 Vidotm
648 701 712 766 quiid
725 716 814 767 esuum
824 709 880 754 suut
894 708 914 753 hl

137 789 211 827 mauu
224 779 318 838 natura,
334 788 381 826 nou
390 779 489 838 possunt
498 773 545 824 dici
557 774 586 824 du
595 774 650 825 Duo.
666 774 813 837 Impossibile
826 777 888 826 euim
899 796 915 824 o:

138 847 243 911 opposita
261 847 288 896 do
302 846 382 897 eodem
396 845 521 910 prudioaai.
539 845 585 895 Sed
599 857 627 896 ea
639 859 692 908 pum
711 849 767 895 suut
778 848 885 897 humana
900 864 915 894 u

138 923 207 980 turae,
220 923 275 969 suat
287 917 399 968 contraria
408 917 445 967 his
458 930 509 981 qum
517 920 571 967 suut
579 917 670 981 propria
683 917 740 980 θοις
755 917 816 967 huus
829 920 908 969 ouium

138 991 263 1050 iuoroatus,
278 989 434 1052 immutabilis,
445 992 468 1039 ut
479 993 593 1052 atomus3
606 989 634 1038 ad
648 989 772 1038 humauam
783 994 865 1040 autum
879 1004 911 1040 uu·

138 1073 187 1110 ram
197 1061 311 1125 pertinet,
327 1064 352 1109 ut
365 1060 397 1110 sit
411 1064 500 1124 sumta,
511 1059 653 1123 temporalis,
663 1062 688 1109 et
703 1060 832 1110 mutabilis.
843 1063 916 1124 urguo

138 1146 189 1196 quae
203 1135 258 1181 suut
267 1133 373 1182 humanos
382 1134 479 1190 natura,
489 1143 536 1181 uou
544 1134 641 1195 possunt
651 1130 698 1181 dici
708 1131 737 1180 de
747 1131 804 1182 hoo.

170 1207 194 1252 ι.
206 1203 332 1265 proterea,
348 1200 471 1251 attribuero
483 1202 529 1251 Duo
542 1213 570 1252 ua
582 1215 634 1264 qum
648 1201 677 1251 ad
690 1201 806 1252 deiectum
816 1207 902 1266 pertim
914 1217 916 1250 ῑ

139 1273 230 1324 videtur
246 1272 353 1334 derogare
367 1270 445 1323 divino
458 1272 549 1335 honori,
561 1276 585 1322 ot
596 1273 623 1320 ad
636 1273 804 1336 blasphemiam
816 1277 916 1337 pestium

139 1345 183 1396 Sui
199 1357 227 1395 ea
241 1358 292 1408 qum
304 1345 473 1394 suuthumauae
486 1348 585 1408 uatum,
605 1344 719 1394 detectum
733 1346 861 1407 quemdam
877 1364 900 1396 o·
914 1362 916 1367 ·

138 1420 207 1479 ueut3
223 1415 284 1466 sicut
293 1415 340 1480 pati
351 1451 358 1478 ,
370 1415 442 1478 mori,
460 1414 537 1465 etalio
549 1415 691 1480 huiusmodi.
706 1416 767 1478 Ergo
779 1417 876 1467 videtm
887 1435 899 1478 o
914 1434 916 1465 i

140 1488 201 1538 uuilo
214 1489 281 1538 modu
292 1499 318 1538 aa
332 1500 383 1551 qum
396 1493 451 1537 suut
460 1489 567 1538 humuuae
579 1490 677 1549 naturus,
686 1488 780 1550 possim
790 1488 841 1538 disi
852 1492 881 1539 do
892 1493 905 1536 h

172 1563 195 1610 3.
212 1563 336 1620 Praeterea,
353 1559 440 1609 assumi
454 1559 562 1610 oouusuit
575 1560 683 1610 humanm
693 1563 795 1622 uatmae3
809 1573 861 1610 uon
872 1575 907 1609 au.

139 1630 184 1682 hoo
196 1632 303 1683 oouvunit
314 1632 368 1680 heu.
386 1630 437 1681 Nou
454 1643 509 1694 ergo
521 1643 549 1681 ua
559 1643 610 1694 qua
622 1634 677 1680 suut
689 1631 799 1682 humanm
808 1636 907 1692 maturas,

139 1703 188 1754 Deo
200 1703 245 1752 dici
255 1705 360 1766 possunt.

171 1775 215 1824 Sed
236 1778 314 1824 contra
335 1776 383 1836 ost,
395 1773 455 1837 quud
475 1773 627 1824 iiamasouuus
645 1772 701 1823 dicit
717 1772 743 1822 iu
759 1774 804 1824 ιιι.
823 1775 871 1826 lih.
890 1792 915 1838 qo

140 1845 225 1895 «Deus
237 1845 340 1907 suscepit
352 1857 378 1895 ea
389 1857 440 1907 quaa
450 1845 587 1895 suutoamis
599 1845 707 1895 idiomati
716 1859 748 1904 ,u
763 1845 790 1895 id
799 1851 915 1912 estprofu

139 1920 212 1978 tatus,
224 1933 239 1963 ι(
248 1917 302 1966 dum
314 1917 375 1967 lious
387 1915 505 1979 passihiiis
516 1917 657 1979 uomiuatm,
671 1919 696 1965 et
705 1915 768 1967 heus
780 1918 867 1980 glorios
881 1935 915 1968 cm

141 1988 200 2038 fixus
213 1991 256 2036 est.
268 2003 282 2034 u
913 2006 915 2033 i

174 2059 443 2125 (Coucuusuo-Chm
461 2073 509 2110 uua
526 2062 651 2124 eadamque
672 2061 812 2125 hypostasis
831 2065 907 2114 utria<

139 2136 227 2183 uaturae
241 2132 331 2183 uomina
344 2135 495 2196 supponatur,
510 2133 658 2196 perspicuum
670 2136 707 2182 est
722 2144 753 2182 ea
765 2147 823 2196 qum
845 2146 900 2185 suni

139 2203 198 2254 vium
217 2205 320 2261 mutuum,
334 2204 363 2253 do
381 2203 474 2254 hominu
491 2203 536 2252 diui
556 2215 626 2267 posss
645 2206 756 2266 tauquam
776 2205 809 2254 de
828 2206 913 2270 hppos

139 2274 222 2325 divina
238 2278 337 2334 uatum,
352 2276 376 2325 et
388 2288 438 2337 qum
454 2277 561 2325 humanu
581 2277 667 2324 uatum
679 2279 752 2337 suut,
769 2276 804 2327 do
822 2277 914 2326 hauh

140 2359 207 2410 quam
220 2346 325 2395 humanae
338 2350 424 2396 nutura
436 2345 563 2426 hypostasi
572 2344 581 2409 )

170 2417 305 2480 Respondeo
315 2415 433 2466 uiuendum
437 2415 543 2480 quod
522 2429 584 2466 sucu
591 2417 651 2465 hauo
660 2417 818 2479 quaeshouem
828 2372 914 2468 diversi

138 2487 183 2538 iuit
197 2487 255 2538 iuter
274 2487 419 2538 Nestoriauos
438 2492 461 2538 et
480 2486 621 2538 Cathohoos.
641 2487 774 2538 Nestoriaui
796 2489 865 2540 enim
885 2500 914 2536 ιι

139 2573 191 2622 qum
203 2558 309 2610 dicuutur
322 2560 350 2609 <io
368 2559 474 2624 Christo,
487 2559 588 2610 dividere
601 2559 710 2610 volehaut
722 2559 770 2612 huo
784 2562 860 2612 modo
873 2600 880 2620 ,
895 2560 914 2608 ui

137 2644 188 2694 qum
199 2629 314 2695 portinent
324 2631 353 2680 ah
366 2632 488 2681 humanum
498 2634 619 2691 uatmam,
631 2643 678 2680 uou
696 2630 836 2682 hioemntur
847 2633 878 2680 de
894 2632 914 2685 ii

138 2713 181 2752 uuo
198 2715 225 2752 ea
247 2713 298 2765 quae
320 2701 434 2764 pertineat
454 2702 483 2751 ad
499 2700 602 2751 divium
620 2704 745 2762 naturam,
768 2703 910 2754 dicerentur

138 2771 239 2822 homine.
258 2773 321 2822 liudo
336 2773 453 2823 Nestorius
470 2773 530 2823 dixit
547 2787 554 2821 :
571 2789 586 2820 u
600 2772 625 2822 Si
643 2771 695 2835 quis
712 2771 757 2824 hui
776 2773 859 2824 Vesho
881 2779 911 2822 to

139 2843 257 2906 passioneo
268 2842 380 2902 tribuere,
398 2844 520 2892 anathema
534 2843 573 2892 sit.
586 2859 601 2890 u
615 2843 640 2893 Si
660 2855 705 2906 qua
717 2843 776 2896 voro
789 2843 913 2894 nominos

140 2927 191 2976 qum
206 2913 318 2977 pertinere
329 2917 424 2978 possunt
440 2914 466 2964 ad
480 2919 601 2978 utramque
612 2918 732 2974 maturam,
748 2916 779 2966 ho
794 2915 888 2966 talihus
901 2924 913 2977 p
