1917 3317
135 195 162 232 un
177 194 321 232 uerncrruus
336 195 463 244 aarum
481 195 582 234 misso
597 197 738 237 Assume.
788 189 832 236 ill

81 272 99 316 t.
112 269 228 331 Prolerea,
240 269 404 321 llilnriusdicit
416 272 445 322 ll.
463 272 502 321 De
515 273 627 322 sciuit:
644 290 659 321 o
668 275 784 338 interrogo
792 277 838 326 eos‘

57 339 87 397 qui
99 340 134 389 loo
143 340 172 390 ita
189 341 334 403 existimarut,
348 355 377 392 au
391 340 479 394 ratione
491 343 600 393 subsistat
610 347 636 394 ut
648 345 705 395 mori
718 345 830 405 timuerit,

57 410 87 468 uui
98 423 175 462 omnem
187 413 216 462 ab
229 411 344 476 Apostolis
358 414 437 464 mortis
455 413 559 464 timorem
578 415 727 479 propellens,
741 417 769 466 ad
784 418 834 480 glo-

58 478 100 528 rium
112 495 146 533 eos
157 484 188 534 sit
204 483 309 547 martyrii
324 483 464 535 adhortatus.
478 501 493 534 u
505 487 556 536 lton
573 498 629 548 ergo
650 488 784 538 rationabile
798 492 834 538 est

59 553 110 603 irrisse
120 555 218 607 imorem
230 555 256 604 in
267 555 369 606 Christo.

81 631 98 675 3.
110 628 223 690 Prummu,
231 628 301 678 timor
314 643 359 679 non
372 629 524 680 videturesse
537 629 583 680 nisi
592 631 622 682 do
637 631 697 682 malo
710 633 771 694 quod
784 646 831 684 non

58 702 114 755 nureo
130 701 194 751 homo
213 699 297 750 miore.
310 700 354 750 Sed
374 700 479 750 Christus
497 704 587 763 poterat
603 701 690 761 vitare,
709 706 734 752 et
749 704 833 752 malum

57 781 112 826 sore
128 773 184 833 quod
198 784 284 836 passus
302 777 349 829 est,
365 775 389 822 et
407 771 494 820 malum
511 771 583 834 cnlpae
600 773 662 834 quod
675 773 725 822 ollis
741 773 832 823 accidit.

57 839 101 899 drgo
112 841 132 891 in
141 844 234 893 Christo
248 855 295 894 uon
313 841 357 891 luit
373 841 455 905 aliquis
467 841 544 892 timor.

77 912 110 960 Sed
122 919 193 964 contra
207 917 263 976 est,
282 913 343 976 quod
357 913 437 966 dieitur
454 915 547 970 Marc„
560 913 611 964 xlv
627 927 634 962 z
651 914 750 978 occepit
762 915 834 966 Jesus

51 989 150 1041 rurerccl
166 987 288 1036 taedere.»

74 1055 321 1115 (coenosum-Fuit
335 1056 426 1120 quidem
444 1057 513 1106 timor
528 1056 554 1106 in
565 1055 656 1107 Christo
669 1060 774 1120 respectu
790 1059 834 1108 im·

49 1127 138 1178 ..lineriis
157 1129 229 1180 loturi
255 1128 329 1190 moli,
347 1141 393 1178 nou
412 1128 457 1178 luit
477 1131 553 1178 autem
572 1129 640 1179 timor
657 1128 682 1178 io
700 1129 740 1180 illo
758 1131 833 1193 quoad

49 1205 127 1248 »reulus
142 1199 359 1262 incertitudinem.)

74 1268 193 1334 llespondeo
210 1271 351 1331 dicendum,
365 1270 425 1334 qu'od
439 1271 499 1320 sicut
517 1269 609 1321 tristitia
623 1274 729 1320 causatur
746 1285 775 1322 ex
790 1285 833 1336 ap-

57 1343 177 1395 releusione
192 1341 249 1394 mali
263 1343 398 1406 presentis,
412 1342 443 1391 ita
458 1342 527 1392 timor
538 1346 684 1392 causatores
693 1345 831 1406 appretien-

51 1427 98 1462 oue
109 1415 159 1464 mali
173 1414 257 1466 lutari.
274 1413 431 1477 Apprehensio
449 1417 526 1462 autern
542 1412 596 1462 mali
614 1413 702 1476 futuri,
718 1413 738 1462 si
752 1412 827 1464 omui·

51 1486 121 1534 ..udum
130 1485 292 1538 certitudinem
306 1485 402 1547 liabent,
412 1497 458 1535 nou
469 1483 557 1534 inducit
569 1484 687 1547 timorem3
702 1484 764 1534 nude
778 1485 833 1534 Plri-

55 1558 141 1618 ‘sophus
152 1556 211 1607 dicit
227 1555 293 1618 inll.
311 1555 410 1604 Meter.
425 1553 487 1618 (cup.
501 1555 535 1617 5),
550 1554 610 1618 qudd
625 1570 640 1602 o
655 1553 724 1604 timor
739 1567 785 1604 non
796 1558 833 1605 est
910 1554 922 1578 '

57 1626 80 1674 iri
97 1627 132 1678 ulti
144 1632 178 1679 est
190 1627 271 1692 aliquo
286 1639 340 1690 spes
354 1626 473 1678 evadendi.
487 1642 502 1673 »
517 1627 574 1675 llam
592 1626 683 1689 quando
697 1625 760 1675 nulla
780 1639 834 1690 spes

54 1703 68 1745 n
86 1701 207 1761 euadendi,
219 1699 398 1764 apprehenditur
411 1697 495 1748 malurn
505 1701 531 1746 ut
543 1711 660 1762 preseus3
675 1701 700 1748 et
712 1698 748 1747 sic
758 1698 831 1762 magis

54 1775 105 1820 *usui
120 1771 241 1822 tristitiam
255 1769 324 1833 quim
336 1769 451 1820 timorem.
464 1769 502 1818 Sic
516 1781 569 1832 ergo
582 1768 651 1819 timor
664 1773 741 1832 potest
754 1770 828 1820 cousi·

51 1843 113 1904 ¹ruri,
123 1847 237 1906 quantum
253 1841 281 1891 ad
300 1841 345 1891 duo
361 1851 425 1890 :uuo
441 1841 523 1903 inodo,
541 1843 649 1902 quantum
666 1841 695 1889 sd
711 1841 755 1890 hoc
771 1841 831 1904 quud

63 1915 142 1973 petitus
158 1913 286 1965 sendtirus
301 1913 434 1964 naturaliter
450 1911 535 1974 retugit
553 1910 654 1974 eorporis
664 1911 797 1975 lesionem,
808 1916 832 1962 ct

62 2000 70 2030 r
86 1983 249 2046 tristitiam,si
265 1984 295 2033 sit
310 1996 425 2048 presens,
437 1987 461 2033 et
474 1996 516 2046 per
526 1981 646 2044 timorem,
664 1984 684 2032 si
699 1983 730 2032 sit
742 1983 827 2032 lutura.

54 2069 58 2092 τ
71 2059 110 2106 troc
120 2059 191 2108 modu
205 2054 275 2106 timor
284 2053 329 2104 luit
338 2054 363 2103 in
373 2053 482 2117 Christo,
494 2053 553 2104 sicut
561 2058 585 2103 et
593 2054 693 2103 tristitia.
705 2054 755 2104 llio
764 2054 832 2104 modo

58 2131 101 2177 rest
121 2126 268 2180 considerari
289 2125 415 2176 secundom
431 2125 616 2177 incertitudinem
634 2126 705 2176 futuri
720 2131 832 2188 eventus3

67 2205 86 2247 ut
104 2201 199 2264 quaudo
220 2200 289 2248 nocte
308 2197 417 2246 timemus
438 2211 467 2248 ex
485 2197 561 2260 aliquo
575 2197 664 2259 sonitu,
679 2198 745 2260 quusi
768 2199 833 2261 igno·

59 2277 101 2320 rores
115 2272 171 2336 qnid
190 2272 237 2320 lroc
250 2268 292 2320 sic.
307 2269 337 2318 Et
360 2271 469 2331 quantum
489 2269 517 2318 ad
535 2270 579 2318 lroc
600 2268 668 2319 timor
681 2281 727 2319 uon
745 2269 789 2318 luit
807 2269 833 2318 in

69 2343 132 2406 doto,
148 2347 176 2392 ut
186 2343 346 2392 &marcemus
358 2339 460 2390 dioitlll.
478 2339 519 2389 lib.

65 2417 90 2462 td
99 2416 198 2478 primum
211 2426 268 2476 ergo
283 2411 418 2474 dicendum,
434 2411 494 2474 qudd
502 2411 579 2476 justus
588 2412 670 2462 dicitur
683 2424 734 2462 esse
747 2412 833 2474 absque

60 2499 122 2548 rore,
136 2482 270 2537 secundim
284 2481 344 2546 quod
360 2485 431 2532 terror
445 2483 552 2547 importat
567 2483 689 2546 perlectam
703 2482 833 2546 passionem

59 2561 164 2610 arterium
175 2555 298 2608 hominem
309 2555 337 2605 ab
346 2567 374 2604 eo
388 2555 448 2617 quod
462 2558 497 2604 esi
507 2554 600 2605 rationis
610 2571 617 2617 ;
628 2558 652 2604 et
662 2554 696 2604 sic
705 2554 775 2604 timor
785 2565 833 2603 non

57 2634 75 2673 ..ε
87 2628 108 2677 in
118 2630 227 2688 Christo,
243 2625 286 2677 sed
299 2624 373 2676 solim
387 2625 510 2676 secuudlrm
523 2627 722 2690 propassionem.
735 2626 765 2674 nt
782 2625 835 2675 ideo

62 2697 108 2747 itur
119 2701 178 2764 qnod
193 2697 305 2750 Christus
318 2696 414 2760 «erepit
423 2696 509 2747 tedere
522 2701 652 2760 ciperem,
666 2711 680 2742 u
693 2694 759 2758 quasi
773 2706 832 2744 ‹rse-

57 2770 125 2822 nddm
138 2767 335 2839 propassionem,
346 2784 361 2815 u
376 2772 401 2818 ut
414 2767 564 2832 Hieronymus
577 2767 680 2830 exponit.
725 2768 734 2788 ⁸

67 2844 94 2890 ‚ld
108 2845 238 2896 menndnm
251 2840 391 2902 dicendum,
407 2837 467 2902 pudd
480 2838 579 2889 Hilarius
592 2851 621 2889 eo
632 2837 701 2888 modo
717 2833 834 2884 dtllrristo

56 2914 130 2967 inludit
139 2917 263 2975 timorem,
274 2924 320 2976 quo
332 2909 431 2962 excludit
441 2909 568 2975 tristitiom,
577 2908 665 2961 scilieet
672 2905 746 2969 quoad
757 2915 836 2953 neccs-
