1917 3317
490 121 582 167 2⁰8
647 130 859 168 saeuum
889 129 1145 177 stennon,
1180 128 1364 172 oum.
1399 128 1633 176 cmxxxix,
1667 128 1772 164 ΛΠ.
1805 126 1900 161 vm.

491 204 740 269 superioris
771 204 998 269 judicium
1025 204 1073 254 in
1100 204 1301 255 seeundo
1340 216 1447 254 casu
1463 242 1475 261 .
1504 202 1553 253 in
1585 203 1718 254 tertio
1744 200 1846 253 vero
1878 212 1917 249 ea

493 277 635 327 etiam
669 276 929 327 necessaria
955 275 1257 339 dispensatio.

560 349 626 398 Ad
651 346 850 411 primum
875 360 985 410 ergo
1008 346 1270 410 dicendum,
1295 346 1419 411 quod
1446 346 1512 396 illi
1537 347 1618 411 qui
1644 347 1700 395 ad
1728 344 1917 394 arctiore(

497 419 677 481 gionem
704 422 973 480 transeunt,
1017 430 1112 469 non
1153 417 1327 468 faciunt
1356 419 1447 469 hoe
1482 414 1835 481 praesumptuose
1852 452 1865 475 ,
1890 428 1915 463 u

499 489 755 551 videantur,
783 490 860 540 sed
884 488 1069 550 devote,
1093 493 1146 539 ut
1168 489 1389 553 justiores
1414 488 1544 538 fiant.

566 560 634 609 Ad
661 560 912 611 secundnm
944 559 1213 621 dicendum,
1245 558 1369 623 quod
1396 563 1583 623 utraque
1613 558 1771 621 religio
1797 556 1917 607 seilio

503 632 752 681 nachor-um
772 636 820 681 et
845 630 1165 683 canonicorum
1192 630 1465 694 regularium
1496 630 1726 681 ordinatur
1746 628 1803 680 ad
1826 640 1917 692 ope1

501 701 899 765 contemplativae3
928 702 1048 753 inter
1079 715 1183 766 qnae
1216 702 1443 766 praecipna
1470 707 1580 752 sunt
1613 715 1669 752 ea
1693 714 1793 765 quae
1821 713 1917 762 agur

502 772 670 824 divinis
694 772 924 837 mysteriis
942 810 958 835 ,
990 773 1045 823 ad
1070 786 1172 837 qnae
1196 773 1427 823 ordinatur
1448 771 1617 824 directe
1642 773 1753 823 ordo
1778 783 1917 823 canon

501 844 800 908 regularium
831 845 996 908 quibus
1019 857 1102 909 per
1134 858 1185 895 se
1224 845 1442 909 competit
1472 848 1523 894 ut
1565 844 1659 894 sint
1696 842 1847 894 elerici
1872 855 1917 892 re

501 917 593 968 Sed
633 916 692 967 ad
716 915 983 979 religionem
1008 918 1333 967 monachornm
1358 930 1449 967 non
1476 930 1560 980 per
1591 928 1642 966 se
1680 914 1897 979 competit

501 988 683 1050 cleriei,
713 991 765 1037 ut
789 988 983 1038 habetur
1006 987 1053 1036 in
1079 991 1271 1038 Deeret.
1304 987 1488 1052 (Causa
1514 987 1685 1051 xvnl,
1719 1001 1799 1050 qu.
1832 989 1860 1035 1
1879 1003 1917 1046 ,ι

500 1062 660 1108 Nemo
689 1061 882 1124 potest,
911 1071 971 1115 ex
1008 1058 1249 1123 Gregorio,
1275 1063 1324 1109 et
1346 1072 1449 1122 esp.
1484 1059 1603 1112 Alia
1637 1058 1823 1117 causet,
1850 1069 1908 1106 ex

503 1142 642 1193 nymo
661 1167 674 1190 ,
697 1133 749 1179 nt
767 1130 866 1193 jam
901 1129 1031 1193 prius
1046 1134 1085 1191 ).
1108 1131 1166 1180 Et
1185 1128 1289 1180 ideo
1310 1130 1521 1193 quamvis
1554 1130 1665 1180 ordo
1696 1128 1914 1179 monacho

500 1200 707 1251 arctioris
729 1201 1031 1252 observantiis
1044 1238 1063 1264 ,
1088 1201 1127 1252 si
1146 1200 1358 1252 monaehi
1378 1205 1533 1253 essent
1558 1200 1699 1263 laici,
1720 1197 1880 1250 liceret
1909 1203 1917 1247 1

503 1271 560 1321 ab
588 1270 744 1321 ordine
775 1273 1101 1323 monachorum
1132 1272 1189 1322 ad
1224 1272 1427 1323 ordinem
1460 1271 1781 1322 canonicorum
1809 1282 1917 1333 regu

502 1342 751 1393 secundum
783 1341 894 1392 illud
924 1342 1191 1407 Hieronymi
1218 1342 1289 1392 ad
1314 1344 1574 1392 Rusticum
1602 1341 1902 1392 monachum

504 1413 610 1464 vive
626 1412 674 1463 in
703 1414 1007 1475 monasterio,
1034 1414 1301 1464 uteleriens
1326 1426 1430 1465 esse
1460 1414 1698 1464 merearis
1719 1430 1748 1461 »
1777 1414 1879 1463 Non
1903 1425 1917 1461 a

504 1496 741 1545 converse,
769 1487 821 1535 nt
845 1485 1039 1535 habetur
1068 1485 1117 1534 in
1142 1486 1337 1536 Dec-ret.
1362 1486 1467 1535 xlx
1484 1521 1498 1548 ‚
1528 1498 1607 1547 qu.
1632 1488 1659 1532 3
1685 1521 1698 1544 ,
1730 1487 1780 1533 nt
1807 1484 1917 1533 Deer

507 1554 658 1607 ducto.
685 1555 777 1606 Sed
809 1556 851 1606 si
877 1556 1087 1607 monachi
1120 1556 1214 1607 sint
1234 1556 1399 1607 Clerici
1426 1555 1565 1606 sacris
1592 1554 1828 1620 mysteriis
1847 1554 1917 1604 obs

506 1630 604 1689 teS,
625 1626 792 1677 habent
825 1626 872 1677 id
904 1628 1023 1690 quod
1060 1628 1478 1679 est-canonicorum
1503 1627 1779 1689 regularium
1804 1637 1907 1675 eum

507 1697 791 1749 arctitudine.
813 1698 871 1748 Et
887 1698 991 1750 ideo
1010 1700 1206 1749 transire
1222 1699 1397 1749 licitum
1417 1699 1504 1749 erit
1526 1699 1582 1749 de
1603 1698 1763 1749 ordine
1782 1709 1917 1750 canor

507 1768 781 1831 regularium
807 1770 865 1819 ad
893 1769 1098 1821 ordinem
1134 1771 1457 1820 monachorum
1473 1807 1491 1832 ,
1517 1768 1661 1833 petita
1686 1773 1837 1819 tamen
1864 1781 1917 1817 su

507 1839 694 1891 licentia
708 1878 722 1901 ‚
746 1845 798 1890 ut
813 1840 975 1892 dicitur
991 1844 1071 1902 19,
1087 1855 1170 1906 qu.
1199 1845 1226 1890 3
1243 1880 1258 1905 ,
1282 1854 1385 1905 eap-
1405 1842 1695 1891 Statuimus
1721 1842 1807 1906 (ex
1826 1839 1916 1889 Urh

569 1912 637 1961 Ad
653 1912 836 1963 tertium
865 1912 1107 1963 dicendum
1122 1950 1137 1975 ‚
1164 1911 1286 1976 quod
1314 1918 1473 1964 votum
1498 1913 1703 1963 solemne
1731 1925 1824 1975 qno
1857 1924 1917 1974 qu

507 1985 639 2045 gatur
673 1982 838 2035 minori
877 1982 1087 2047 religioni
1118 1987 1189 2033 est
1223 1983 1387 2035 fortius
1426 1982 1566 2046 quem
1600 1987 1759 2033 votum
1788 1982 1917 2045 simpl

507 2052 608 2117 quis
638 2054 900 2118 astringitur
926 2054 1085 2118 majori
1111 2054 1355 2117 religioni;
1378 2060 1483 2118 post
1507 2058 1667 2104 votum
1695 2054 1819 2103 enim
1845 2054 1917 2103 sin

507 2125 790 2173 contraheret
811 2123 977 2187 aliquis
1002 2125 1339 2175 matrimonium
1356 2161 1369 2188 ,
1398 2138 1491 2177 non
1517 2125 1824 2185 dirimeretur,
1858 2124 1917 2175 sic

504 2200 662 2247 votum
688 2196 910 2247 solemne.
938 2197 997 2246 Et
1021 2196 1122 2247 ideo
1149 2197 1227 2247 ille
1257 2196 1338 2261 qui
1361 2197 1455 2262 jam
1486 2196 1720 2261 professus
1747 2199 1819 2246 est
1851 2196 1899 2245 in

507 2266 724 2332 religione
756 2279 850 2317 non
876 2271 1056 2318 tenetur
1081 2269 1270 2333 implere
1303 2275 1459 2321 votum
1504 2269 1698 2333 simplex
1724 2270 1844 2333 quod
1876 2284 1917 2320 er

507 2337 719 2389 intrando
740 2336 1008 2401 religionem
1034 2343 1270 2405 majorem.
