1917 3317
218 155 249 190 ors
265 149 419 194 mouerunt
434 152 518 192 marm
533 153 626 192 nam.
778 145 823 192 ott

318 337 479 390 AR'HCULUS
496 338 535 388 lv.

160 463 248 509 Uariam
263 463 342 508 Macer
356 463 401 509 Det
410 463 576 519 circinitetem
592 463 691 507 voverit.

59 592 88 639 td
97 595 205 653 quadum
220 590 254 640 sic
268 589 398 654 proceditur
410 589 454 654 (ιι.
463 589 558 639 Videtur
570 588 630 653 quoe
642 590 714 639 tiator
727 589 769 638 Dei
780 588 826 639 rir-

47 662 136 712 {nitatem
158 675 206 712 non
228 660 325 712 roserit.
348 660 509 711 diciturenim
524 663 610 720 Dect,
621 662 661 711 vil
675 676 682 710 ε
694 677 709 708 u
722 661 773 711 Non
784 661 827 710 erit

38 735 82 782 ..nd
98 738 120 784 te
134 731 223 784 sterius
240 731 359 794 utrimque
378 745 453 782 sexus.
468 749 483 778 n
499 731 610 782 Stcrititas
631 735 707 782 autem
725 731 828 794 seqnitur

47 807 186 866 rpimtatem.
202 805 263 868 Ergo
273 803 369 854 serratio
386 803 524 868 uirginitatis
539 807 587 854 erat
598 807 676 854 contra
688 806 827 868 preceptum

46 877 102 926 ueris
118 878 192 940 tegis.
212 876 257 926 Sed
273 875 347 924 adhuc
363 875 402 924 lex
417 871 594 925 recusauerat
615 877 698 923 statum
713 874 749 937 (tt
762 878 828 924 ante-

52 963 87 996 ,ιιι
106 949 215 999 Christus
227 950 367 996 nasceretur.
382 947 442 1008 Ergo
460 959 506 996 non
519 945 593 1010 potuit
607 945 669 995 iicitt
680 946 746 996 beata
760 946 828 1010 Virgo

51 1033 103 1070 nere
118 1019 281 1084 uirginitatem
294 1031 336 1082 pro
348 1021 450 1081 tempore
462 1017 511 1068 ilio.

56 1098 75 1141 a.
91 1093 208 1150 Preterea
219 1130 226 1152 ,
241 1090 380 1155 Apostolus,
391 1091 409 1139 1.
420 1089 456 1140 ud
465 1097 533 1147 cor„
544 1090 583 1141 tili
594 1129 600 1152 ,
611 1089 667 1140 dicit
681 1107 687 1139 ι
706 1106 720 1137 u
732 1091 764 1140 De
776 1090 828 1139 Vir-

45 1165 109 1214 'nitus
122 1170 205 1216 antem
222 1167 362 1226 preceptum
371 1162 461 1212 Domini
475 1175 521 1212 non
532 1163 616 1225 habeo,
625 1161 743 1211 consitium
755 1166 830 1211 autem

53 1257 63 1283 ·.
73 1255 83 1284 ι
96 1238 142 1290 Sed
157 1235 274 1302 perfectio
286 1233 379 1285 consilii
391 1247 404 1283 a
416 1233 509 1284 Christo
522 1234 599 1284 denuit
615 1234 717 1284 inchoari
726 1271 733 1295 ,
742 1235 781 1298 qui
795 1237 831 1285 eet

56 1326 81 1358 ιι
95 1312 174 1376 lepis,
191 1313 221 1358 ιιι
231 1307 353 1370 Apostolus
363 1305 419 1356 dicit
428 1307 509 1363 Rom„
519 1307 550 1356 Χ.
564 1307 613 1355 Non
625 1319 681 1369 ergo
690 1306 831 1356 conveniens

55 1392 66 1428 ι
82 1384 140 1446 qudd
162 1383 236 1432 beata
249 1379 317 1442 Virgo
328 1381 406 1428 rutum
424 1377 562 1441 uirginitatis
576 1377 699 1428 emitteret.

56 1459 74 1503 t.
91 1458 224 1520 Praeterea,
245 1451 325 1501 Glossa
343 1449 465 1513 Augustini
481 1449 538 1499 dicit
551 1451 571 1498 i.
584 1448 620 1498 ed
634 1449 708 1505 Tim„
721 1449 750 1510 V,
769 1448 832 1511 qudd

57 1528 194 1578 irruentibus
213 1523 361 1583 castitatem,
377 1534 423 1571 neu
440 1522 514 1571 sotum
524 1521 623 1582 nubere,
634 1521 674 1570 sed
690 1519 760 1570 etiam
773 1519 833 1570 relic

58 1601 115 1660 nere,
127 1595 267 1650 damnabile
281 1599 325 1644 est.
340 1611 353 1642 n
367 1594 409 1644 Sed
420 1593 491 1642 Mater
507 1591 595 1642 Christi
609 1591 695 1641 nudum
711 1594 831 1655 peccatum

56 1671 147 1722 intrabile
163 1666 299 1726 commisit,
314 1663 421 1729 utsupra
434 1664 613 1714 tandumdem
627 1677 680 1727 ergo
694 1663 831 1726 desponsata

52 1744 86 1792 rrit
95 1746 130 1804 (ιιι
139 1741 246 1792 trahetur
254 1739 327 1797 Luc,
336 1737 371 1802 1),
382 1735 470 1787 ridetur
477 1735 539 1798 qudd
547 1736 598 1799 ipsa
606 1733 743 1798 uirginitatis
752 1737 831 1784 rutum

56 1815 192 1865 remiserit.

57 1889 93 1936 sed
112 1891 202 1936 centra
220 1886 272 1944 est,
290 1877 350 1944 qudd
373 1878 513 1940 Augustinus
532 1878 588 1928 dicit
598 1878 623 1928 in
638 1876 678 1928 lib.
694 1878 730 1926 De
741 1880 829 1926 ennete

52 1960 183 2020 opimitate
194 1953 268 2019 (cap.
280 1952 310 2014 ι)
323 1966 329 2000 :
342 1967 355 1997 u
366 1948 519 2000 Annuntianti
529 1949 609 2012 angelo
618 1949 687 1998 ituria
697 1949 831 2012 respondit:

50 2031 130 2081 :modo
143 2029 190 2078 tiet
204 2024 279 2086 istud,
293 2022 401 2086 quoniam
411 2021 486 2072 uirum
501 2033 548 2070 non
563 2019 690 2083 cognoscet
700 2020 762 2077 Quod
776 2033 833 2084 pro-

61 2101 79 2149 ti
97 2116 146 2153 non
167 2099 277 2158 diceret,
291 2093 336 2144 nisi
348 2092 411 2158 priirs
425 2106 450 2142 se
461 2091 575 2156 uirginem
586 2092 632 2141 [teo
648 2090 759 2141 novisset.
773 2107 786 2137 n

57 2176 224 2226 ‘tommosam
238 2194 271 2204 -
279 2170 337 2217 tute
348 2167 564 2230 desponsationem,
582 2163 654 2213 itater
667 2163 708 2212 Dei
721 2175 768 2213 nen
780 2161 835 2211 sim-

56 2247 105 2296 Ιιιιι
122 2241 294 2308 virginitatem
311 2237 388 2299 nevit,
406 2237 446 2286 sed
465 2239 517 2300 post
531 2235 621 2296 decuit,
637 2236 663 2284 ιιι
680 2234 835 2298 uirginitatem

57 2331 83 2364 nm
93 2318 141 2368 Deo
151 2314 273 2380 perpetuo
284 2323 325 2374 per
340 2311 420 2358 retum
434 2309 602 2368 consecraret.)

55 2387 195 2453 despondeo
212 2379 421 2444 dicendum‚qudd
435 2379 494 2430 sicut
502 2379 527 2428 in
542 2378 644 2428 secunda
653 2381 717 2441 parte
733 2376 836 2426 habitum
921 2384 922 2387 ’

39 2468 57 2505 2r
74 2466 106 2522 a,
116 2463 142 2521 e,
155 2473 204 2522 qu.
220 2459 262 2513 86,
276 2457 320 2501 art.
335 2451 381 2515 6),
393 2449 538 2514 perfectionis
552 2462 619 2514 opera
639 2448 712 2511 magis
724 2453 778 2497 sunt
787 2448 838 2496 tau·
921 2502 922 2507 ἵ

58 2533 111 2594 titia,
123 2532 145 2582 si
159 2543 194 2580 ex
209 2529 269 2576 rote
280 2523 431 2574 celebrentur.
444 2521 569 2586 Virginitas
584 2525 660 2571 nutem
671 2521 696 2569 iu
713 2520 783 2571 idatre
795 2517 837 2569 Dei

60 2641 86 2702 tt)
99 2646 132 2689 lte
144 2641 185 2686 iris
200 2636 276 2684 etiam
288 2635 336 2690 IV,
349 2632 427 2681 sent„
440 2631 494 2676 diet.
506 2629 550 2686 30,
566 2643 607 2688 qu.
617 2629 647 2687 2,
661 2635 705 2676 art.
718 2627 748 2687 1,
759 2639 835 2685 quaes
921 2654 923 2675 .

50 2704 115 2750 rinei
131 2709 158 2750 et
177 2701 213 2754 33
231 2704 257 2744 et
271 2699 296 2742 in
309 2695 405 2745 Mettis„
418 2695 429 2739 Ι
442 2729 448 2754 ,
462 2695 508 2739 eoi.
519 2693 558 2740 20.

68 2777 86 2828 n
101 2773 242 2824 alludendo
255 2770 285 2814 ad
296 2767 359 2814 itiam
372 2765 477 2824 Apostoli
489 2765 632 2810 decetionem
641 2760 742 2808 :Adduo
748 2761 837 2820 priore

48 2839 181 2886 uramus
199 2833 303 2882 oooeats
317 2834 405 2876 ararum
420 2829 457 2890 tid
471 2834 507 2875 est
521 2829 595 2874 adhue
609 2822 796 2886 perseverante),
809 2826 837 2866 ut

42 2903 59 2944 d
72 2904 153 2957 fleon,
164 2902 219 2960 1x,
230 2907 294 2944 rere.
305 2892 330 2956 8,
342 2893 421 2942 ridere
430 2897 476 2941 est.
