1917 3317
109 174 158 223 'no
277 181 339 219 raus
353 181 396 229 ιιι,
414 178 508 225 oum.
525 178 617 225 mvn,
634 177 689 215 ιιι.
706 177 749 215 ru.

107 260 184 311 fuerat
196 256 301 313 Balaam.
309 256 375 319 enjus
387 254 496 305 amulae
507 257 633 303 sectatores
645 252 739 303 fuerunt
748 252 794 317 (ι).
804 250 903 301 ltienutm

106 335 186 381 autem
209 329 238 378 atr
251 326 343 377 Oriente
355 326 464 385 uenisse,
478 324 530 389 quia
552 328 612 374 torna
626 324 665 374 ila
685 326 764 374 estad
778 325 904 375 orientalem

108 406 196 467 partem
208 406 272 451 terre
281 398 421 448 luteorum.
432 399 460 447 Et
470 394 597 447 seeundum
606 397 660 453 hoc,
674 396 778 446 Herodes
788 390 835 445 utu
843 396 903 445 statie

107 471 267 523 recedentibus
280 469 368 531 magis,
380 469 421 518 sed
435 472 487 531 post
501 468 621 519 biennium
636 481 724 531 pueros
736 468 866 528 interiectu
879 477 901 515 ne

105 543 160 608 qnia
180 544 263 592 dicitur
274 540 365 590 interim
384 544 504 590 aecusatus
519 540 615 590 ftomam
630 538 719 602 ivisse3
734 539 775 589 vel
794 540 899 602 aliquoius

107 614 259 678 periculorum
280 610 403 661 terroribus
419 609 518 672 ugitatus
542 608 624 659 leura
645 608 807 659 interfluenti
826 619 900 673 puernn

107 686 201 736 interim
214 683 336 742 destitisse
349 683 386 733 vel
397 682 450 747 qnia
462 680 537 745 potuit
548 681 641 731 eredere
653 693 734 745 magos
745 681 839 731 fallacis
851 680 901 729 stete

107 756 196 808 visione
205 757 322 817 deceptos,
331 758 453 817 postquam
464 766 511 803 non
520 753 663 803 inuenerunt
674 765 745 816 quem
762 759 844 803 natum
855 754 902 815 putu·

109 831 208 885 uerunt,
221 826 336 875 erubuisse
349 826 377 874 ad
391 839 417 876 se
431 826 518 887 redire,
530 828 556 873 ut
568 824 712 887 Augustinus
722 824 783 875 dicit
796 824 823 873 in
833 824 869 874 uu.
880 820 903 867 ιι

108 912 227 947 consensu
252 896 558 959 Euangetr'sturum..ldeo
581 899 660 945 autem
685 909 732 947 non
755 896 835 946 solum
852 895 906 943 bium

109 982 194 1033 pueros
206 967 336 1028 interfecit,
349 968 390 1017 sed
407 968 477 1017 etiam
493 967 571 1031 iufrA3
586 966 651 1029 quia,
667 970 694 1016 ut
709 968 855 1031 Augustinus
867 966 905 1013 uix:

110 1042 135 1091 in
149 1042 246 1103 quodam
262 1053 366 1089 sermone
381 1040 557 1101 innocentium,
570 1038 668 1089 timebat
682 1052 713 1089 ne
724 1053 788 1102 puer
801 1038 840 1089 oni
850 1038 906 1087 silui

109 1113 263 1172 famulantur,
280 1111 380 1174 speciem
406 1124 473 1161 suam
497 1110 565 1175 punto
591 1122 662 1175 supra
686 1114 785 1161 etatem
809 1112 847 1161 rel
865 1111 907 1158 im:-

110 1184 290 1233 transformaret.

400 1284 559 1337 ltil'l'lCULUS
575 1287 626 1336 Vll.

114 1415 201 1460 Utrum
216 1415 347 1470 stellaque
356 1412 661 1520 mgirnppcpplrgt,suerif
676 1426 730 1457 uno
744 1414 777 1458 ule
794 1412 907 1459 eoefestits
928 1424 929 1463 l

141 1605 176 1655 Ad
193 1602 317 1668 septimum
336 1602 371 1653 sio
387 1602 517 1666 proceditur
532 1600 575 1665 (t).
591 1600 690 1652 Videtur
703 1602 771 1665 qnid
794 1604 859 1655 stella
872 1614 909 1663 ou:
928 1648 929 1655 ι

110 1676 182 1739 lingis
201 1674 323 1739 apparuit,
340 1673 411 1723 luerit
423 1686 469 1722 uua
490 1673 518 1723 (le
532 1672 667 1722 celestinus
681 1674 771 1725 stellis.
792 1677 852 1725 llicit
863 1688 908 1723 eum
928 1732 929 1735 Ἴ

109 1746 250 1808 Augustinus
266 1746 291 1794 in
302 1745 400 1809 quodam
414 1756 519 1794 sermone
532 1743 687 1807 Epiphanio
704 1760 714 1792 :
730 1763 745 1793 «
762 1748 823 1797 [tum
841 1746 911 1811 peni·

110 1820 139 1868 ad
153 1818 237 1879 ubera,
252 1822 276 1867 et
288 1817 367 1866 vilium
377 1816 462 1881 patitur
479 1817 539 1865 Deus
552 1814 713 1867 involumenta
731 1832 877 1881 pannorum,
889 1830 911 1864 n·
928 1814 929 1817 ’

109 1892 180 1953 pente
197 1903 282 1939 novum
301 1889 330 1937 tle
344 1888 400 1937 coelo
418 1886 481 1936 sidus
493 1885 590 1937 effulsit.
605 1902 619 1933 u
632 1886 689 1937 Fuit
701 1887 779 1951 igitur
793 1891 862 1941 stetu
874 1902 913 1936 re·
928 1894 929 1897 ’

109 1960 183 2024 lestis,
198 1974 249 2023 que
261 1959 333 2023 magis
346 1958 459 2023 apparuit.
928 1962 929 2024 J

142 2037 166 2081 2.
186 2033 314 2092 Praeterea,
334 2030 472 2093 Augustinus
489 2028 546 2080 dicit
564 2028 589 2078 in
607 2042 718 2081 sermnue
738 2034 844 2096 quodam
865 2035 914 2094 Ep.-

107 2105 211 2167 pfruotae
231 2117 240 2152 .·
261 2120 275 2151 (ι
295 2102 427 2152 pastoribus
445 2100 536 2164 angeli,
552 2100 624 2164 magis
647 2101 718 2152 stella
742 2105 866 2155 christum
886 2104 902 2149 ιι

110 2178 237 2234 monstrat,
252 2174 355 2238 utrisque
365 2173 464 2235 loquitur
476 2173 555 2237 lingna
569 2171 696 2236 coelorum,
708 2176 768 2237 quia
781 2176 864 2239 lingua
878 2187 910 2223 ιι.»

109 2246 169 2295 savit
179 2247 373 2310 Prophetarum.»
383 2244 513 2307 Sedangeli
525 2244 655 2308 pastoribus
670 2248 904 2309 apparentesfueru:

108 2315 165 2367 nere
177 2317 204 2366 de
217 2317 347 2367 ooelestibus
357 2316 453 2379 angelis.
466 2316 526 2379 firgo
536 2319 561 2365 et
573 2314 638 2365 stella
650 2316 728 2379 magis
738 2330 868 2382 apparens,
881 2316 890 2363 f
896 2330 901 2359 :

110 2386 164 2437 uere
182 2388 210 2437 de
223 2388 354 2437 coelestibus
367 2387 450 2437 stellis.

141 2461 165 2506 3.
179 2460 304 2521 Pretereu,
316 2460 388 2510 stelle
401 2472 453 2522 qun
465 2472 512 2509 nou
523 2462 576 2509 suut
588 2458 613 2508 in
625 2458 683 2510 eoelo
695 2496 702 2522 ,
716 2461 761 2512 sed
776 2460 803 2511 iu
816 2475 877 2519 aere,
890 2458 916 2507 dv

142 2566 174 2627 (ι)
190 2570 255 2613 Illius
268 2582 351 2626 nempe
363 2570 404 2625 qui
418 2572 533 2621 Numer„
547 2573 630 2629 mv,
645 2585 708 2617 vers.
722 2572 769 2631 17,
783 2575 909 2632 prophetin

108 2631 229 2684 predixit:
248 2631 351 2675 orietur
367 2633 436 2677 stella
454 2646 487 2677 rx
500 2634 586 2684 Jacob,
605 2638 627 2678 et
645 2640 782 2693 consurget
802 2642 878 2695 virge
893 2636 906 2677 ιι

107 2690 195 2735 Israel.
209 2692 269 2736 Hine
282 2693 439 2747 Hieronymus
450 2694 475 2737 in
490 2694 587 2743 Metro„
601 2696 641 2739 11:
659 2697 756 2743 Oritur
774 2699 879 2757 (inqnftl
896 2698 915 2737 ir

110 2750 208 2796 Oriente
221 2753 299 2801 stelle,
308 2766 381 2809 emm
393 2756 508 2811 [uturum
519 2757 634 2807 Buteone,
643 2759 719 2815 nujus
733 2762 765 2807 Ar·
778 2768 856 2809 emt
870 2774 916 2805 sm·-

106 2822 221 2862 eerrorer,
232 2816 352 2858 uaticinio
366 2820 494 2868 noverunt,
510 2822 554 2863 ete.

115 2906 118 2913 .
142 2876 173 2936 (ι)
191 2882 223 2925 lto
233 2882 349 2929 trisetium
364 2885 468 2943 Opere„
479 2889 536 2947 Lx,
551 2900 604 2947 esp.
619 2888 644 2933 ss.
