1917 3317
123 209 151 248 nn
164 206 370 250 nnius-smenon
385 208 470 250 amun
486 208 705 253 mncnrrcnrmnr.
765 199 812 252 ott

56 286 139 336 tenorum
154 283 282 350 potentiam
299 299 363 336 suam
384 299 430 338 nou
449 285 563 352 alligavit,
576 287 633 351 puin
651 286 768 352 aliquibus
784 303 813 340 ex

56 357 108 406 *oriali
127 357 246 422 privilegio
268 358 364 422 gratiam
387 371 450 412 snam
472 358 575 411 conterre
596 359 671 424 possit
690 363 812 424 antequam

56 433 134 480 isranlm
151 442 181 480 ex
196 432 271 480 utero.

61 501 84 547 ld
94 502 177 551 tertium
193 499 333 561 dicendum,
347 500 406 565 qnid
420 502 489 552 beata
501 502 570 567 Virgo
582 503 723 553 sanctificata
734 502 813 554 dultin

56 583 83 618 ero
94 571 104 622 t
117 577 210 636 peceato
225 571 347 636 originali,
365 577 473 636 quantum
489 575 517 624 ad
530 575 644 625 maculam
657 575 812 639 personalem

56 657 70 690 n
80 648 144 696 tamen
157 645 202 698 suit
214 645 310 696 liberata
321 644 334 695 l
349 648 413 696 reatu
430 659 475 710 quo
492 649 539 697 tcta
548 651 627 696 natura
642 648 759 698 tenebatur
770 647 813 697 ob·

57 717 95 776 rin,
108 723 129 768 nt
141 719 229 770 scilicet
243 731 288 768 uon
303 717 399 768 intraret
418 719 442 768 in
457 714 587 780 paradisum
609 719 655 768 nisi
669 732 710 781 per
728 717 815 769 Christi

60 788 122 851 <olan
136 789 196 840 sicut
208 793 233 840 et
250 789 278 840 de
295 787 380 838 sanctis
392 788 496 853 patribus
508 789 590 839 dicitur
602 789 643 854 qui
653 791 747 842 iuemnt
759 792 813 840 ante

57 867 134 910 rislum.

62 931 81 978 td
92 935 194 994 quartum
203 931 334 994 dicendum,
350 931 409 996 quod
419 936 540 996 peccatum
553 931 662 996 originale
676 932 773 983 trahitur
785 947 814 984 ex

59 1002 107 1066 sine,
121 1005 146 1054 in
163 1007 276 1067 qnantum
290 1004 335 1068 'per
348 1017 398 1054 eam
412 1005 592 1055 communicatur
605 1007 703 1054 humana
718 1010 814 1069 natura,

65 1091 80 1123 n
95 1076 184 1142 proprie
203 1076 299 1139 respicit
317 1081 432 1140 peceatum
449 1077 574 1142 originale3
595 1078 656 1140 qnod
679 1077 770 1141 quidem
789 1079 815 1130 lit

66 1150 99 1197 udo
108 1151 186 1213 proles
197 1152 306 1212 concepta
318 1149 438 1200 animatur.
447 1151 512 1200 Unde
523 1153 575 1214 post
587 1149 746 1200 animationem
756 1150 814 1200 nihil

64 1221 113 1271 titel
137 1221 232 1287 prolem
253 1222 386 1284 conceptam
409 1221 559 1282 sanctificam
580 1224 660 1284 postea
682 1221 745 1271 enim
767 1234 814 1273 non

60 1295 87 1338 ort
104 1292 126 1342 in
142 1295 252 1342 materno
263 1294 327 1342 utero
341 1293 369 1341 ad
384 1292 537 1356 accipiendam
554 1293 679 1343 humanam
694 1296 813 1354 naturam,

56 1401 57 1404 ,
68 1362 180 1427 aliqualem
192 1361 356 1428 perfectionem
371 1363 422 1426 ejns
435 1363 497 1426 qnod
507 1363 556 1427 jam
574 1363 672 1427 accepit.

303 1538 464 1590 ARTICULUS
478 1539 507 1589 ss.

56 1666 107 1710 trum
116 1668 192 1714 lenta
203 1665 281 1722 Vtrpc
291 1665 371 1720 suerit,
379 1665 528 1722 sanctificata
537 1668 593 1709 note
608 1663 790 1709 eminentiorum.

64 1789 70 1838 l
84 1793 217 1844 secundum
234 1790 268 1841 sic
285 1791 416 1855 proceditur
426 1791 472 1855 (l).
486 1790 581 1841 Videtur
593 1789 655 1853 quod
667 1789 814 1852 beatallirgo

68 1863 135 1914 dicata
159 1861 236 1914 luerit
259 1865 312 1912 autc
333 1860 506 1912 animationem.
521 1860 633 1923 Quia,nt
654 1861 741 1910 dictum
762 1864 814 1923 est,

56 1959 58 1966 ν
70 1936 142 1995 gratiae
157 1939 199 1986 est
216 1935 325 1984 collatum
337 1932 426 1997 Virgini
441 1933 506 1983 matri
520 1933 570 1996 liei,
586 1932 654 1996 quim
667 1932 737 1982 alicui
749 1945 814 1982 sanc-

58 2021 83 2056 n.
107 2009 154 2060 Sed
171 2006 316 2074 quibusdam
336 2009 372 2056 est
390 2019 522 2058 conoessum
540 2005 601 2070 quod
620 2005 816 2054 sanctificarentur

56 2081 260 2142 animationem
277 2077 339 2142 qnia,
355 2079 381 2127 ut
397 2076 478 2126 dicitnr
496 2078 600 2134 ierem„
619 2078 639 2137 l,
654 2075 815 2139 «Priusquam

60 2166 158 2205 ornarem
176 2153 207 2202 in
223 2154 301 2212 utero,
317 2149 372 2200 novi
384 2153 415 2199 te.
425 2165 438 2196 >r
452 2150 503 2200 Non
515 2152 591 2199 eutem
602 2149 728 2199 infunditur
740 2148 816 2198 anime

65 2226 166 2288 torporis
181 2222 358 2274 formationem.
373 2221 484 2271 Similiter
495 2221 565 2271 etiam
573 2221 601 2270 de
613 2222 703 2270 loanue
712 2220 816 2282 Baptista

70 2297 209 2348 linbrosius
222 2297 301 2358 :super
315 2291 454 2356 Luc.,qudd
466 2309 480 2340 u
490 2293 589 2344 nondum
603 2291 677 2342 inerat
688 2289 712 2340 ei
721 2289 816 2354 spiritns

61 2375 102 2419 ,ει
116 2369 169 2434 jam
189 2368 272 2417 inerat
287 2365 310 2414 ei
328 2364 422 2427 spiritus
443 2363 560 2427 gratia.»
581 2365 641 2425 Ergo
657 2361 817 2424 multomagis

56 2452 63 2484 r
77 2441 144 2505 Virgo
160 2441 225 2491 ante
238 2435 405 2488 animationem
420 2434 557 2486 sanctificari
571 2434 657 2499 potuit.

68 2512 195 2576 Praeterea,
221 2509 365 2560 conveniens
381 2507 440 2569 fuit,
463 2506 522 2557 sient
533 2506 654 2557 dnseluaus
669 2504 724 2555 dicit
738 2504 761 2554 in
775 2503 815 2554 lil).

65 2590 169 2652 *inceptu
185 2579 322 2646 virginali
334 2583 398 2644 (cap.
409 2582 460 2640 dit),
474 2582 524 2628 unt
535 2578 575 2627 illa
590 2578 660 2638 Virgo
677 2575 705 2626 ed
717 2575 817 2639 puritate

56 2661 92 2716 st,
101 2671 147 2722 qna
158 2656 247 2720 major
260 2653 303 2704 sub
314 2654 361 2702 iteo
371 2649 450 2714 nequit
458 2649 563 2712 intelligi.
571 2664 586 2695 »
599 2648 663 2698 Unde
674 2652 698 2698 et
708 2647 815 2700 cantic„

60 2731 144 2782 luitur:
158 2747 175 2780 u
184 2729 253 2780 Tota
266 2725 365 2790 pulchra
376 2736 410 2786 en,
427 2721 500 2772 amica
516 2734 575 2784 mea,
587 2724 612 2770 et
623 2719 712 2768 macula
724 2728 772 2767 nun
783 2721 818 2766 est

57 2887 58 2934 ζ
76 2889 104 2933 lie
123 2887 162 2936 liis
175 2881 299 2934 etiamin
313 2881 360 2940 111,
376 2877 455 2929 Soet..
468 2877 523 2924 dist.
543 2875 573 2934 3,
585 2887 627 2931 qu.
643 2872 671 2929 i,
684 2876 729 2917 art.
747 2870 777 2924 1;
793 2875 817 2917 et

56 2951 116 3002 ilio..
129 2953 179 3011 VI,
198 2958 251 3006 qu.
267 2941 398 3002 5,art.1;
415 2948 439 2988 et
454 2941 555 3002 Opitre„
567 2939 615 2997 111,
627 2948 681 2994 cup.
697 2933 753 2980 aad.
