<?xml version="1.0" encoding="UTF-8"?>
<!DOCTYPE html PUBLIC "-//W3C//DTD XHTML 1.0 Transitional//EN"
    "http://www.w3.org/TR/xhtml1/DTD/xhtml1-transitional.dtd">
<html xmlns="http://www.w3.org/1999/xhtml" xml:lang="en" lang="en">
 <head>
  <title>
</title>
<meta http-equiv="Content-Type" content="text/html;charset=utf-8" />
  <meta name='ocr-system' content='tesseract 3.04.00' />
  <meta name='ocr-capabilities' content='ocr_page ocr_carea ocr_par ocr_line ocrx_word'/>
</head>
<body>
  <div class='ocr_page' id='page_1' title='image "./summatheologica02nicogoog_0713.png"; bbox 0 0 1917 3317; ppageno 0'>
   <div class='ocr_carea' id='block_1_1' title="bbox 130 212 767 268">
    <p class='ocr_par' dir='ltr' id='par_1_1' title="bbox 130 212 767 268">
     <span class='ocr_line' id='line_1_1' title="bbox 130 212 767 268; baseline -0.002 -9"><span class='ocrx_word' id='word_1_1' title='bbox 130 212 177 259; x_wconf 80' lang='lat' dir='ltr'>ast</span> <span class='ocrx_word' id='word_1_2' title='bbox 301 222 363 260; x_wconf 79' lang='lat' dir='ltr'>rans</span> <span class='ocrx_word' id='word_1_3' title='bbox 377 223 419 268; x_wconf 83' lang='lat' dir='ltr'>ur,</span> <span class='ocrx_word' id='word_1_4' title='bbox 436 221 532 265; x_wconf 80' lang='lat' dir='ltr'>onassr.</span> <span class='ocrx_word' id='word_1_5' title='bbox 548 222 640 268; x_wconf 70' lang='lat' dir='ltr'>mur,</span> <span class='ocrx_word' id='word_1_6' title='bbox 659 222 715 259; x_wconf 79' lang='lat' dir='ltr'>m.</span> <span class='ocrx_word' id='word_1_7' title='bbox 731 220 767 259; x_wconf 79' lang='lat' dir='ltr'>m.</span> 
     </span>
    </p>
   </div>
   <div class='ocr_carea' id='block_1_2' title="bbox 63 296 908 3001">
    <p class='ocr_par' dir='ltr' id='par_1_2' title="bbox 132 296 907 575">
     <span class='ocr_line' id='line_1_2' title="bbox 132 296 907 362; baseline -0.005 -14"><span class='ocrx_word' id='word_1_8' title='bbox 132 300 194 349; x_wconf 85' lang='lat' dir='ltr'>citur</span> <span class='ocrx_word' id='word_1_9' title='bbox 207 299 280 356; x_wconf 71' lang='lat' dir='ltr'>Luc„</span> <span class='ocrx_word' id='word_1_10' title='bbox 293 298 328 357; x_wconf 93' lang='lat' dir='ltr'>ll,</span> <span class='ocrx_word' id='word_1_11' title='bbox 343 299 371 347; x_wconf 86' lang='lat' dir='ltr'>de</span> <span class='ocrx_word' id='word_1_12' title='bbox 391 297 513 358; x_wconf 71' lang='lat' dir='ltr'>sinens,</span> <span class='ocrx_word' id='word_1_13' title='bbox 528 297 589 359; x_wconf 84' lang='lat' dir='ltr'>onhd</span> <span class='ocrx_word' id='word_1_14' title='bbox 606 302 656 347; x_wconf 90' lang='lat' dir='ltr'>erat</span> <span class='ocrx_word' id='word_1_15' title='bbox 670 317 685 345; x_wconf 76' lang='lat' dir='ltr'>o</span> <span class='ocrx_word' id='word_1_16' title='bbox 702 300 768 349; x_wconf 87' lang='lat' dir='ltr'>bomo</span> <span class='ocrx_word' id='word_1_17' title='bbox 781 300 846 362; x_wconf 83' lang='lat' dir='ltr'>justus</span> <span class='ocrx_word' id='word_1_18' title='bbox 856 302 873 347; x_wconf 85' lang='lat' dir='ltr'>el</span> <span class='ocrx_word' id='word_1_19' title='bbox 885 296 907 345; x_wconf 61' lang='lat' dir='ltr'>ir</span> 
     </span>
     <span class='ocr_line' id='line_1_3' title="bbox 133 370 905 432; baseline 0 -14"><span class='ocrx_word' id='word_1_20' title='bbox 133 377 248 429; x_wconf 88' lang='lat' dir='ltr'>moratus,</span> <span class='ocrx_word' id='word_1_21' title='bbox 264 375 388 432; x_wconf 74' lang='lat' dir='ltr'>expectans</span> <span class='ocrx_word' id='word_1_22' title='bbox 396 370 576 431; x_wconf 84' lang='lat' dir='ltr'>redemptionem</span> <span class='ocrx_word' id='word_1_23' title='bbox 590 370 669 419; x_wconf 89' lang='lat' dir='ltr'>lsrael.</span> <span class='ocrx_word' id='word_1_24' title='bbox 682 388 696 415; x_wconf 83' lang='lat' dir='ltr'>o</span> <span class='ocrx_word' id='word_1_25' title='bbox 712 372 770 432; x_wconf 74' lang='lat' dir='ltr'>Ergo</span> <span class='ocrx_word' id='word_1_26' title='bbox 783 371 840 432; x_wconf 84' lang='lat' dir='ltr'>prius</span> <span class='ocrx_word' id='word_1_27' title='bbox 850 371 905 419; x_wconf 61' lang='lat' dir='ltr'>hess</span> 
     </span>
     <span class='ocr_line' id='line_1_4' title="bbox 132 441 901 506; baseline 0 -15"><span class='ocrx_word' id='word_1_28' title='bbox 132 441 274 491; x_wconf 76' lang='lat' dir='ltr'>manifestari</span> <span class='ocrx_word' id='word_1_29' title='bbox 292 442 378 490; x_wconf 83' lang='lat' dir='ltr'>Christi</span> <span class='ocrx_word' id='word_1_30' title='bbox 397 442 504 489; x_wconf 76' lang='lat' dir='ltr'><strong>nativitas</strong></span> <span class='ocrx_word' id='word_1_31' title='bbox 528 441 628 491; x_wconf 84' lang='lat' dir='ltr'>Simeoni</span> <span class='ocrx_word' id='word_1_32' title='bbox 640 480 647 502; x_wconf 90' lang='lat'>,</span> <span class='ocrx_word' id='word_1_33' title='bbox 661 456 732 505; x_wconf 84' lang='lat' dir='ltr'>quam</span> <span class='ocrx_word' id='word_1_34' title='bbox 751 444 873 506; x_wconf 75' lang='lat' dir='ltr'>pastoribus,</span> <span class='ocrx_word' id='word_1_35' title='bbox 885 456 901 483; x_wconf 83' lang='lat' dir='ltr'>r·</span> 
     </span>
     <span class='ocr_line' id='line_1_5' title="bbox 137 526 219 575; baseline 0 -14"><span class='ocrx_word' id='word_1_36' title='bbox 137 526 219 575; x_wconf 76' lang='lat' dir='ltr'>magis.</span> 
     </span>
    </p>

    <p class='ocr_par' dir='ltr' id='par_1_3' title="bbox 135 582 908 1006">
     <span class='ocr_line' id='line_1_6' title="bbox 166 582 908 645; baseline 0.001 -14"><span class='ocrx_word' id='word_1_37' title='bbox 166 588 190 631; x_wconf 77' lang='lat'>2.</span> <span class='ocrx_word' id='word_1_38' title='bbox 208 586 336 643; x_wconf 83' lang='lat' dir='ltr'>Praeterea,</span> <span class='ocrx_word' id='word_1_39' title='bbox 350 584 475 633; x_wconf 85' lang='lat' dir='ltr'>seeundum</span> <span class='ocrx_word' id='word_1_40' title='bbox 492 582 644 644; x_wconf 71' lang='lat' dir='ltr'>angustinum</span> <span class='ocrx_word' id='word_1_41' title='bbox 660 597 768 633; x_wconf 82' lang='lat' dir='ltr'>sermone</span> <span class='ocrx_word' id='word_1_42' title='bbox 783 586 810 633; x_wconf 87' lang='lat' dir='ltr'>ll.</span> <span class='ocrx_word' id='word_1_43' title='bbox 828 586 859 633; x_wconf 74' lang='lat' dir='ltr'>Be</span> <span class='ocrx_word' id='word_1_44' title='bbox 871 586 908 645; x_wconf 69' lang='lat' dir='ltr'>t.-</span> 
     </span>
     <span class='ocr_line' id='line_1_7' title="bbox 135 654 879 720; baseline -0.004 -16"><span class='ocrx_word' id='word_1_45' title='bbox 135 657 231 720; x_wconf 82' lang='lat' dir='ltr'>pbunr&#39;o</span> <span class='ocrx_word' id='word_1_46' title='bbox 257 658 299 718; x_wconf 86' lang='lat' dir='ltr'>(nt</span> <span class='ocrx_word' id='word_1_47' title='bbox 318 658 365 718; x_wconf 86' lang='lat' dir='ltr'>jam</span> <span class='ocrx_word' id='word_1_48' title='bbox 389 655 485 717; x_wconf 79' lang='lat' dir='ltr'>supra),</span> <span class='ocrx_word' id='word_1_49' title='bbox 511 655 572 715; x_wconf 85' lang='lat' dir='ltr'>magi</span> <span class='ocrx_word' id='word_1_50' title='bbox 595 654 689 703; x_wconf 83' lang='lat' dir='ltr'>luerunt</span> <span class='ocrx_word' id='word_1_51' title='bbox 712 656 817 717; x_wconf 78' lang='lat' dir='ltr'>primitie</span> <span class='ocrx_word' id='word_1_52' title='bbox 834 657 879 705; x_wconf 65' lang='lat' dir='ltr'>Grnf</span> 
     </span>
     <span class='ocr_line' id='line_1_8' title="bbox 136 724 886 789; baseline -0.007 -12"><span class='ocrx_word' id='word_1_53' title='bbox 136 728 229 777; x_wconf 87' lang='lat' dir='ltr'>Christo</span> <span class='ocrx_word' id='word_1_54' title='bbox 247 727 417 776; x_wconf 74' lang='lat' dir='ltr'>crediturarum.</span> <span class='ocrx_word' id='word_1_55' title='bbox 432 726 476 775; x_wconf 83' lang='lat' dir='ltr'>Sed</span> <span class='ocrx_word' id='word_1_56' title='bbox 488 724 561 789; x_wconf 90' lang='lat' dir='ltr'>primo</span> <span class='ocrx_word' id='word_1_57' title='bbox 580 726 701 788; x_wconf 78' lang='lat' dir='ltr'>plenitudo</span> <span class='ocrx_word' id='word_1_58' title='bbox 713 727 819 775; x_wconf 87' lang='lat' dir='ltr'>Gentium</span> <span class='ocrx_word' id='word_1_59' title='bbox 831 729 886 775; x_wconf 68' lang='lat' dir='ltr'>intra</span> 
     </span>
     <span class='ocr_line' id='line_1_9' title="bbox 137 798 877 861; baseline -0.004 -14"><span class='ocrx_word' id='word_1_60' title='bbox 137 799 215 856; x_wconf 86' lang='lat' dir='ltr'>fidem,</span> <span class='ocrx_word' id='word_1_61' title='bbox 226 804 249 848; x_wconf 88' lang='lat' dir='ltr'>et</span> <span class='ocrx_word' id='word_1_62' title='bbox 258 800 400 861; x_wconf 83' lang='lat' dir='ltr'>postmodum</span> <span class='ocrx_word' id='word_1_63' title='bbox 411 798 485 847; x_wconf 85' lang='lat' dir='ltr'>omnis</span> <span class='ocrx_word' id='word_1_64' title='bbox 496 798 563 846; x_wconf 89' lang='lat' dir='ltr'>lsrael</span> <span class='ocrx_word' id='word_1_65' title='bbox 573 798 650 846; x_wconf 82' lang='lat' dir='ltr'>salvus</span> <span class='ocrx_word' id='word_1_66' title='bbox 662 798 713 857; x_wconf 81' lang='lat' dir='ltr'>liet,</span> <span class='ocrx_word' id='word_1_67' title='bbox 726 804 750 845; x_wconf 91' lang='lat' dir='ltr'>ul</span> <span class='ocrx_word' id='word_1_68' title='bbox 762 800 843 847; x_wconf 75' lang='lat' dir='ltr'>dieitur</span> <span class='ocrx_word' id='word_1_69' title='bbox 855 802 877 847; x_wconf 77' lang='lat' dir='ltr'>a.</span> 
     </span>
     <span class='ocr_line' id='line_1_10' title="bbox 137 869 892 934; baseline -0.001 -15"><span class='ocrx_word' id='word_1_70' title='bbox 137 870 178 919; x_wconf 81' lang='lat' dir='ltr'>Xl.</span> <span class='ocrx_word' id='word_1_71' title='bbox 199 872 258 934; x_wconf 83' lang='lat' dir='ltr'>Ergo</span> <span class='ocrx_word' id='word_1_72' title='bbox 279 871 342 933; x_wconf 86' lang='lat' dir='ltr'>prins</span> <span class='ocrx_word' id='word_1_73' title='bbox 364 870 440 919; x_wconf 79' lang='lat' dir='ltr'>debuit</span> <span class='ocrx_word' id='word_1_74' title='bbox 458 869 601 919; x_wconf 80' lang='lat' dir='ltr'>manifestari</span> <span class='ocrx_word' id='word_1_75' title='bbox 623 869 711 919; x_wconf 77' lang='lat' dir='ltr'>Christi</span> <span class='ocrx_word' id='word_1_76' title='bbox 731 871 836 919; x_wconf 71' lang='lat' dir='ltr'>nativitas</span> <span class='ocrx_word' id='word_1_77' title='bbox 855 884 892 930; x_wconf 48' lang='lat' dir='ltr'>ns·</span> 
     </span>
     <span class='ocr_line' id='line_1_11' title="bbox 139 944 367 1006; baseline 0.009 -17"><span class='ocrx_word' id='word_1_78' title='bbox 139 956 207 1005; x_wconf 89' lang='lat' dir='ltr'>quarn</span> <span class='ocrx_word' id='word_1_79' title='bbox 228 944 367 1006; x_wconf 78' lang='lat' dir='ltr'>pastoribus.</span> 
     </span>
    </p>

    <p class='ocr_par' dir='ltr' id='par_1_4' title="bbox 141 1010 897 1492">
     <span class='ocr_line' id='line_1_12' title="bbox 172 1010 889 1075; baseline 0.003 -14"><span class='ocrx_word' id='word_1_80' title='bbox 172 1018 196 1062; x_wconf 81' lang='lat'>3.</span> <span class='ocrx_word' id='word_1_81' title='bbox 217 1016 344 1075; x_wconf 70' lang='lat' dir='ltr'>Praeterea,</span> <span class='ocrx_word' id='word_1_82' title='bbox 360 1012 464 1071; x_wconf 73' lang='lat' dir='ltr'>Morta,</span> <span class='ocrx_word' id='word_1_83' title='bbox 485 1013 520 1071; x_wconf 86' lang='lat' dir='ltr'>tl,</span> <span class='ocrx_word' id='word_1_84' title='bbox 534 1010 618 1061; x_wconf 86' lang='lat' dir='ltr'>dieitur</span> <span class='ocrx_word' id='word_1_85' title='bbox 638 1012 701 1074; x_wconf 81' lang='lat' dir='ltr'>(prod</span> <span class='ocrx_word' id='word_1_86' title='bbox 718 1013 843 1063; x_wconf 76' lang='lat' dir='ltr'>ollerorles</span> <span class='ocrx_word' id='word_1_87' title='bbox 860 1028 889 1062; x_wconf 64' lang='lat' dir='ltr'>tv·</span> 
     </span>
     <span class='ocr_line' id='line_1_13' title="bbox 143 1083 896 1149; baseline -0.007 -14"><span class='ocrx_word' id='word_1_88' title='bbox 143 1098 223 1135; x_wconf 88' lang='lat' dir='ltr'>omnes</span> <span class='ocrx_word' id='word_1_89' title='bbox 241 1099 324 1149; x_wconf 86' lang='lat' dir='ltr'>pueros</span> <span class='ocrx_word' id='word_1_90' title='bbox 344 1085 383 1148; x_wconf 89' lang='lat' dir='ltr'>qui</span> <span class='ocrx_word' id='word_1_91' title='bbox 396 1088 460 1133; x_wconf 90' lang='lat' dir='ltr'>erant</span> <span class='ocrx_word' id='word_1_92' title='bbox 472 1084 497 1133; x_wconf 90' lang='lat' dir='ltr'>in</span> <span class='ocrx_word' id='word_1_93' title='bbox 513 1083 647 1132; x_wconf 74' lang='lat' dir='ltr'>Bethlehem</span> <span class='ocrx_word' id='word_1_94' title='bbox 661 1087 686 1132; x_wconf 81' lang='lat' dir='ltr'>et</span> <span class='ocrx_word' id='word_1_95' title='bbox 703 1083 728 1132; x_wconf 91' lang='lat' dir='ltr'>in</span> <span class='ocrx_word' id='word_1_96' title='bbox 744 1086 848 1133; x_wconf 86' lang='lat' dir='ltr'>omnibns</span> <span class='ocrx_word' id='word_1_97' title='bbox 863 1087 896 1133; x_wconf 59' lang='lat' dir='ltr'>tr:</span> 
     </span>
     <span class='ocr_line' id='line_1_14' title="bbox 141 1154 895 1220; baseline -0.005 -15"><span class='ocrx_word' id='word_1_98' title='bbox 141 1157 210 1220; x_wconf 86' lang='lat' dir='ltr'>ejus,</span> <span class='ocrx_word' id='word_1_99' title='bbox 224 1156 236 1204; x_wconf 82' lang='lat' dir='ltr'>a</span> <span class='ocrx_word' id='word_1_100' title='bbox 251 1158 336 1205; x_wconf 85' lang='lat' dir='ltr'>bimatu</span> <span class='ocrx_word' id='word_1_101' title='bbox 349 1161 372 1205; x_wconf 90' lang='lat' dir='ltr'>et</span> <span class='ocrx_word' id='word_1_102' title='bbox 385 1155 461 1215; x_wconf 80' lang='lat' dir='ltr'>intra,</span> <span class='ocrx_word' id='word_1_103' title='bbox 477 1154 602 1204; x_wconf 86' lang='lat' dir='ltr'>secundirm</span> <span class='ocrx_word' id='word_1_104' title='bbox 620 1159 715 1217; x_wconf 87' lang='lat' dir='ltr'>tempus</span> <span class='ocrx_word' id='word_1_105' title='bbox 733 1158 796 1217; x_wconf 81' lang='lat' dir='ltr'>quod</span> <span class='ocrx_word' id='word_1_106' title='bbox 812 1156 895 1217; x_wconf 43' lang='lat' dir='ltr'>exonie·</span> 
     </span>
     <span class='ocr_line' id='line_1_15' title="bbox 142 1226 886 1291; baseline -0.001 -16"><span class='ocrx_word' id='word_1_107' title='bbox 142 1226 154 1275; x_wconf 81' lang='lat' dir='ltr'>a</span> <span class='ocrx_word' id='word_1_108' title='bbox 173 1228 257 1290; x_wconf 71' lang='lat' dir='ltr'>mogis3</span> <span class='ocrx_word' id='word_1_109' title='bbox 271 1245 285 1274; x_wconf 88' lang='lat' dir='ltr'>o</span> <span class='ocrx_word' id='word_1_110' title='bbox 306 1233 329 1277; x_wconf 86' lang='lat' dir='ltr'>et</span> <span class='ocrx_word' id='word_1_111' title='bbox 347 1227 380 1276; x_wconf 88' lang='lat' dir='ltr'>sic</span> <span class='ocrx_word' id='word_1_112' title='bbox 394 1227 483 1276; x_wconf 82' lang='lat' dir='ltr'>ridetur</span> <span class='ocrx_word' id='word_1_113' title='bbox 496 1226 557 1289; x_wconf 82' lang='lat' dir='ltr'>quod</span> <span class='ocrx_word' id='word_1_114' title='bbox 575 1239 616 1289; x_wconf 90' lang='lat' dir='ltr'>per</span> <span class='ocrx_word' id='word_1_115' title='bbox 630 1227 688 1275; x_wconf 88' lang='lat' dir='ltr'>duos</span> <span class='ocrx_word' id='word_1_116' title='bbox 702 1239 779 1275; x_wconf 89' lang='lat' dir='ltr'>annos</span> <span class='ocrx_word' id='word_1_117' title='bbox 798 1232 848 1291; x_wconf 77' lang='lat' dir='ltr'>post</span> <span class='ocrx_word' id='word_1_118' title='bbox 861 1229 886 1274; x_wconf 65' lang='lat' dir='ltr'>C*</span> 
     </span>
     <span class='ocr_line' id='line_1_16' title="bbox 142 1298 897 1361; baseline -0.008 -14"><span class='ocrx_word' id='word_1_119' title='bbox 142 1300 283 1347; x_wconf 66' lang='lat' dir='ltr'>nativitatem</span> <span class='ocrx_word' id='word_1_120' title='bbox 306 1299 366 1361; x_wconf 85' lang='lat' dir='ltr'>magi</span> <span class='ocrx_word' id='word_1_121' title='bbox 388 1298 416 1347; x_wconf 88' lang='lat' dir='ltr'>ad</span> <span class='ocrx_word' id='word_1_122' title='bbox 442 1299 557 1348; x_wconf 84' lang='lat' dir='ltr'>Christum</span> <span class='ocrx_word' id='word_1_123' title='bbox 579 1298 738 1360; x_wconf 81' lang='lat' dir='ltr'>pervenerint.</span> <span class='ocrx_word' id='word_1_124' title='bbox 764 1300 897 1347; x_wconf 61' lang='lat' dir='ltr'>lummene.</span> 
     </span>
     <span class='ocr_line' id='line_1_17' title="bbox 142 1369 884 1434; baseline -0.007 -14"><span class='ocrx_word' id='word_1_125' title='bbox 142 1370 212 1434; x_wconf 79' lang='lat' dir='ltr'>igitur</span> <span class='ocrx_word' id='word_1_126' title='bbox 234 1378 287 1433; x_wconf 88' lang='lat' dir='ltr'>post</span> <span class='ocrx_word' id='word_1_127' title='bbox 310 1376 397 1419; x_wconf 89' lang='lat' dir='ltr'>lantum</span> <span class='ocrx_word' id='word_1_128' title='bbox 414 1374 505 1433; x_wconf 83' lang='lat' dir='ltr'>tempus</span> <span class='ocrx_word' id='word_1_129' title='bbox 526 1370 570 1417; x_wconf 86' lang='lat' dir='ltr'>tuit</span> <span class='ocrx_word' id='word_1_130' title='bbox 582 1369 714 1418; x_wconf 83' lang='lat' dir='ltr'>Gentilibus</span> <span class='ocrx_word' id='word_1_131' title='bbox 731 1370 822 1419; x_wconf 76' lang='lat' dir='ltr'>(bristi</span> <span class='ocrx_word' id='word_1_132' title='bbox 842 1380 884 1418; x_wconf 72' lang='lat' dir='ltr'>nst</span> 
     </span>
     <span class='ocr_line' id='line_1_18' title="bbox 142 1443 296 1492; baseline 0.006 -1"><span class='ocrx_word' id='word_1_133' title='bbox 142 1443 296 1492; x_wconf 78' lang='lat' dir='ltr'>manifestata.</span> 
     </span>
    </p>

    <p class='ocr_par' dir='ltr' id='par_1_5' title="bbox 63 1513 895 1719">
     <span class='ocr_line' id='line_1_19' title="bbox 175 1513 895 1576; baseline -0.01 -12"><span class='ocrx_word' id='word_1_134' title='bbox 175 1516 220 1564; x_wconf 87' lang='lat' dir='ltr'>Sed</span> <span class='ocrx_word' id='word_1_135' title='bbox 235 1519 312 1563; x_wconf 84' lang='lat' dir='ltr'>contra</span> <span class='ocrx_word' id='word_1_136' title='bbox 330 1518 373 1576; x_wconf 90' lang='lat' dir='ltr'>est,</span> <span class='ocrx_word' id='word_1_137' title='bbox 391 1514 452 1575; x_wconf 85' lang='lat' dir='ltr'>qubd</span> <span class='ocrx_word' id='word_1_138' title='bbox 466 1513 549 1562; x_wconf 85' lang='lat' dir='ltr'>dieitur</span> <span class='ocrx_word' id='word_1_139' title='bbox 570 1513 677 1570; x_wconf 84' lang='lat' dir='ltr'>Boo.‚ll</span> <span class='ocrx_word' id='word_1_140' title='bbox 691 1528 698 1560; x_wconf 92' lang='lat'><strong>:</strong></span> <span class='ocrx_word' id='word_1_141' title='bbox 710 1530 725 1558; x_wconf 81' lang='lat'>«</span> <span class='ocrx_word' id='word_1_142' title='bbox 742 1514 797 1575; x_wconf 85' lang='lat' dir='ltr'>lpse</span> <span class='ocrx_word' id='word_1_143' title='bbox 813 1520 895 1561; x_wconf 55' lang='lat' dir='ltr'>mutet&amp;</span> 
     </span>
     <span class='ocr_line' id='line_1_20' title="bbox 143 1584 890 1651; baseline -0.009 -17"><span class='ocrx_word' id='word_1_144' title='bbox 143 1600 199 1651; x_wconf 90' lang='lat' dir='ltr'>pora</span> <span class='ocrx_word' id='word_1_145' title='bbox 215 1591 237 1636; x_wconf 88' lang='lat' dir='ltr'>et</span> <span class='ocrx_word' id='word_1_146' title='bbox 259 1590 346 1635; x_wconf 75' lang='lat' dir='ltr'>elates.</span> <span class='ocrx_word' id='word_1_147' title='bbox 362 1602 376 1632; x_wconf 82' lang='lat' dir='ltr'>n</span> <span class='ocrx_word' id='word_1_148' title='bbox 393 1587 421 1633; x_wconf 87' lang='lat' dir='ltr'>Et</span> <span class='ocrx_word' id='word_1_149' title='bbox 440 1585 472 1635; x_wconf 93' lang='lat' dir='ltr'>ita</span> <span class='ocrx_word' id='word_1_150' title='bbox 492 1591 583 1647; x_wconf 88' lang='lat' dir='ltr'>tempus</span> <span class='ocrx_word' id='word_1_151' title='bbox 604 1584 805 1634; x_wconf 75' lang='lat' dir='ltr'>manifestationis</span> <span class='ocrx_word' id='word_1_152' title='bbox 827 1590 890 1633; x_wconf 78' lang='lat' dir='ltr'>natu.</span> 
     </span>
     <span class='ocr_line' id='line_1_21' title="bbox 63 1646 750 1719; baseline -0.003 -12"><span class='ocrx_word' id='word_1_153' title='bbox 63 1646 73 1667; x_wconf 89' lang='lat'><em>&#39;</em></span> <span class='ocrx_word' id='word_1_154' title='bbox 144 1658 227 1707; x_wconf 88' lang='lat' dir='ltr'>Christi</span> <span class='ocrx_word' id='word_1_155' title='bbox 239 1658 328 1706; x_wconf 83' lang='lat' dir='ltr'>videtur</span> <span class='ocrx_word' id='word_1_156' title='bbox 338 1671 437 1719; x_wconf 68' lang='lat' dir='ltr'>congruo</span> <span class='ocrx_word' id='word_1_157' title='bbox 449 1656 527 1706; x_wconf 85' lang='lat' dir='ltr'>ordine</span> <span class='ocrx_word' id='word_1_158' title='bbox 540 1668 591 1705; x_wconf 88' lang='lat' dir='ltr'>esse</span> <span class='ocrx_word' id='word_1_159' title='bbox 602 1655 750 1717; x_wconf 82' lang='lat' dir='ltr'>dispositum.</span> 
     </span>
    </p>

    <p class='ocr_par' dir='ltr' id='par_1_6' title="bbox 144 1726 900 2004">
     <span class='ocr_line' id='line_1_22' title="bbox 179 1726 894 1790; baseline -0.003 -13"><span class='ocrx_word' id='word_1_160' title='bbox 179 1730 337 1790; x_wconf 76' lang='lat' dir='ltr'>(Coscrusro.</span> <span class='ocrx_word' id='word_1_161' title='bbox 351 1754 382 1763; x_wconf 91' lang='lat'>—</span> <span class='ocrx_word' id='word_1_162' title='bbox 400 1726 620 1777; x_wconf 68' lang='lat' dir='ltr'>Corinenientissimo</span> <span class='ocrx_word' id='word_1_163' title='bbox 640 1726 685 1774; x_wconf 85' lang='lat' dir='ltr'>luit</span> <span class='ocrx_word' id='word_1_164' title='bbox 705 1728 855 1776; x_wconf 73' lang='lat' dir='ltr'>manifestata</span> <span class='ocrx_word' id='word_1_165' title='bbox 874 1738 894 1771; x_wconf 71' lang='lat' dir='ltr'>r·</span> 
     </span>
     <span class='ocr_line' id='line_1_23' title="bbox 144 1797 887 1861; baseline -0.007 -13"><span class='ocrx_word' id='word_1_166' title='bbox 144 1799 269 1849; x_wconf 73' lang='lat' dir='ltr'>Salomonis</span> <span class='ocrx_word' id='word_1_167' title='bbox 284 1800 355 1849; x_wconf 89' lang='lat' dir='ltr'>nostri</span> <span class='ocrx_word' id='word_1_168' title='bbox 374 1800 497 1861; x_wconf 77' lang='lat' dir='ltr'>nativitas,</span> <span class='ocrx_word' id='word_1_169' title='bbox 509 1803 535 1846; x_wconf 93' lang='lat' dir='ltr'>ut</span> <span class='ocrx_word' id='word_1_170' title='bbox 548 1798 598 1861; x_wconf 88' lang='lat' dir='ltr'>ipso</span> <span class='ocrx_word' id='word_1_171' title='bbox 615 1797 652 1846; x_wconf 88' lang='lat' dir='ltr'>die</span> <span class='ocrx_word' id='word_1_172' title='bbox 670 1798 804 1848; x_wconf 81' lang='lat' dir='ltr'>nativitatis</span> <span class='ocrx_word' id='word_1_173' title='bbox 818 1804 887 1861; x_wconf 70' lang='lat' dir='ltr'>past?-</span> 
     </span>
     <span class='ocr_line' id='line_1_24' title="bbox 146 1870 900 1933; baseline -0.009 -13"><span class='ocrx_word' id='word_1_174' title='bbox 146 1871 301 1920; x_wconf 79' lang='lat' dir='ltr'>deeimotertio</span> <span class='ocrx_word' id='word_1_175' title='bbox 319 1886 374 1921; x_wconf 87' lang='lat' dir='ltr'>vero</span> <span class='ocrx_word' id='word_1_176' title='bbox 389 1870 425 1920; x_wconf 84' lang='lat' dir='ltr'>dile</span> <span class='ocrx_word' id='word_1_177' title='bbox 441 1870 528 1933; x_wconf 78' lang='lat' dir='ltr'>magis,</span> <span class='ocrx_word' id='word_1_178' title='bbox 542 1870 717 1932; x_wconf 82' lang='lat' dir='ltr'>quadragesimo</span> <span class='ocrx_word' id='word_1_179' title='bbox 738 1871 798 1921; x_wconf 77' lang='lat' dir='ltr'>verb</span> <span class='ocrx_word' id='word_1_180' title='bbox 818 1872 900 1919; x_wconf 59' lang='lat' dir='ltr'>Sine.</span> 
     </span>
     <span class='ocr_line' id='line_1_25' title="bbox 145 1943 455 2004; baseline -0.013 -10"><span class='ocrx_word' id='word_1_181' title='bbox 145 1946 218 1994; x_wconf 74' lang='lat' dir='ltr'>Annae</span> <span class='ocrx_word' id='word_1_182' title='bbox 240 1943 455 2004; x_wconf 74' lang='lat' dir='ltr'>manifestaretur.)</span> 
     </span>
    </p>

    <p class='ocr_par' dir='ltr' id='par_1_7' title="bbox 145 2011 904 3001">
     <span class='ocr_line' id='line_1_26' title="bbox 177 2011 889 2078; baseline -0.006 -13"><span class='ocrx_word' id='word_1_183' title='bbox 177 2017 315 2078; x_wconf 79' lang='lat' dir='ltr'>nesponueo</span> <span class='ocrx_word' id='word_1_184' title='bbox 325 2014 455 2072; x_wconf 83' lang='lat' dir='ltr'>dicendum,</span> <span class='ocrx_word' id='word_1_185' title='bbox 466 2011 525 2075; x_wconf 83' lang='lat' dir='ltr'>qubd</span> <span class='ocrx_word' id='word_1_186' title='bbox 539 2011 623 2063; x_wconf 86' lang='lat' dir='ltr'>Christi</span> <span class='ocrx_word' id='word_1_187' title='bbox 633 2011 755 2074; x_wconf 81' lang='lat' dir='ltr'>nativitas,</span> <span class='ocrx_word' id='word_1_188' title='bbox 765 2012 844 2075; x_wconf 87' lang='lat' dir='ltr'>primb</span> <span class='ocrx_word' id='word_1_189' title='bbox 857 2026 889 2071; x_wconf 65' lang='lat' dir='ltr'>uf.</span> 
     </span>
     <span class='ocr_line' id='line_1_27' title="bbox 147 2083 885 2149; baseline -0.011 -14"><span class='ocrx_word' id='word_1_190' title='bbox 147 2087 292 2136; x_wconf 78' lang='lat' dir='ltr'>manifestata</span> <span class='ocrx_word' id='word_1_191' title='bbox 312 2089 348 2135; x_wconf 86' lang='lat' dir='ltr'>est</span> <span class='ocrx_word' id='word_1_192' title='bbox 367 2085 496 2149; x_wconf 85' lang='lat' dir='ltr'>pastoribus</span> <span class='ocrx_word' id='word_1_193' title='bbox 516 2083 567 2147; x_wconf 89' lang='lat' dir='ltr'>ipso</span> <span class='ocrx_word' id='word_1_194' title='bbox 588 2083 626 2132; x_wconf 87' lang='lat' dir='ltr'>rlie</span> <span class='ocrx_word' id='word_1_195' title='bbox 646 2084 782 2133; x_wconf 81' lang='lat' dir='ltr'>nativitatis</span> <span class='ocrx_word' id='word_1_196' title='bbox 813 2086 885 2133; x_wconf 68' lang='lat' dir='ltr'>Cbrs:</span> 
     </span>
     <span class='ocr_line' id='line_1_28' title="bbox 146 2156 889 2217; baseline -0.011 -10"><span class='ocrx_word' id='word_1_197' title='bbox 146 2160 208 2207; x_wconf 87' lang='lat' dir='ltr'>enim</span> <span class='ocrx_word' id='word_1_198' title='bbox 227 2158 310 2207; x_wconf 80' lang='lat' dir='ltr'>dieitur</span> <span class='ocrx_word' id='word_1_199' title='bbox 328 2158 397 2213; x_wconf 76' lang='lat' dir='ltr'>Lae,</span> <span class='ocrx_word' id='word_1_200' title='bbox 419 2158 439 2205; x_wconf 91' lang='lat' dir='ltr'>ll</span> <span class='ocrx_word' id='word_1_201' title='bbox 458 2169 465 2205; x_wconf 76' lang='lat' dir='ltr'>a</span> <span class='ocrx_word' id='word_1_202' title='bbox 482 2172 496 2202; x_wconf 81' lang='lat' dir='ltr'>u</span> <span class='ocrx_word' id='word_1_203' title='bbox 509 2157 616 2205; x_wconf 75' lang='lat' dir='ltr'>pastores</span> <span class='ocrx_word' id='word_1_204' title='bbox 633 2160 700 2204; x_wconf 88' lang='lat' dir='ltr'>erant</span> <span class='ocrx_word' id='word_1_205' title='bbox 718 2156 744 2205; x_wconf 92' lang='lat' dir='ltr'>in</span> <span class='ocrx_word' id='word_1_206' title='bbox 766 2158 866 2217; x_wconf 72' lang='lat' dir='ltr'>regione</span> <span class='ocrx_word' id='word_1_207' title='bbox 881 2180 889 2199; x_wconf 54' lang='grc' dir='ltr'><strong>ς</strong></span> 
     </span>
     <span class='ocr_line' id='line_1_29' title="bbox 145 2227 892 2291; baseline -0.007 -14"><span class='ocrx_word' id='word_1_208' title='bbox 145 2230 269 2291; x_wconf 71' lang='lat' dir='ltr'>vigilantes</span> <span class='ocrx_word' id='word_1_209' title='bbox 283 2233 306 2279; x_wconf 91' lang='lat' dir='ltr'>et</span> <span class='ocrx_word' id='word_1_210' title='bbox 319 2229 473 2278; x_wconf 80' lang='lat' dir='ltr'>custodientes</span> <span class='ocrx_word' id='word_1_211' title='bbox 486 2228 576 2289; x_wconf 82' lang='lat' dir='ltr'>vigilias</span> <span class='ocrx_word' id='word_1_212' title='bbox 590 2227 664 2276; x_wconf 90' lang='lat' dir='ltr'>noetis</span> <span class='ocrx_word' id='word_1_213' title='bbox 687 2242 759 2291; x_wconf 83' lang='lat' dir='ltr'>snper</span> <span class='ocrx_word' id='word_1_214' title='bbox 774 2242 870 2291; x_wconf 71' lang='lat' dir='ltr'>gregem</span> <span class='ocrx_word' id='word_1_215' title='bbox 884 2240 892 2272; x_wconf 78' lang='lat' dir='ltr'>s</span> 
     </span>
     <span class='ocr_line' id='line_1_30' title="bbox 149 2298 884 2362; baseline -0.011 -12"><span class='ocrx_word' id='word_1_216' title='bbox 149 2304 173 2351; x_wconf 88' lang='lat' dir='ltr'>et</span> <span class='ocrx_word' id='word_1_217' title='bbox 194 2305 220 2349; x_wconf 92' lang='lat' dir='ltr'>ut</span> <span class='ocrx_word' id='word_1_218' title='bbox 234 2301 390 2349; x_wconf 85' lang='lat' dir='ltr'>discesserunt</span> <span class='ocrx_word' id='word_1_219' title='bbox 408 2300 436 2349; x_wconf 92' lang='lat' dir='ltr'>ab</span> <span class='ocrx_word' id='word_1_220' title='bbox 452 2300 487 2350; x_wconf 87' lang='lat' dir='ltr'>eis</span> <span class='ocrx_word' id='word_1_221' title='bbox 507 2298 588 2361; x_wconf 70' lang='lat' dir='ltr'>angeli</span> <span class='ocrx_word' id='word_1_222' title='bbox 601 2298 624 2346; x_wconf 93' lang='lat' dir='ltr'>in</span> <span class='ocrx_word' id='word_1_223' title='bbox 643 2300 743 2359; x_wconf 75' lang='lat' dir='ltr'>eoelum,</span> <span class='ocrx_word' id='word_1_224' title='bbox 758 2300 884 2362; x_wconf 69' lang='lat' dir='ltr'>loquebm:</span> 
     </span>
     <span class='ocr_line' id='line_1_31' title="bbox 145 2370 900 2433; baseline -0.011 -12"><span class='ocrx_word' id='word_1_225' title='bbox 145 2372 246 2421; x_wconf 77' lang='lat' dir='ltr'>invicem</span> <span class='ocrx_word' id='word_1_226' title='bbox 264 2388 269 2419; x_wconf 90' lang='lat'>:</span> <span class='ocrx_word' id='word_1_227' title='bbox 289 2374 440 2421; x_wconf 85' lang='lat' dir='ltr'>Transeamus</span> <span class='ocrx_word' id='word_1_228' title='bbox 457 2384 530 2433; x_wconf 87' lang='lat' dir='ltr'>usque</span> <span class='ocrx_word' id='word_1_229' title='bbox 551 2370 702 2431; x_wconf 89' lang='lat' dir='ltr'>Bethlehem,</span> <span class='ocrx_word' id='word_1_230' title='bbox 717 2376 742 2420; x_wconf 87' lang='lat' dir='ltr'>et</span> <span class='ocrx_word' id='word_1_231' title='bbox 758 2374 874 2419; x_wconf 75' lang='lat' dir='ltr'>venerunt</span> <span class='ocrx_word' id='word_1_232' title='bbox 896 2380 900 2387; x_wconf 74' lang='grc'><em>’</em></span> 
     </span>
     <span class='ocr_line' id='line_1_32' title="bbox 149 2441 882 2505; baseline -0.005 -14"><span class='ocrx_word' id='word_1_233' title='bbox 149 2449 242 2492; x_wconf 86' lang='lat' dir='ltr'>nantes.</span> <span class='ocrx_word' id='word_1_234' title='bbox 258 2462 271 2489; x_wconf 78' lang='lat' dir='ltr'>o</span> <span class='ocrx_word' id='word_1_235' title='bbox 292 2443 398 2493; x_wconf 77' lang='lat' dir='ltr'>Secundo</span> <span class='ocrx_word' id='word_1_236' title='bbox 421 2447 511 2503; x_wconf 82' lang='lat' dir='ltr'>aulem,</span> <span class='ocrx_word' id='word_1_237' title='bbox 527 2441 587 2504; x_wconf 81' lang='lat' dir='ltr'>magi</span> <span class='ocrx_word' id='word_1_238' title='bbox 605 2448 765 2505; x_wconf 79' lang='lat' dir='ltr'>peruenerunt</span> <span class='ocrx_word' id='word_1_239' title='bbox 787 2444 819 2490; x_wconf 87' lang='lat' dir='ltr'>ad</span> <span class='ocrx_word' id='word_1_240' title='bbox 838 2443 882 2490; x_wconf 73' lang='lat' dir='ltr'>Cir:</span> 
     </span>
     <span class='ocr_line' id='line_1_33' title="bbox 148 2514 883 2576; baseline -0.003 -13"><span class='ocrx_word' id='word_1_241' title='bbox 148 2514 308 2563; x_wconf 84' lang='lat' dir='ltr'>tertiodecimo</span> <span class='ocrx_word' id='word_1_242' title='bbox 325 2516 361 2563; x_wconf 85' lang='lat' dir='ltr'>die</span> <span class='ocrx_word' id='word_1_243' title='bbox 378 2514 505 2562; x_wconf 84' lang='lat' dir='ltr'>nativitatis</span> <span class='ocrx_word' id='word_1_244' title='bbox 522 2514 586 2576; x_wconf 75' lang='lat' dir='ltr'>ejus,</span> <span class='ocrx_word' id='word_1_245' title='bbox 606 2526 651 2575; x_wconf 82' lang='lat' dir='ltr'>quo</span> <span class='ocrx_word' id='word_1_246' title='bbox 664 2514 703 2562; x_wconf 86' lang='lat' dir='ltr'>rlie</span> <span class='ocrx_word' id='word_1_247' title='bbox 726 2514 817 2562; x_wconf 81' lang='lat' dir='ltr'>testum</span> <span class='ocrx_word' id='word_1_248' title='bbox 833 2514 883 2573; x_wconf 63' lang='lat' dir='ltr'>hp„</span> 
     </span>
     <span class='ocr_line' id='line_1_34' title="bbox 150 2584 884 2641; baseline -0.01 -7"><span class='ocrx_word' id='word_1_249' title='bbox 150 2586 283 2635; x_wconf 80' lang='lat' dir='ltr'>celebratur.</span> <span class='ocrx_word' id='word_1_250' title='bbox 307 2585 332 2633; x_wconf 85' lang='lat' dir='ltr'>Si</span> <span class='ocrx_word' id='word_1_251' title='bbox 346 2590 421 2633; x_wconf 85' lang='lat' dir='ltr'>autem</span> <span class='ocrx_word' id='word_1_252' title='bbox 435 2584 538 2634; x_wconf 84' lang='lat' dir='ltr'>revoluto</span> <span class='ocrx_word' id='word_1_253' title='bbox 552 2597 628 2641; x_wconf 86' lang='lat' dir='ltr'>anno,</span> <span class='ocrx_word' id='word_1_254' title='bbox 644 2584 681 2632; x_wconf 86' lang='lat' dir='ltr'>rel</span> <span class='ocrx_word' id='word_1_255' title='bbox 702 2585 774 2633; x_wconf 87' lang='lat' dir='ltr'>etiarn</span> <span class='ocrx_word' id='word_1_256' title='bbox 792 2586 884 2633; x_wconf 65' lang='lat' dir='ltr'>duobus</span> 
     </span>
     <span class='ocr_line' id='line_1_35' title="bbox 147 2655 878 2716; baseline 0 -15"><span class='ocrx_word' id='word_1_257' title='bbox 147 2655 282 2714; x_wconf 76' lang='lat' dir='ltr'>venissent,</span> <span class='ocrx_word' id='word_1_258' title='bbox 299 2668 343 2705; x_wconf 90' lang='lat' dir='ltr'>non</span> <span class='ocrx_word' id='word_1_259' title='bbox 358 2655 503 2704; x_wconf 81' lang='lat' dir='ltr'>invenissent</span> <span class='ocrx_word' id='word_1_260' title='bbox 519 2669 571 2704; x_wconf 88' lang='lat' dir='ltr'>eum</span> <span class='ocrx_word' id='word_1_261' title='bbox 585 2656 610 2703; x_wconf 88' lang='lat' dir='ltr'>in</span> <span class='ocrx_word' id='word_1_262' title='bbox 620 2656 769 2716; x_wconf 84' lang='lat' dir='ltr'>Bethlehem,</span> <span class='ocrx_word' id='word_1_263' title='bbox 785 2670 845 2703; x_wconf 85' lang='lat' dir='ltr'>enm</span> <span class='ocrx_word' id='word_1_264' title='bbox 855 2668 878 2701; x_wconf 74' lang='lat' dir='ltr'>sc</span> 
     </span>
     <span class='ocr_line' id='line_1_36' title="bbox 147 2725 879 2789; baseline 0 -17"><span class='ocrx_word' id='word_1_265' title='bbox 147 2725 180 2771; x_wconf 88' lang='lat' dir='ltr'>sit</span> <span class='ocrx_word' id='word_1_266' title='bbox 200 2727 271 2780; x_wconf 71' lang='lat' dir='ltr'>Luc..</span> <span class='ocrx_word' id='word_1_267' title='bbox 289 2727 324 2786; x_wconf 93' lang='lat' dir='ltr'>ll,</span> <span class='ocrx_word' id='word_1_268' title='bbox 343 2725 403 2787; x_wconf 87' lang='lat' dir='ltr'>qubd</span> <span class='ocrx_word' id='word_1_269' title='bbox 419 2730 566 2789; x_wconf 75' lang='lat' dir='ltr'>«postquam</span> <span class='ocrx_word' id='word_1_270' title='bbox 581 2726 727 2789; x_wconf 75' lang='lat' dir='ltr'>perfecerunt</span> <span class='ocrx_word' id='word_1_271' title='bbox 742 2727 826 2777; x_wconf 86' lang='lat' dir='ltr'>omnia</span> <span class='ocrx_word' id='word_1_272' title='bbox 841 2738 879 2773; x_wconf 72' lang='lat' dir='ltr'>sa·</span> 
     </span>
     <span class='ocr_line' id='line_1_37' title="bbox 148 2794 893 2859; baseline 0.003 -20"><span class='ocrx_word' id='word_1_273' title='bbox 148 2794 225 2854; x_wconf 86' lang='lat' dir='ltr'>legem</span> <span class='ocrx_word' id='word_1_274' title='bbox 241 2797 329 2845; x_wconf 89' lang='lat' dir='ltr'>Bomini</span> <span class='ocrx_word' id='word_1_275' title='bbox 340 2796 471 2857; x_wconf 80' lang='lat' dir='ltr'>(offerentes</span> <span class='ocrx_word' id='word_1_276' title='bbox 484 2796 572 2846; x_wconf 87' lang='lat' dir='ltr'>scilicet</span> <span class='ocrx_word' id='word_1_277' title='bbox 583 2810 679 2859; x_wconf 89' lang='lat' dir='ltr'>puerum</span> <span class='ocrx_word' id='word_1_278' title='bbox 693 2798 774 2845; x_wconf 87' lang='lat' dir='ltr'>lesum</span> <span class='ocrx_word' id='word_1_279' title='bbox 793 2799 820 2845; x_wconf 91' lang='lat' dir='ltr'>in</span> <span class='ocrx_word' id='word_1_280' title='bbox 835 2801 893 2853; x_wconf 44' lang='lat' dir='ltr'>ten*⁸</span> 
     </span>
     <span class='ocr_line' id='line_1_38' title="bbox 150 2864 904 2926; baseline 0.007 -18"><span class='ocrx_word' id='word_1_281' title='bbox 150 2864 239 2913; x_wconf 76' lang='lat' dir='ltr'>reversi</span> <span class='ocrx_word' id='word_1_282' title='bbox 258 2866 350 2914; x_wconf 88' lang='lat' dir='ltr'>suntin</span> <span class='ocrx_word' id='word_1_283' title='bbox 368 2865 495 2926; x_wconf 80' lang='lat' dir='ltr'>Galllaeam,</span> <span class='ocrx_word' id='word_1_284' title='bbox 506 2865 623 2915; x_wconf 79' lang='lat' dir='ltr'>civitatem</span> <span class='ocrx_word' id='word_1_285' title='bbox 639 2880 707 2915; x_wconf 90' lang='lat' dir='ltr'>suam</span> <span class='ocrx_word' id='word_1_286' title='bbox 722 2869 854 2915; x_wconf 81' lang='lat' dir='ltr'>Nazareth.</span> <span class='ocrx_word' id='word_1_287' title='bbox 869 2882 882 2907; x_wconf 72' lang='lat' dir='ltr'>n</span> <span class='ocrx_word' id='word_1_288' title='bbox 900 2897 904 2906; x_wconf 82' lang='grc'>-</span> 
     </span>
     <span class='ocr_line' id='line_1_39' title="bbox 153 2936 892 3001; baseline 0.004 -22"><span class='ocrx_word' id='word_1_289' title='bbox 153 2937 240 2995; x_wconf 86' lang='lat' dir='ltr'>autem,</span> <span class='ocrx_word' id='word_1_290' title='bbox 256 2936 402 2983; x_wconf 77' lang='lat' dir='ltr'>manifestata</span> <span class='ocrx_word' id='word_1_291' title='bbox 415 2941 452 2984; x_wconf 89' lang='lat' dir='ltr'>est</span> <span class='ocrx_word' id='word_1_292' title='bbox 462 2937 536 2997; x_wconf 87' lang='lat' dir='ltr'>justis</span> <span class='ocrx_word' id='word_1_293' title='bbox 552 2937 577 2985; x_wconf 94' lang='lat' dir='ltr'>in</span> <span class='ocrx_word' id='word_1_294' title='bbox 590 2938 690 2999; x_wconf 87' lang='lat' dir='ltr'>templo,</span> <span class='ocrx_word' id='word_1_295' title='bbox 705 2938 892 3001; x_wconf 58' lang='lat' dir='ltr'>quadragesim:</span> 
     </span>
    </p>
   </div>
   <div class='ocr_carea' id='block_1_3' title="bbox 0 0 983 3317">
    <p class='ocr_par' dir='ltr' id='par_1_8' title="bbox 0 0 983 3317">
     <span class='ocr_line' id='line_1_40' title="bbox 0 0 983 3317; baseline 0 0"><span class='ocrx_word' id='word_1_296' title='bbox 0 0 983 3317; x_wconf 95' lang='lat' dir='ltr'> </span> 
     </span>
    </p>
   </div>
  </div>
 </body>
</html>
