1917 3317
127 101 174 150 lta
214 110 830 162 omurnasnouuo1‚nn1sr.remvr,nr.rn

162 190 316 252 (Concurrere.
330 215 361 224 -
375 187 531 240 Necessarium
551 191 630 239 estut
647 186 788 252 quicumque
805 185 909 251 religionis

126 260 289 326 perfectionem
305 257 449 322 profitentur,
463 261 518 310 uolo
527 259 627 322 obligent
642 273 668 312 ee
680 260 710 310 ad
722 265 853 325 perpetuam
864 259 908 310 uie·

126 331 247 388 orontium,
262 330 422 380 continentiam
436 333 504 394 atque
517 330 695 394 paupertatem.)

157 402 291 466 Respondeo
312 401 444 460 dicendum,
466 401 526 465 qudd
550 403 578 452 ad
595 402 714 466 religiosos
737 404 837 468 pertinet
860 401 909 468 quil

127 472 204 524 sintin
216 477 275 523 statu
286 472 440 536 perlectionis,
452 474 512 524 sicut
521 486 550 523 ex
562 473 631 538 supra
640 473 706 524 dietis
719 479 783 539 patet
797 477 851 540 (qu.
863 480 906 535 185,

126 549 169 595 art.
183 545 223 608 t).
243 545 275 594 ld
291 547 372 594 statum
383 549 458 595 autem
471 545 618 609 perlectionis
635 545 757 610 requiritur
774 547 876 611 obligatio
887 546 908 594 ad

128 630 154 668 ea
168 629 217 680 que
229 619 281 666 suot
291 614 447 680 perlectionie3
460 630 510 680 qun
522 617 612 680 quidem
626 618 671 668 Deo
681 618 706 667 tit
717 631 759 682 per
772 623 859 669 votum.
873 620 909 669 lla-

127 689 234 740 nilestum
253 693 289 739 est
302 692 376 740 autern
391 701 419 738 ex
431 689 554 752 praemissis
570 689 624 753 (art.
636 695 660 753 3,
671 691 697 740 ad
709 694 745 752 ⁵),
762 691 823 754 qudd
834 693 860 742 ad
869 706 909 756 per·
928 704 930 779 q

126 760 245 812 lectionem
261 759 389 810 christiana
403 759 454 810 vitm
473 759 573 824 pertinet
591 765 725 825 paupertas,
741 761 879 814 rontinentia
893 766 910 811 et

126 831 261 884 obedientia.
276 833 305 882 Et
316 832 367 884 ideo
382 830 498 895 religionis
508 835 581 882 status
591 832 685 895 requirit
694 835 720 882 ut
730 834 758 882 ad
768 835 819 885 hee
831 835 872 884 tria
880 833 910 884 rli-

127 905 177 970 quis
186 909 238 955 volo
248 904 367 969 obligetur.
377 903 440 954 Unde
449 903 570 967 Gregorius
579 904 718 970 diritsuper
730 906 818 957 nzeco.
831 906 909 972 (llonril.

125 977 165 1028 xx
186 992 192 1027 ε
210 994 223 1024 o
234 976 292 1028 cnm
310 976 361 1040 quis
374 988 440 1028 omne
457 978 517 1040 quod
530 976 605 1040 hahet,
621 990 688 1028 omne
698 979 758 1040 quod
773 978 847 1043 uiuit,
857 990 910 1030 omne

125 1049 185 1114 quod
195 1051 262 1114 sapit,
277 1049 427 1113 omnipotenti
436 1049 594 1111 neovorerit,
606 1049 764 1100 holocaustum
776 1057 823 1100 est.
836 1049 911 1110 »Quod

125 1121 216 1186 quidem
231 1120 343 1184 pertinere
363 1123 441 1186 postea
461 1119 517 1170 dicit
534 1120 562 1171 ad
581 1133 622 1172 eos
637 1119 677 1186 qui
692 1134 797 1184 praesene
816 1123 910 1174 seculum

125 1193 240 1244 deserunt.

155 1265 192 1316 Ad
202 1264 300 1330 primum
313 1277 367 1326 erqo
377 1264 506 1327 diueudum‚
521 1263 582 1328 qudd
595 1265 623 1316 ad
632 1263 797 1330 perlectionem
807 1265 863 1318 vitae
875 1268 912 1316 llo-

125 1337 200 1386 minue
214 1337 325 1402 pertinere
338 1335 395 1386 dirit
405 1335 465 1400 qudd
479 1336 560 1400 aliquis
569 1349 621 1388 eum
632 1340 747 1400 sequatur,
758 1351 805 1388 non
816 1340 913 1402 qualiter·

124 1421 234 1472 eumque,
247 1409 286 1460 sed
298 1411 323 1458 ut
335 1408 431 1458 ulterius
445 1407 506 1458 retrd
520 1421 566 1458 non
577 1407 657 1459 abiret.
674 1406 738 1458 tlnde
752 1413 775 1460 et
792 1409 844 1474 ipse
860 1411 912 1470 dicit,

124 1479 196 1540 Lao,
211 1479 257 1530 lll:
273 1497 286 1528 o
295 1480 365 1530 Nemo
382 1479 474 1530 mittens
492 1493 582 1530 manum
599 1479 628 1529 ad
637 1483 748 1544 aratrum,
760 1485 785 1530 et
797 1483 915 1546 respiciens

124 1551 193 1615 retrd,
211 1555 277 1616 aptus
290 1556 327 1602 est
341 1563 411 1616 regno
422 1551 470 1600 llei.
484 1552 536 1601 ulan
548 1550 652 1614 quamuis
663 1551 754 1614 quidam
765 1552 794 1604 de
805 1553 916 1618 discipulis

123 1621 174 1686 ejus
191 1629 313 1674 retrorsum
328 1623 440 1685 abierint,
460 1627 538 1674 lamen
554 1623 635 1673 Petrus
648 1623 699 1673 loeo
718 1622 813 1674 aliorum
829 1625 917 1676 Domino

123 1694 271 1758 interroganti
289 1711 294 1746 :
311 1695 448 1760 «Numquid
469 1699 493 1746 et
507 1708 548 1744 uos
566 1694 636 1745 uultis
650 1693 730 1744 abiret
745 1708 759 1741 u
776 1697 915 1759 respondit:

126 1767 250 1828 nonomine,
263 1765 291 1818 ad
302 1781 369 1832 quem
378 1766 498 1818 illimusl»
513 1767 577 1819 Unde
591 1771 614 1817 et
629 1766 768 1830 Augustinus
779 1767 837 1819 dicit
847 1769 916 1819 inlib.

124 1839 161 1889 De
179 1854 293 1888 consensu
313 1838 469 1904 Eneapelisl.
490 1838 548 1902 (lib.
567 1839 602 1900 ll,
617 1851 668 1901 eap.
681 1842 743 1902 tlt,
758 1839 820 1902 qodd
835 1859 850 1891 o
865 1843 917 1892 siout

124 1911 243 1962 Mattheus
258 1915 281 1962 et
290 1912 376 1962 llarous
388 1915 489 1973 narrant,
501 1911 585 1961 Petrus
595 1914 618 1960 et
624 1911 739 1972 Andreas,
750 1926 799 1963 non
806 1911 917 1964 subductis

124 1983 152 2034 ad
171 1987 251 2034 terram
262 1983 357 2034 naribus
370 1987 477 2047 tanquam
490 1980 559 2033 eausa
571 1982 697 2046 redeundi,
711 1985 784 2036 secuti
796 1990 852 2036 suut
861 1998 916 2042 eun

124 2056 163 2106 sed
173 2059 279 2119 tauquam
290 2055 408 2120 jubentem
422 2059 447 2105 ut
462 2059 619 2118 sequerentur.
632 2070 647 2101 u
663 2056 715 2106 liaeo
727 2060 803 2106 autem
818 2057 918 2108 immoli-

122 2125 174 2178 litas
191 2128 287 2194 sequelae
301 2127 386 2178 Christi
398 2127 499 2177 firmatur
512 2140 553 2190 per
562 2129 650 2179 volum.
656 2127 685 2176 Et
693 2127 745 2178 ideo
755 2132 836 2180 votum
846 2127 919 2193 requi

123 2196 179 2248 ritur
190 2200 217 2249 ad
230 2199 394 2262 perlectionem
411 2198 535 2262 religionis.

154 2271 187 2322 td
206 2271 332 2321 secundum
348 2269 482 2333 dicendum,
492 2267 553 2332 qudd
565 2269 674 2333 perlectio
688 2267 806 2332 religionis
817 2271 918 2334 requirit,

123 2341 182 2392 deut
193 2342 313 2406 Gregorius
326 2341 392 2402 dicit,
400 2345 425 2390 ut
434 2340 516 2404 aliquis
527 2353 594 2390 omne
605 2340 665 2407 qnod
674 2340 737 2392 uouit
747 2341 793 2392 Deo
805 2342 930 2411 eunibertg

121 2413 165 2463 Sed
176 2413 243 2463 homo
259 2426 306 2463 non
319 2417 395 2478 potest
410 2417 482 2464 lotam
496 2411 567 2462 uitam
584 2424 648 2462 suam
664 2412 709 2462 lleo
722 2416 777 2461 actu
795 2402 930 2474 exhiberem

122 2484 173 2548 quia
188 2497 234 2535 non
248 2499 273 2536 es
274 2489 339 2536 ttota
349 2484 432 2545 simul
441 2485 480 2536 sed
489 2482 709 2546 successiveagitur.
720 2483 785 2535 linde
799 2497 847 2534 non
857 2472 930 2534 aliter

122 2558 189 2608 homo
213 2561 286 2621 potest
300 2561 371 2611 totam
390 2557 460 2608 vitam
477 2571 541 2608 suam
560 2558 606 2609 lleo
622 2556 746 2620 exhibere,
761 2557 807 2609 nisi
820 2570 865 2623 per
874 2555 930 2608 uoti¹

122 2629 292 2694 obligationem.

153 2702 187 2752 td
203 2702 296 2752 tertium
310 2701 445 2766 dicendum,
459 2700 521 2766 qudd
533 2701 592 2752 inter
607 2700 651 2752 alia
663 2713 714 2764 quae
728 2701 782 2752 lieet
796 2701 862 2754 nobis
875 2696 930 2752 nou³

123 2773 267 2839 impendere,
288 2777 323 2824 est
341 2773 408 2823 etiam
427 2773 518 2838 propria
534 2774 641 2834 libertas,
655 2785 723 2837 quam
746 2774 817 2824 lromo
835 2773 919 2824 uaeteris

122 2843 190 2897 rebus
202 2843 329 2898 chariorem
342 2845 418 2900 hahet.
432 2847 496 2900 llnde
507 2844 558 2898 eim
570 2843 653 2912 atiqu'u
664 2844 757 2913 proprii
773 2848 854 2914 sponte
867 2847 919 2898 roto
