1917 3317
269 149 301 187 ar
317 148 464 189 asumsrorm
479 149 582 189 marera.
779 140 827 189 aas

28 240 78 277 um
93 224 192 277 meum
201 224 269 277 hahet
280 226 330 277 sina
341 229 412 277 motu.
423 227 468 277 Sed
480 227 583 278 ascensio
591 229 629 277 est
637 227 729 291 quidam
740 233 824 280 motus.

28 312 72 359 rgo
89 308 148 347 non
160 295 205 347 tuit
217 297 357 349 conveniens
370 298 430 361 dudd
444 298 548 348 Christus
562 299 702 350 ascenderet.

38 375 65 417 2.
93 369 230 431 preterea,
244 382 311 420 omne
324 370 384 433 quan
397 372 511 429 movetur,
524 374 628 421 movetur
639 374 733 434 propter
742 370 827 433 ahquid

31 442 113 491 chus.
139 439 184 489 Sed
203 440 293 491 christo
311 454 357 491 non
371 440 415 491 suit
428 441 510 491 melius
523 454 575 492 esse
591 441 617 491 iu
629 441 686 492 coelo
694 478 703 504 ‚
719 455 787 505 qnam
802 442 827 491 iu

28 528 90 577 rra;
110 509 175 561 nihil
187 512 248 561 enim
263 512 361 561 accrevit
371 512 393 561 ei
408 525 448 575 per
457 512 502 563 hoc
519 512 580 580 qudd
590 512 634 562 tuit
644 513 667 562 in
678 513 744 574 emto,
755 526 829 575 neque

28 583 140 633 ,rauthan
154 582 182 631 ad
199 582 311 645 enimam,
322 596 395 645 neque
406 587 518 647 quantum
531 584 560 633 ad
571 596 663 647 corpus.
673 585 731 647 Ergo
740 584 830 635 ridetur

28 655 76 707 uod
94 654 211 705 Christus
222 666 267 703 nou
281 654 382 705 debuerit
394 654 420 708 in
430 655 512 705 ooelum
525 656 657 707 ascendere.

45 732 71 775 3.
92 728 232 789 Praeterea,
249 726 322 777 Filius
337 726 378 776 hei
390 726 514 777 humanum
531 730 633 776 naturam
656 725 779 791 assumpsit
801 727 829 777 ad

28 802 131 848 ostram
143 797 248 847 salutern.
262 798 308 849 Sed
321 796 394 861 magis
412 798 496 848 inisset
508 799 608 849 salutare
616 798 756 858 hominihus,
769 797 831 861 qudd

28 884 115 933 anper
131 872 305 919 conversaretur
319 869 436 920 nobiscum
448 868 473 918 in
486 869 566 933 terris3
578 871 639 920 uude
654 870 705 933 ipse
712 865 772 919 dixit
784 867 830 920 die

28 940 107 1003 ipulis
120 939 174 989 suis
190 941 262 999 Lau,
272 940 334 991 XVII
349 956 356 990 ε
374 957 388 988 a
399 939 499 991 Venient
512 940 578 1002 dies,
591 941 683 1005 qnando
696 939 831 990 desideretis

30 1011 101 1061 idere
126 1023 201 1061 nuum
218 1011 277 1061 diem
290 1010 343 1061 Filii
356 1010 466 1073 hominis,
479 1014 503 1061 et
516 1024 563 1062 non
577 1011 693 1062 ridebitis.
708 1028 722 1058 n
737 1012 831 1061 Videtur

30 1097 72 1145 rgo
84 1081 155 1147 qudd
165 1095 212 1132 nou
221 1082 291 1133 suerit
299 1082 439 1134 couveniens
449 1082 565 1134 Christum
574 1084 698 1133 ascendere
705 1082 729 1132 in
738 1083 830 1133 coelum.

49 1159 74 1203 t.
93 1156 229 1216 Praeterea,
249 1153 309 1204 sicut
327 1154 449 1217 Gregorius
469 1154 525 1204 dicit
544 1155 603 1205 xiv.
626 1153 730 1209 Horat„
748 1168 832 1218 corpus

28 1226 113 1277 :hristi
130 1226 157 1275 iu
174 1225 236 1276 nullo
257 1230 368 1276 mutatum
383 1225 427 1277 tuit
444 1230 497 1291 post
510 1226 707 1276 resurrectionem.
724 1225 769 1275 Sed
786 1238 833 1274 uon
930 1219 931 1224 ’

28 1296 164 1347 mmediatd
174 1301 226 1360 post
239 1298 424 1348 resurrectionem
442 1297 546 1348 ascendit
560 1296 586 1347 iu
602 1297 697 1359 coetum3
712 1297 767 1359 qeia
783 1296 834 1360 ipse

28 1368 76 1417 icit
98 1371 159 1433 post
173 1366 361 1419 resurrectionem
382 1371 465 1426 doen..
478 1369 520 1421 XX
538 1383 544 1418 ε
561 1369 689 1420 «Nondum
699 1366 793 1417 ascendi
805 1368 833 1416 ad

28 1442 121 1488 ’utrem
136 1451 224 1488 meum.
234 1455 248 1486 n
262 1440 323 1503 Ergo
337 1439 426 1490 videtur
436 1438 499 1503 quod
510 1450 554 1489 nec
565 1442 618 1502 post
626 1438 775 1501 quadraginta
784 1439 835 1488 dies

28 1512 156 1561 oscendere
171 1510 282 1563 debuerit.

52 1584 104 1635 Sed
125 1586 206 1633 contra
223 1587 271 1645 eat,
292 1582 353 1647 quod
371 1582 481 1633 Dominus
500 1581 556 1631 dicit
573 1581 672 1637 Iouna„
686 1581 726 1631 XX
743 1596 750 1631 :
766 1583 835 1631 «hs-

28 1654 106 1705 :endo
115 1654 146 1704 ad
159 1654 250 1703 Patrem
264 1645 357 1717 meum,
372 1658 394 1704 et
408 1655 499 1704 Patrem
511 1655 624 1705 uestmm.
638 1668 652 1699 o

58 1728 272 1791 (Condrus10.-
291 1724 348 1775 Chm
367 1725 471 1776 Christus
489 1728 542 1787 post
561 1724 752 1774 resurrectionem
765 1724 835 1775 vitam

28 1798 187 1851 immortalem
198 1796 354 1861 inchoaverit,
364 1810 490 1860 congruum
504 1799 528 1847 et
541 1796 680 1847 couveniens
692 1796 737 1846 tuit
751 1801 777 1845 ut
787 1810 835 1849 nou

28 1873 48 1920 in
65 1868 140 1922 terris
149 1874 287 1931 remaneret,
296 1870 335 1919 sed
347 1882 416 1933 super
424 1881 503 1921 omnes
514 1868 584 1919 coelos
593 1868 746 1930 ascenderet.)

57 1942 204 2008 Respondet)
218 1942 355 2003 dicendum,
370 1940 430 2005 qndd
443 1941 507 1991 locus
516 1940 584 1990 dehet
593 1952 644 1990 esse
655 1940 838 2003 proportionetur

28 2014 115 2067 locato.
131 2012 238 2065 Christus
250 2015 325 2062 autem
339 2025 380 2075 per
390 2010 593 2073 resurrectionem,
603 2010 835 2061 ritamimmortatem

28 2090 51 2135 et
65 2084 270 2149 incorruptibilem
283 2082 408 2134 inchoarit.
421 2082 497 2133 Locus
513 2086 589 2133 autem
603 2081 629 2131 iu
638 2094 683 2145 quo
694 2094 737 2133 nos
750 2081 839 2131 hahita-

30 2172 100 2221 nus,
121 2160 160 2207 est
183 2158 245 2207 locus
262 2154 414 2220 generationis
429 2158 453 2207 et
472 2152 636 2217 corruptionia3
651 2153 693 2203 sed
711 2154 775 2203 locus
791 2164 840 2202 cae·

30 2229 98 2280 iestis
112 2232 152 2279 est
165 2228 229 2278 locus
243 2224 419 2291 incorruptionis
429 2224 474 2289 (t).
486 2226 516 2274 ut
526 2225 577 2275 ideo
586 2237 633 2275 nou
646 2222 691 2273 tuit
699 2222 839 2275 conveniens

31 2302 93 2363 quod
111 2300 221 2367 Christus
238 2303 291 2363 post
309 2298 500 2349 resurrectionem
511 2298 640 2347 remaneret
656 2295 682 2345 in
699 2294 779 2357 terris3
799 2294 840 2345 sed

33 2372 177 2425 couveniens
194 2371 237 2422 tuit
259 2370 317 2435 qudd
332 2370 467 2420 ascenderet
479 2368 505 2418 in
518 2367 610 2417 coelum.

65 2447 100 2495 hd
118 2442 220 2510 primum
240 2454 294 2505 ergo
305 2442 442 2501 dicendum,
462 2438 524 2503 quod
536 2438 592 2490 ittud
606 2437 693 2502 optino
708 2450 735 2488 se
754 2436 842 2486 hahens

34 2518 97 2578 quod
111 2516 164 2567 siue
180 2518 245 2565 motu
259 2512 362 2577 possidet
381 2525 448 2563 suum
460 2511 562 2573 bouum,
582 2514 618 2561 est
630 2510 681 2573 ipse
696 2509 771 2571 heus3
788 2508 842 2571 quia

38 2578 77 2637 est*
87 2587 185 2641 omniuo
204 2584 360 2645 immutabilis,
372 2582 496 2634 seeundirm
509 2582 565 2632 itlud
574 2581 694 2637 Molaria„
707 2580 739 2630 111
751 2594 758 2629 r
770 2595 783 2626 a
792 2580 842 2642 Ego

39 2660 168 2721 Dominus,
184 2661 208 2709 et
221 2669 267 2707 non
283 2658 392 2707 mutor.»
411 2654 521 2713 Qualibet
534 2657 611 2704 autem
623 2655 726 2702 creatura
737 2654 774 2701 est
788 2664 842 2699 mn-

71 2814 106 2878 (t)
123 2814 184 2861 Eine
204 2812 286 2857 eaelum
303 2812 333 2857 ah
354 2810 455 2869 antiquie
472 2806 589 2857 divinitati
608 2803 843 2863 cathecumeni

40 2880 101 2937 quod
114 2876 191 2924 scium
201 2875 330 2924 immortale
342 2874 380 2919 sit.
726 2904 729 2912 .
