<?xml version="1.0" encoding="UTF-8"?>
<!DOCTYPE html PUBLIC "-//W3C//DTD XHTML 1.0 Transitional//EN"
    "http://www.w3.org/TR/xhtml1/DTD/xhtml1-transitional.dtd">
<html xmlns="http://www.w3.org/1999/xhtml" xml:lang="en" lang="en">
 <head>
  <title>
</title>
<meta http-equiv="Content-Type" content="text/html;charset=utf-8" />
  <meta name='ocr-system' content='tesseract 3.04.00' />
  <meta name='ocr-capabilities' content='ocr_page ocr_carea ocr_par ocr_line ocrx_word'/>
</head>
<body>
  <div class='ocr_page' id='page_1' title='image "./summatheologica02nicogoog_0543.png"; bbox 0 0 1917 3317; ppageno 0'>
   <div class='ocr_carea' id='block_1_1' title="bbox 135 214 754 273">
    <p class='ocr_par' dir='ltr' id='par_1_1' title="bbox 135 214 754 273">
     <span class='ocr_line' id='line_1_1' title="bbox 135 214 754 273; baseline -0.01 -10"><span class='ocrx_word' id='word_1_1' title='bbox 135 214 180 263; x_wconf 79' lang='lat' dir='ltr'>til</span> <span class='ocrx_word' id='word_1_2' title='bbox 311 222 370 262; x_wconf 80' lang='lat' dir='ltr'>enm</span> <span class='ocrx_word' id='word_1_3' title='bbox 388 224 428 273; x_wconf 92' lang='grc' dir='ltr'>ιιι,</span> <span class='ocrx_word' id='word_1_4' title='bbox 446 221 543 268; x_wconf 76' lang='lat' dir='ltr'>oussr.</span> <span class='ocrx_word' id='word_1_5' title='bbox 559 222 627 273; x_wconf 82' lang='lat' dir='ltr'>nn,</span> <span class='ocrx_word' id='word_1_6' title='bbox 643 218 702 260; x_wconf 78' lang='lat' dir='ltr'>nur:</span> <span class='ocrx_word' id='word_1_7' title='bbox 718 220 754 259; x_wconf 79' lang='lat' dir='ltr'>m.</span> 
     </span>
    </p>
   </div>
   <div class='ocr_carea' id='block_1_2' title="bbox 136 293 920 507">
    <p class='ocr_par' dir='ltr' id='par_1_2' title="bbox 136 293 920 507">
     <span class='ocr_line' id='line_1_2' title="bbox 136 293 904 364; baseline -0.013 -12"><span class='ocrx_word' id='word_1_8' title='bbox 136 300 216 352; x_wconf 81' lang='lat' dir='ltr'>oblate</span> <span class='ocrx_word' id='word_1_9' title='bbox 238 304 356 364; x_wconf 84' lang='lat' dir='ltr'>permanet</span> <span class='ocrx_word' id='word_1_10' title='bbox 368 298 391 348; x_wconf 94' lang='lat' dir='ltr'>in</span> <span class='ocrx_word' id='word_1_11' title='bbox 410 302 538 361; x_wconf 75' lang='lat' dir='ltr'>eternum,</span> <span class='ocrx_word' id='word_1_12' title='bbox 557 298 628 361; x_wconf 81' lang='lat' dir='ltr'>quia,</span> <span class='ocrx_word' id='word_1_13' title='bbox 642 301 668 347; x_wconf 92' lang='lat' dir='ltr'>nt</span> <span class='ocrx_word' id='word_1_14' title='bbox 685 297 771 347; x_wconf 89' lang='lat' dir='ltr'>dicitur</span> <span class='ocrx_word' id='word_1_15' title='bbox 791 293 904 349; x_wconf 79' lang='lat' dir='ltr'>Mehr.,.l</span> 
     </span>
     <span class='ocr_line' id='line_1_3' title="bbox 139 368 920 422; baseline -0.004 -1"><span class='ocrx_word' id='word_1_16' title='bbox 139 387 153 421; x_wconf 80' lang='lat' dir='ltr'>u</span> <span class='ocrx_word' id='word_1_17' title='bbox 168 383 213 421; x_wconf 90' lang='lat' dir='ltr'>nna</span> <span class='ocrx_word' id='word_1_18' title='bbox 227 370 339 422; x_wconf 88' lang='lat' dir='ltr'>oblatione</span> <span class='ocrx_word' id='word_1_19' title='bbox 354 369 522 421; x_wconf 85' lang='lat' dir='ltr'>consummarit</span> <span class='ocrx_word' id='word_1_20' title='bbox 534 369 559 418; x_wconf 93' lang='lat' dir='ltr'>in</span> <span class='ocrx_word' id='word_1_21' title='bbox 576 371 687 419; x_wconf 79' lang='lat' dir='ltr'>eternum</span> <span class='ocrx_word' id='word_1_22' title='bbox 703 368 885 419; x_wconf 71' lang='lat' dir='ltr'>sanctificatos.»</span> <span class='ocrx_word' id='word_1_23' title='bbox 918 395 920 418; x_wconf 73' lang='grc' dir='ltr'>ι</span> 
     </span>
     <span class='ocr_line' id='line_1_4' title="bbox 171 425 920 507; baseline -0.012 -14"><span class='ocrx_word' id='word_1_24' title='bbox 171 444 200 493; x_wconf 81' lang='lat' dir='ltr'>lit</span> <span class='ocrx_word' id='word_1_25' title='bbox 212 456 253 507; x_wconf 89' lang='lat' dir='ltr'>per</span> <span class='ocrx_word' id='word_1_26' title='bbox 264 444 307 493; x_wconf 91' lang='lat' dir='ltr'>hoe</span> <span class='ocrx_word' id='word_1_27' title='bbox 319 446 381 505; x_wconf 89' lang='lat' dir='ltr'>patet</span> <span class='ocrx_word' id='word_1_28' title='bbox 391 440 459 491; x_wconf 87' lang='lat' dir='ltr'>etiam</span> <span class='ocrx_word' id='word_1_29' title='bbox 472 439 591 503; x_wconf 81' lang='lat' dir='ltr'>responsio</span> <span class='ocrx_word' id='word_1_30' title='bbox 611 440 641 489; x_wconf 84' lang='lat' dir='ltr'>ad</span> <span class='ocrx_word' id='word_1_31' title='bbox 654 440 759 489; x_wconf 88' lang='lat' dir='ltr'>tertium.</span> <span class='ocrx_word' id='word_1_32' title='bbox 771 440 848 490; x_wconf 75' lang='lat' dir='ltr'>linitas</span> <span class='ocrx_word' id='word_1_33' title='bbox 859 443 899 486; x_wconf 76' lang='grc' dir='ltr'>ιιι</span> <span class='ocrx_word' id='word_1_34' title='bbox 918 425 920 448; x_wconf 86' lang='lat'><strong>¹</strong></span> 
     </span>
    </p>
   </div>
   <div class='ocr_carea' id='block_1_3' title="bbox 138 513 906 865">
    <p class='ocr_par' dir='ltr' id='par_1_3' title="bbox 138 513 906 865">
     <span class='ocr_line' id='line_1_5' title="bbox 139 513 894 577; baseline -0.012 -10"><span class='ocrx_word' id='word_1_35' title='bbox 139 516 208 577; x_wconf 83' lang='lat' dir='ltr'>hujus</span> <span class='ocrx_word' id='word_1_36' title='bbox 227 514 346 565; x_wconf 86' lang='lat' dir='ltr'>oblationis</span> <span class='ocrx_word' id='word_1_37' title='bbox 365 514 502 577; x_wconf 83' lang='lat' dir='ltr'>dgurahatur</span> <span class='ocrx_word' id='word_1_38' title='bbox 513 515 537 563; x_wconf 91' lang='lat' dir='ltr'>in</span> <span class='ocrx_word' id='word_1_39' title='bbox 557 514 680 576; x_wconf 76' lang='lat' dir='ltr'>lege,per</span> <span class='ocrx_word' id='word_1_40' title='bbox 697 514 742 562; x_wconf 89' lang='lat' dir='ltr'>hoe</span> <span class='ocrx_word' id='word_1_41' title='bbox 755 513 814 577; x_wconf 87' lang='lat' dir='ltr'>qnod</span> <span class='ocrx_word' id='word_1_42' title='bbox 832 525 894 561; x_wconf 80' lang='lat' dir='ltr'>seme.</span> 
     </span>
     <span class='ocr_line' id='line_1_6' title="bbox 138 583 901 650; baseline -0.012 -13"><span class='ocrx_word' id='word_1_43' title='bbox 138 598 199 637; x_wconf 86' lang='lat' dir='ltr'>anno</span> <span class='ocrx_word' id='word_1_44' title='bbox 208 586 287 650; x_wconf 77' lang='lat' dir='ltr'>legalis</span> <span class='ocrx_word' id='word_1_45' title='bbox 297 585 402 636; x_wconf 78' lang='lat' dir='ltr'><strong>Pontifex</strong></span> <span class='ocrx_word' id='word_1_46' title='bbox 416 598 467 634; x_wconf 90' lang='lat' dir='ltr'>cum</span> <span class='ocrx_word' id='word_1_47' title='bbox 480 584 578 635; x_wconf 85' lang='lat' dir='ltr'>solemni</span> <span class='ocrx_word' id='word_1_48' title='bbox 591 584 708 635; x_wconf 90' lang='lat' dir='ltr'>oblatione</span> <span class='ocrx_word' id='word_1_49' title='bbox 719 584 835 649; x_wconf 62' lang='lat' dir='ltr'>numinis</span> <span class='ocrx_word' id='word_1_50' title='bbox 843 583 901 633; x_wconf 69' lang='lat' dir='ltr'>into}</span> 
     </span>
     <span class='ocr_line' id='line_1_7' title="bbox 138 654 906 719; baseline -0.009 -10"><span class='ocrx_word' id='word_1_51' title='bbox 138 658 164 709; x_wconf 91' lang='lat' dir='ltr'>in</span> <span class='ocrx_word' id='word_1_52' title='bbox 182 660 275 719; x_wconf 55' lang='lat' dir='ltr'>Sanotm</span> <span class='ocrx_word' id='word_1_53' title='bbox 289 661 315 708; x_wconf 85' lang='lat' dir='ltr'>ut</span> <span class='ocrx_word' id='word_1_54' title='bbox 327 656 409 706; x_wconf 90' lang='lat' dir='ltr'>dicitur</span> <span class='ocrx_word' id='word_1_55' title='bbox 420 657 509 710; x_wconf 80' lang='lat' dir='ltr'>tevit..</span> <span class='ocrx_word' id='word_1_56' title='bbox 523 656 581 705; x_wconf 79' lang='lat' dir='ltr'>llll.</span> <span class='ocrx_word' id='word_1_57' title='bbox 595 655 642 705; x_wconf 83' lang='lat' dir='ltr'>Sed</span> <span class='ocrx_word' id='word_1_58' title='bbox 654 654 777 706; x_wconf 80' lang='lat' dir='ltr'>deficiebat</span> <span class='ocrx_word' id='word_1_59' title='bbox 793 656 862 719; x_wconf 76' lang='lat' dir='ltr'>ligura</span> <span class='ocrx_word' id='word_1_60' title='bbox 875 656 906 702; x_wconf 76' lang='lat' dir='ltr'>&#39;ar</span> 
     </span>
     <span class='ocr_line' id='line_1_8' title="bbox 139 728 906 793; baseline -0.008 -12"><span class='ocrx_word' id='word_1_61' title='bbox 139 731 208 781; x_wconf 84' lang='lat' dir='ltr'>ritate</span> <span class='ocrx_word' id='word_1_62' title='bbox 227 730 252 779; x_wconf 89' lang='lat' dir='ltr'>in</span> <span class='ocrx_word' id='word_1_63' title='bbox 272 730 315 780; x_wconf 90' lang='lat' dir='ltr'>hoo</span> <span class='ocrx_word' id='word_1_64' title='bbox 332 730 392 791; x_wconf 89' lang='lat' dir='ltr'>quod</span> <span class='ocrx_word' id='word_1_65' title='bbox 403 728 441 779; x_wconf 87' lang='lat' dir='ltr'>illa</span> <span class='ocrx_word' id='word_1_66' title='bbox 455 728 533 778; x_wconf 84' lang='lat' dir='ltr'>hostia</span> <span class='ocrx_word' id='word_1_67' title='bbox 546 739 592 777; x_wconf 91' lang='lat' dir='ltr'>non</span> <span class='ocrx_word' id='word_1_68' title='bbox 608 728 710 777; x_wconf 87' lang='lat' dir='ltr'>habehat</span> <span class='ocrx_word' id='word_1_69' title='bbox 722 728 880 793; x_wconf 88' lang='lat' dir='ltr'>sempitemam</span> <span class='ocrx_word' id='word_1_70' title='bbox 890 741 906 771; x_wconf 81' lang='grc' dir='ltr'>ι.</span> 
     </span>
     <span class='ocr_line' id='line_1_9' title="bbox 141 798 808 865; baseline -0.004 -12"><span class='ocrx_word' id='word_1_71' title='bbox 141 805 226 865; x_wconf 76' lang='lat' dir='ltr'>tutem,</span> <span class='ocrx_word' id='word_1_72' title='bbox 241 805 265 853; x_wconf 90' lang='lat' dir='ltr'>et</span> <span class='ocrx_word' id='word_1_73' title='bbox 280 800 332 851; x_wconf 90' lang='lat' dir='ltr'>ideo</span> <span class='ocrx_word' id='word_1_74' title='bbox 343 798 459 850; x_wconf 87' lang='lat' dir='ltr'>annuatim</span> <span class='ocrx_word' id='word_1_75' title='bbox 471 799 518 851; x_wconf 76' lang='lat' dir='ltr'>illu</span> <span class='ocrx_word' id='word_1_76' title='bbox 531 798 614 851; x_wconf 80' lang='lat' dir='ltr'>hostie</span> <span class='ocrx_word' id='word_1_77' title='bbox 627 799 808 850; x_wconf 86' lang='lat' dir='ltr'>reitsrnhantm.</span> 
     </span>
    </p>
   </div>
   <div class='ocr_carea' id='block_1_4' title="bbox 436 979 651 1031">
    <p class='ocr_par' dir='ltr' id='par_1_4' title="bbox 436 979 651 1031">
     <span class='ocr_line' id='line_1_10' title="bbox 436 979 651 1031; baseline -0.009 -1"><span class='ocrx_word' id='word_1_78' title='bbox 436 979 596 1031; x_wconf 75' lang='lat' dir='ltr'>ARTlCULUS</span> <span class='ocrx_word' id='word_1_79' title='bbox 611 980 651 1029; x_wconf 83' lang='lat' dir='ltr'>Vl.</span> 
     </span>
    </p>
   </div>
   <div class='ocr_carea' id='block_1_5' title="bbox 190 1104 898 1214">
    <p class='ocr_par' dir='ltr' id='par_1_5' title="bbox 190 1104 898 1214">
     <span class='ocr_line' id='line_1_11' title="bbox 190 1104 898 1158; baseline -0.006 -7"><span class='ocrx_word' id='word_1_80' title='bbox 190 1106 275 1151; x_wconf 80' lang='lat' dir='ltr'>Utrdm</span> <span class='ocrx_word' id='word_1_81' title='bbox 287 1106 445 1151; x_wconf 76' lang='lat' dir='ltr'>sacerdotium</span> <span class='ocrx_word' id='word_1_82' title='bbox 461 1104 552 1148; x_wconf 78' lang='lat' dir='ltr'>Christi</span> <span class='ocrx_word' id='word_1_83' title='bbox 563 1104 642 1158; x_wconf 80' lang='lat' dir='ltr'>suerit</span> <span class='ocrx_word' id='word_1_84' title='bbox 655 1104 789 1151; x_wconf 70' lang='lat' dir='ltr'>secuudum</span> <span class='ocrx_word' id='word_1_85' title='bbox 803 1107 898 1152; x_wconf 81' lang='lat' dir='ltr'>ordiuen</span> 
     </span>
     <span class='ocr_line' id='line_1_12' title="bbox 451 1168 627 1214; baseline 0.006 -1"><span class='ocrx_word' id='word_1_86' title='bbox 451 1168 627 1214; x_wconf 79' lang='lat' dir='ltr'>Melchisedech.</span> 
     </span>
    </p>
   </div>
   <div class='ocr_carea' id='block_1_6' title="bbox 146 1293 908 2790">
    <p class='ocr_par' dir='ltr' id='par_1_6' title="bbox 146 1293 900 1709">
     <span class='ocr_line' id='line_1_13' title="bbox 177 1293 898 1359; baseline -0.006 -12"><span class='ocrx_word' id='word_1_87' title='bbox 177 1297 210 1347; x_wconf 77' lang='lat' dir='ltr'>hd</span> <span class='ocrx_word' id='word_1_88' title='bbox 234 1298 323 1347; x_wconf 86' lang='lat' dir='ltr'>sextum</span> <span class='ocrx_word' id='word_1_89' title='bbox 348 1293 382 1345; x_wconf 90' lang='lat' dir='ltr'>sic</span> <span class='ocrx_word' id='word_1_90' title='bbox 392 1295 522 1359; x_wconf 87' lang='lat' dir='ltr'>proceditur</span> <span class='ocrx_word' id='word_1_91' title='bbox 537 1294 580 1358; x_wconf 86' lang='grc'>(1).</span> <span class='ocrx_word' id='word_1_92' title='bbox 601 1294 695 1344; x_wconf 77' lang='lat' dir='ltr'>ludetur</span> <span class='ocrx_word' id='word_1_93' title='bbox 714 1294 780 1359; x_wconf 79' lang='lat' dir='ltr'>qudd</span> <span class='ocrx_word' id='word_1_94' title='bbox 800 1298 898 1346; x_wconf 51' lang='lat' dir='ltr'>sncerdr¹</span> 
     </span>
     <span class='ocr_line' id='line_1_14' title="bbox 146 1365 900 1418; baseline -0.003 -1"><span class='ocrx_word' id='word_1_95' title='bbox 146 1367 229 1417; x_wconf 90' lang='lat' dir='ltr'>Christi</span> <span class='ocrx_word' id='word_1_96' title='bbox 246 1379 292 1417; x_wconf 90' lang='lat' dir='ltr'>non</span> <span class='ocrx_word' id='word_1_97' title='bbox 312 1366 381 1418; x_wconf 86' lang='lat' dir='ltr'>luerit</span> <span class='ocrx_word' id='word_1_98' title='bbox 395 1367 520 1417; x_wconf 88' lang='lat' dir='ltr'>secundnm</span> <span class='ocrx_word' id='word_1_99' title='bbox 532 1366 635 1418; x_wconf 81' lang='lat' dir='ltr'>ordinem</span> <span class='ocrx_word' id='word_1_100' title='bbox 655 1365 835 1418; x_wconf 75' lang='lat' dir='ltr'>Melchisedech.</span> <span class='ocrx_word' id='word_1_101' title='bbox 848 1369 900 1417; x_wconf 87' lang='lat' dir='ltr'>Chr-</span> 
     </span>
     <span class='ocr_line' id='line_1_15' title="bbox 146 1436 888 1503; baseline -0.003 -13"><span class='ocrx_word' id='word_1_102' title='bbox 146 1438 207 1490; x_wconf 89' lang='lat' dir='ltr'>enim</span> <span class='ocrx_word' id='word_1_103' title='bbox 221 1444 256 1489; x_wconf 87' lang='lat' dir='ltr'>est</span> <span class='ocrx_word' id='word_1_104' title='bbox 266 1438 318 1489; x_wconf 86' lang='lat' dir='ltr'>tons</span> <span class='ocrx_word' id='word_1_105' title='bbox 331 1438 402 1489; x_wconf 87' lang='lat' dir='ltr'>totius</span> <span class='ocrx_word' id='word_1_106' title='bbox 414 1436 550 1499; x_wconf 87' lang='lat' dir='ltr'>sacerdotii,</span> <span class='ocrx_word' id='word_1_107' title='bbox 563 1441 670 1501; x_wconf 74' lang='lat' dir='ltr'>munnam</span> <span class='ocrx_word' id='word_1_108' title='bbox 681 1436 821 1503; x_wconf 89' lang='lat' dir='ltr'>principalis</span> <span class='ocrx_word' id='word_1_109' title='bbox 834 1453 888 1490; x_wconf 75' lang='lat' dir='ltr'>sace·</span> 
     </span>
     <span class='ocr_line' id='line_1_16' title="bbox 147 1509 894 1574; baseline -0.007 -12"><span class='ocrx_word' id='word_1_110' title='bbox 147 1511 192 1563; x_wconf 87' lang='lat' dir='ltr'>Sed</span> <span class='ocrx_word' id='word_1_111' title='bbox 208 1511 262 1561; x_wconf 92' lang='lat' dir='ltr'>illud</span> <span class='ocrx_word' id='word_1_112' title='bbox 273 1511 332 1574; x_wconf 87' lang='lat' dir='ltr'>quod</span> <span class='ocrx_word' id='word_1_113' title='bbox 349 1514 385 1559; x_wconf 91' lang='lat' dir='ltr'>est</span> <span class='ocrx_word' id='word_1_114' title='bbox 401 1509 538 1574; x_wconf 84' lang='lat' dir='ltr'>principale,</span> <span class='ocrx_word' id='word_1_115' title='bbox 550 1523 597 1560; x_wconf 91' lang='lat' dir='ltr'>non</span> <span class='ocrx_word' id='word_1_116' title='bbox 609 1509 713 1571; x_wconf 84' lang='lat' dir='ltr'>sequitur</span> <span class='ocrx_word' id='word_1_117' title='bbox 724 1511 834 1562; x_wconf 86' lang='lat' dir='ltr'>ordinem</span> <span class='ocrx_word' id='word_1_118' title='bbox 850 1513 894 1561; x_wconf 79' lang='lat' dir='ltr'>alte:</span> 
     </span>
     <span class='ocr_line' id='line_1_17' title="bbox 149 1581 900 1648; baseline -0.009 -11"><span class='ocrx_word' id='word_1_119' title='bbox 149 1588 187 1637; x_wconf 88' lang='lat' dir='ltr'>sed</span> <span class='ocrx_word' id='word_1_120' title='bbox 203 1584 247 1637; x_wconf 85' lang='lat' dir='ltr'>alia</span> <span class='ocrx_word' id='word_1_121' title='bbox 272 1586 396 1648; x_wconf 86' lang='lat' dir='ltr'>sequuntur</span> <span class='ocrx_word' id='word_1_122' title='bbox 418 1582 520 1633; x_wconf 86' lang='lat' dir='ltr'>ordinem</span> <span class='ocrx_word' id='word_1_123' title='bbox 533 1581 614 1646; x_wconf 87' lang='lat' dir='ltr'>ipsius.</span> <span class='ocrx_word' id='word_1_124' title='bbox 631 1582 691 1645; x_wconf 74' lang='lat' dir='ltr'>Ergo</span> <span class='ocrx_word' id='word_1_125' title='bbox 707 1581 814 1634; x_wconf 80' lang='lat' dir='ltr'>Chrisms</span> <span class='ocrx_word' id='word_1_126' title='bbox 827 1598 872 1636; x_wconf 92' lang='lat' dir='ltr'>non</span> <span class='ocrx_word' id='word_1_127' title='bbox 886 1595 900 1630; x_wconf 80' lang='grc' dir='ltr'>ι.</span> 
     </span>
     <span class='ocr_line' id='line_1_18' title="bbox 150 1652 768 1709; baseline -0.006 -2"><span class='ocrx_word' id='word_1_128' title='bbox 150 1656 194 1709; x_wconf 88' lang='lat' dir='ltr'>dici</span> <span class='ocrx_word' id='word_1_129' title='bbox 217 1656 323 1707; x_wconf 84' lang='lat' dir='ltr'>sacerdos</span> <span class='ocrx_word' id='word_1_130' title='bbox 336 1653 460 1705; x_wconf 80' lang='lat' dir='ltr'>secundnm</span> <span class='ocrx_word' id='word_1_131' title='bbox 475 1654 576 1704; x_wconf 85' lang='lat' dir='ltr'>ordinem</span> <span class='ocrx_word' id='word_1_132' title='bbox 591 1652 768 1704; x_wconf 76' lang='lat' dir='ltr'>Melchisedech.</span> 
     </span>
    </p>

    <p class='ocr_par' dir='ltr' id='par_1_7' title="bbox 151 1724 908 2221">
     <span class='ocr_line' id='line_1_19' title="bbox 180 1724 898 1790; baseline -0.004 -14"><span class='ocrx_word' id='word_1_133' title='bbox 180 1732 205 1776; x_wconf 77' lang='grc'>1,</span> <span class='ocrx_word' id='word_1_134' title='bbox 220 1731 348 1787; x_wconf 74' lang='lat' dir='ltr'>Pleuron,</span> <span class='ocrx_word' id='word_1_135' title='bbox 363 1724 515 1776; x_wconf 85' lang='lat' dir='ltr'>sacerdotium</span> <span class='ocrx_word' id='word_1_136' title='bbox 528 1725 613 1775; x_wconf 80' lang='lat' dir='ltr'>ueteris</span> <span class='ocrx_word' id='word_1_137' title='bbox 626 1724 684 1788; x_wconf 78' lang='lat' dir='ltr'>legis</span> <span class='ocrx_word' id='word_1_138' title='bbox 698 1726 852 1790; x_wconf 75' lang='lat' dir='ltr'>propinquius</span> <span class='ocrx_word' id='word_1_139' title='bbox 862 1729 898 1776; x_wconf 83' lang='lat' dir='ltr'>lui·</span> 
     </span>
     <span class='ocr_line' id='line_1_20' title="bbox 151 1795 908 1860; baseline -0.004 -12"><span class='ocrx_word' id='word_1_140' title='bbox 151 1797 251 1849; x_wconf 89' lang='lat' dir='ltr'>cerdotio</span> <span class='ocrx_word' id='word_1_141' title='bbox 264 1797 364 1858; x_wconf 79' lang='lat' dir='ltr'>Christi,</span> <span class='ocrx_word' id='word_1_142' title='bbox 376 1796 444 1860; x_wconf 83' lang='lat' dir='ltr'>qnhm</span> <span class='ocrx_word' id='word_1_143' title='bbox 456 1795 607 1847; x_wconf 76' lang='lat' dir='ltr'>sacerdotium</span> <span class='ocrx_word' id='word_1_144' title='bbox 619 1797 680 1859; x_wconf 88' lang='lat' dir='ltr'>quod</span> <span class='ocrx_word' id='word_1_145' title='bbox 691 1796 736 1845; x_wconf 85' lang='lat' dir='ltr'>luit</span> <span class='ocrx_word' id='word_1_146' title='bbox 748 1802 805 1847; x_wconf 90' lang='lat' dir='ltr'>ante</span> <span class='ocrx_word' id='word_1_147' title='bbox 818 1797 908 1860; x_wconf 77' lang='lat' dir='ltr'>legem.-</span> 
     </span>
     <span class='ocr_line' id='line_1_21' title="bbox 151 1867 897 1932; baseline 0 -14"><span class='ocrx_word' id='word_1_148' title='bbox 151 1872 291 1919; x_wconf 85' lang='lat' dir='ltr'>sacramenta</span> <span class='ocrx_word' id='word_1_149' title='bbox 307 1873 372 1920; x_wconf 87' lang='lat' dir='ltr'>tantu</span> <span class='ocrx_word' id='word_1_150' title='bbox 391 1868 524 1931; x_wconf 86' lang='lat' dir='ltr'>expressius</span> <span class='ocrx_word' id='word_1_151' title='bbox 543 1867 704 1931; x_wconf 76' lang='lat' dir='ltr'>significahant</span> <span class='ocrx_word' id='word_1_152' title='bbox 725 1868 858 1932; x_wconf 73' lang='lat' dir='ltr'>Christum,</span> <span class='ocrx_word' id='word_1_153' title='bbox 872 1886 897 1931; x_wconf 81' lang='lat' dir='ltr'>p·</span> 
     </span>
     <span class='ocr_line' id='line_1_22' title="bbox 151 1939 902 2004; baseline -0.005 -13"><span class='ocrx_word' id='word_1_154' title='bbox 151 1939 312 2004; x_wconf 86' lang='lat' dir='ltr'>propinquiora</span> <span class='ocrx_word' id='word_1_155' title='bbox 328 1940 421 1989; x_wconf 82' lang='lat' dir='ltr'>fuerunt</span> <span class='ocrx_word' id='word_1_156' title='bbox 434 1940 535 2001; x_wconf 92' lang='lat' dir='ltr'>Christo,</span> <span class='ocrx_word' id='word_1_157' title='bbox 547 1945 574 1987; x_wconf 93' lang='lat' dir='ltr'>nt</span> <span class='ocrx_word' id='word_1_158' title='bbox 585 1942 649 2002; x_wconf 85' lang='lat' dir='ltr'>patet</span> <span class='ocrx_word' id='word_1_159' title='bbox 657 1952 688 1989; x_wconf 86' lang='lat' dir='ltr'>ex</span> <span class='ocrx_word' id='word_1_160' title='bbox 700 1939 739 1989; x_wconf 89' lang='lat' dir='ltr'>his</span> <span class='ocrx_word' id='word_1_161' title='bbox 751 1954 806 2003; x_wconf 80' lang='lat' dir='ltr'>quae</span> <span class='ocrx_word' id='word_1_162' title='bbox 816 1940 842 1989; x_wconf 88' lang='lat' dir='ltr'>in</span> <span class='ocrx_word' id='word_1_163' title='bbox 854 1955 902 1990; x_wconf 72' lang='lat' dir='ltr'>seri</span> 
     </span>
     <span class='ocr_line' id='line_1_23' title="bbox 152 2011 900 2076; baseline -0.001 -15"><span class='ocrx_word' id='word_1_164' title='bbox 152 2012 342 2076; x_wconf 87' lang='lat' dir='ltr'>partcdictasnnt</span> <span class='ocrx_word' id='word_1_165' title='bbox 353 2012 401 2076; x_wconf 88' lang='lat' dir='ltr'>(qn.</span> <span class='ocrx_word' id='word_1_166' title='bbox 414 2016 469 2075; x_wconf 83' lang='lat' dir='ltr'>tot,</span> <span class='ocrx_word' id='word_1_167' title='bbox 480 2016 546 2073; x_wconf 74' lang='grc' dir='ltr'>ιιι).</span> <span class='ocrx_word' id='word_1_168' title='bbox 556 2011 613 2074; x_wconf 77' lang='lat' dir='ltr'>Ergo</span> <span class='ocrx_word' id='word_1_169' title='bbox 624 2011 780 2063; x_wconf 83' lang='lat' dir='ltr'>sacerdotium</span> <span class='ocrx_word' id='word_1_170' title='bbox 789 2014 872 2063; x_wconf 87' lang='lat' dir='ltr'>Christi</span> <span class='ocrx_word' id='word_1_171' title='bbox 882 2029 900 2060; x_wconf 75' lang='lat' dir='ltr'>r„</span> 
     </span>
     <span class='ocr_line' id='line_1_24' title="bbox 152 2082 897 2149; baseline -0.001 -16"><span class='ocrx_word' id='word_1_172' title='bbox 152 2083 219 2135; x_wconf 89' lang='lat' dir='ltr'>dehet</span> <span class='ocrx_word' id='word_1_173' title='bbox 241 2084 380 2135; x_wconf 87' lang='lat' dir='ltr'>denominari</span> <span class='ocrx_word' id='word_1_174' title='bbox 402 2082 526 2135; x_wconf 87' lang='lat' dir='ltr'>secundhm</span> <span class='ocrx_word' id='word_1_175' title='bbox 547 2083 697 2135; x_wconf 86' lang='lat' dir='ltr'>sacerdotium</span> <span class='ocrx_word' id='word_1_176' title='bbox 720 2084 812 2149; x_wconf 82' lang='lat' dir='ltr'>legale,</span> <span class='ocrx_word' id='word_1_177' title='bbox 834 2099 897 2149; x_wconf 81' lang='lat' dir='ltr'>queo·</span> 
     </span>
     <span class='ocr_line' id='line_1_25' title="bbox 154 2153 897 2221; baseline -0.001 -16"><span class='ocrx_word' id='word_1_178' title='bbox 154 2154 251 2205; x_wconf 80' lang='lat' dir='ltr'>eundum</span> <span class='ocrx_word' id='word_1_179' title='bbox 266 2153 416 2206; x_wconf 87' lang='lat' dir='ltr'>sacerdotium</span> <span class='ocrx_word' id='word_1_180' title='bbox 434 2155 615 2217; x_wconf 82' lang='lat' dir='ltr'>Melchisedech,</span> <span class='ocrx_word' id='word_1_181' title='bbox 630 2155 692 2219; x_wconf 87' lang='lat' dir='ltr'>quod</span> <span class='ocrx_word' id='word_1_182' title='bbox 704 2155 751 2205; x_wconf 85' lang='lat' dir='ltr'>init</span> <span class='ocrx_word' id='word_1_183' title='bbox 761 2160 817 2208; x_wconf 85' lang='lat' dir='ltr'>ante</span> <span class='ocrx_word' id='word_1_184' title='bbox 827 2158 897 2221; x_wconf 78' lang='lat' dir='ltr'>legem</span> 
     </span>
    </p>

    <p class='ocr_par' dir='ltr' id='par_1_8' title="bbox 154 2226 902 2648">
     <span class='ocr_line' id='line_1_26' title="bbox 187 2226 893 2291; baseline 0.003 -16"><span class='ocrx_word' id='word_1_185' title='bbox 187 2231 210 2277; x_wconf 80' lang='grc'>3.</span> <span class='ocrx_word' id='word_1_186' title='bbox 229 2228 354 2289; x_wconf 84' lang='lat' dir='ltr'>Praeterea,</span> <span class='ocrx_word' id='word_1_187' title='bbox 370 2226 456 2283; x_wconf 72' lang='lat' dir='ltr'>Hedr„</span> <span class='ocrx_word' id='word_1_188' title='bbox 477 2228 531 2290; x_wconf 87' lang='lat' dir='ltr'>llll,</span> <span class='ocrx_word' id='word_1_189' title='bbox 546 2227 641 2290; x_wconf 90' lang='lat' dir='ltr'>dicitnr,</span> <span class='ocrx_word' id='word_1_190' title='bbox 656 2226 719 2291; x_wconf 77' lang='lat' dir='ltr'>qnid</span> <span class='ocrx_word' id='word_1_191' title='bbox 739 2232 777 2278; x_wconf 86' lang='lat' dir='ltr'>est</span> <span class='ocrx_word' id='word_1_192' title='bbox 790 2247 805 2277; x_wconf 81' lang='lat' dir='ltr'>u</span> <span class='ocrx_word' id='word_1_193' title='bbox 819 2229 868 2279; x_wconf 85' lang='lat' dir='ltr'>llex</span> <span class='ocrx_word' id='word_1_194' title='bbox 879 2244 893 2291; x_wconf 82' lang='lat' dir='ltr'>p</span> 
     </span>
     <span class='ocr_line' id='line_1_27' title="bbox 154 2296 890 2363; baseline 0 -16"><span class='ocrx_word' id='word_1_195' title='bbox 154 2296 203 2349; x_wconf 88' lang='lat' dir='ltr'>sine</span> <span class='ocrx_word' id='word_1_196' title='bbox 213 2302 287 2363; x_wconf 87' lang='lat' dir='ltr'>patre,</span> <span class='ocrx_word' id='word_1_197' title='bbox 295 2299 344 2349; x_wconf 88' lang='lat' dir='ltr'>sine</span> <span class='ocrx_word' id='word_1_198' title='bbox 354 2301 438 2357; x_wconf 89' lang='lat' dir='ltr'>matre,</span> <span class='ocrx_word' id='word_1_199' title='bbox 450 2298 501 2349; x_wconf 90' lang='lat' dir='ltr'>sine</span> <span class='ocrx_word' id='word_1_200' title='bbox 511 2298 654 2361; x_wconf 72' lang='lat' dir='ltr'>genealogia,</span> <span class='ocrx_word' id='word_1_201' title='bbox 668 2310 745 2363; x_wconf 83' lang='lat' dir='ltr'>neque</span> <span class='ocrx_word' id='word_1_202' title='bbox 756 2299 851 2350; x_wconf 89' lang='lat' dir='ltr'>initium</span> <span class='ocrx_word' id='word_1_203' title='bbox 860 2300 890 2349; x_wconf 63' lang='lat' dir='ltr'>dii</span> 
     </span>
     <span class='ocr_line' id='line_1_28' title="bbox 155 2369 902 2434; baseline -0.001 -16"><span class='ocrx_word' id='word_1_204' title='bbox 155 2382 229 2433; x_wconf 88' lang='lat' dir='ltr'>neque</span> <span class='ocrx_word' id='word_1_205' title='bbox 244 2371 311 2421; x_wconf 86' lang='lat' dir='ltr'>finem</span> <span class='ocrx_word' id='word_1_206' title='bbox 324 2371 376 2421; x_wconf 82' lang='lat' dir='ltr'>vite</span> <span class='ocrx_word' id='word_1_207' title='bbox 386 2370 486 2433; x_wconf 73' lang='lat' dir='ltr'>hahens,</span> <span class='ocrx_word' id='word_1_208' title='bbox 497 2386 511 2416; x_wconf 86' lang='grc' dir='ltr'>ι</span> <span class='ocrx_word' id='word_1_209' title='bbox 523 2369 674 2434; x_wconf 79' lang='lat' dir='ltr'>quequidem</span> <span class='ocrx_word' id='word_1_210' title='bbox 689 2372 882 2422; x_wconf 81' lang='lat' dir='ltr'>conueniuntsoli</span> <span class='ocrx_word' id='word_1_211' title='bbox 897 2387 902 2417; x_wconf 74' lang='lat'><em>1</em></span> 
     </span>
     <span class='ocr_line' id='line_1_29' title="bbox 155 2440 899 2505; baseline -0.005 -14"><span class='ocrx_word' id='word_1_212' title='bbox 155 2440 204 2491; x_wconf 84' lang='lat' dir='ltr'>llei.</span> <span class='ocrx_word' id='word_1_213' title='bbox 216 2442 275 2505; x_wconf 83' lang='lat' dir='ltr'>Ergo</span> <span class='ocrx_word' id='word_1_214' title='bbox 285 2455 332 2492; x_wconf 89' lang='lat' dir='ltr'>uon</span> <span class='ocrx_word' id='word_1_215' title='bbox 344 2441 411 2491; x_wconf 88' lang='lat' dir='ltr'>debet</span> <span class='ocrx_word' id='word_1_216' title='bbox 421 2440 465 2491; x_wconf 91' lang='lat' dir='ltr'>dici</span> <span class='ocrx_word' id='word_1_217' title='bbox 476 2440 582 2491; x_wconf 89' lang='lat' dir='ltr'>Christus</span> <span class='ocrx_word' id='word_1_218' title='bbox 600 2440 705 2491; x_wconf 85' lang='lat' dir='ltr'>sacerdos</span> <span class='ocrx_word' id='word_1_219' title='bbox 716 2441 845 2492; x_wconf 83' lang='lat' dir='ltr'>secundini</span> <span class='ocrx_word' id='word_1_220' title='bbox 855 2444 899 2492; x_wconf 79' lang='lat' dir='ltr'>ont.</span> 
     </span>
     <span class='ocr_line' id='line_1_30' title="bbox 155 2510 902 2577; baseline -0.004 -14"><span class='ocrx_word' id='word_1_221' title='bbox 155 2512 453 2577; x_wconf 86' lang='lat' dir='ltr'>Melchisedech,tanquam</span> <span class='ocrx_word' id='word_1_222' title='bbox 464 2512 583 2577; x_wconf 83' lang='lat' dir='ltr'>cujusdam</span> <span class='ocrx_word' id='word_1_223' title='bbox 599 2510 706 2576; x_wconf 88' lang='lat' dir='ltr'>alterins,</span> <span class='ocrx_word' id='word_1_224' title='bbox 722 2514 764 2563; x_wconf 87' lang='lat' dir='ltr'>sed</span> <span class='ocrx_word' id='word_1_225' title='bbox 782 2514 902 2564; x_wconf 71' lang='lat' dir='ltr'>secundini</span> 
     </span>
     <span class='ocr_line' id='line_1_31' title="bbox 156 2583 386 2648; baseline 0 -15"><span class='ocrx_word' id='word_1_226' title='bbox 156 2584 233 2636; x_wconf 87' lang='lat' dir='ltr'>dinem</span> <span class='ocrx_word' id='word_1_227' title='bbox 254 2583 386 2648; x_wconf 87' lang='lat' dir='ltr'>suiipsius.</span> 
     </span>
    </p>

    <p class='ocr_par' dir='ltr' id='par_1_9' title="bbox 157 2653 902 2790">
     <span class='ocr_line' id='line_1_32' title="bbox 188 2653 902 2718; baseline -0.004 -13"><span class='ocrx_word' id='word_1_228' title='bbox 188 2656 232 2707; x_wconf 84' lang='lat' dir='ltr'>Sed</span> <span class='ocrx_word' id='word_1_229' title='bbox 248 2660 325 2707; x_wconf 87' lang='lat' dir='ltr'>contra</span> <span class='ocrx_word' id='word_1_230' title='bbox 337 2659 384 2718; x_wconf 89' lang='lat' dir='ltr'>est,</span> <span class='ocrx_word' id='word_1_231' title='bbox 393 2654 456 2718; x_wconf 86' lang='lat' dir='ltr'>qndd</span> <span class='ocrx_word' id='word_1_232' title='bbox 472 2654 556 2705; x_wconf 89' lang='lat' dir='ltr'>dicitur</span> <span class='ocrx_word' id='word_1_233' title='bbox 571 2653 665 2704; x_wconf 82' lang='lat' dir='ltr'>Psotm.</span> <span class='ocrx_word' id='word_1_234' title='bbox 681 2654 730 2704; x_wconf 85' lang='lat' dir='ltr'>Clll</span> <span class='ocrx_word' id='word_1_235' title='bbox 744 2670 752 2701; x_wconf 79' lang='lat' dir='ltr'>z</span> <span class='ocrx_word' id='word_1_236' title='bbox 768 2672 785 2703; x_wconf 79' lang='lat' dir='ltr'>u</span> <span class='ocrx_word' id='word_1_237' title='bbox 794 2656 830 2705; x_wconf 84' lang='lat' dir='ltr'>&#39;ln</span> <span class='ocrx_word' id='word_1_238' title='bbox 842 2670 869 2707; x_wconf 90' lang='lat' dir='ltr'>es</span> <span class='ocrx_word' id='word_1_239' title='bbox 882 2669 902 2704; x_wconf 54' lang='grc' dir='ltr'>ε.</span> 
     </span>
     <span class='ocr_line' id='line_1_33' title="bbox 157 2723 852 2790; baseline -0.009 -9"><span class='ocrx_word' id='word_1_240' title='bbox 157 2728 232 2781; x_wconf 83' lang='lat' dir='ltr'>donin</span> <span class='ocrx_word' id='word_1_241' title='bbox 243 2734 371 2790; x_wconf 73' lang='lat' dir='ltr'>murnum,</span> <span class='ocrx_word' id='word_1_242' title='bbox 385 2725 512 2777; x_wconf 88' lang='lat' dir='ltr'>secundhm</span> <span class='ocrx_word' id='word_1_243' title='bbox 526 2724 629 2777; x_wconf 91' lang='lat' dir='ltr'>ordinem</span> <span class='ocrx_word' id='word_1_244' title='bbox 641 2723 819 2777; x_wconf 83' lang='lat' dir='ltr'>Melchisedech.</span> <span class='ocrx_word' id='word_1_245' title='bbox 835 2744 852 2775; x_wconf 78' lang='lat' dir='ltr'>s</span> 
     </span>
    </p>
   </div>
   <div class='ocr_carea' id='block_1_7' title="bbox 159 2886 908 3011">
    <p class='ocr_par' dir='ltr' id='par_1_10' title="bbox 159 2886 908 3011">
     <span class='ocr_line' id='line_1_34' title="bbox 193 2886 908 2951; baseline -0.001 -17"><span class='ocrx_word' id='word_1_246' title='bbox 193 2887 226 2949; x_wconf 84' lang='lat' dir='ltr'>(l)</span> <span class='ocrx_word' id='word_1_247' title='bbox 240 2892 272 2934; x_wconf 86' lang='lat' dir='ltr'>De</span> <span class='ocrx_word' id='word_1_248' title='bbox 286 2888 321 2934; x_wconf 84' lang='lat' dir='ltr'>his</span> <span class='ocrx_word' id='word_1_249' title='bbox 331 2890 400 2934; x_wconf 87' lang='lat' dir='ltr'>etlam</span> <span class='ocrx_word' id='word_1_250' title='bbox 415 2889 485 2948; x_wconf 82' lang='lat' dir='ltr'>iutrd,</span> <span class='ocrx_word' id='word_1_251' title='bbox 501 2888 591 2948; x_wconf 66' lang='lat' dir='ltr'>qumi,</span> <span class='ocrx_word' id='word_1_252' title='bbox 601 2893 646 2935; x_wconf 82' lang='lat' dir='ltr'>art.</span> <span class='ocrx_word' id='word_1_253' title='bbox 658 2886 684 2949; x_wconf 74' lang='lat'>8,</span> <span class='ocrx_word' id='word_1_254' title='bbox 694 2889 724 2935; x_wconf 81' lang='lat' dir='ltr'>ad</span> <span class='ocrx_word' id='word_1_255' title='bbox 737 2888 762 2943; x_wconf 79' lang='lat'>8;</span> <span class='ocrx_word' id='word_1_256' title='bbox 773 2896 799 2936; x_wconf 80' lang='grc' dir='ltr'>οι</span> <span class='ocrx_word' id='word_1_257' title='bbox 809 2892 853 2951; x_wconf 77' lang='lat' dir='ltr'>W,</span> <span class='ocrx_word' id='word_1_258' title='bbox 868 2892 908 2934; x_wconf 67' lang='lat' dir='ltr'>dist</span> 
     </span>
     <span class='ocr_line' id='line_1_35' title="bbox 159 2950 531 3011; baseline 0 -14"><span class='ocrx_word' id='word_1_259' title='bbox 159 2962 200 3007; x_wconf 78' lang='lat' dir='ltr'>qn.</span> <span class='ocrx_word' id='word_1_260' title='bbox 211 2952 237 3009; x_wconf 82' lang='lat' dir='ltr'>t,</span> <span class='ocrx_word' id='word_1_261' title='bbox 253 2958 297 2996; x_wconf 83' lang='lat' dir='ltr'>art.</span> <span class='ocrx_word' id='word_1_262' title='bbox 316 2950 340 3011; x_wconf 75' lang='lat'>2,</span> <span class='ocrx_word' id='word_1_263' title='bbox 352 2952 490 3008; x_wconf 77' lang='lat' dir='ltr'>quicelinus.</span> <span class='ocrx_word' id='word_1_264' title='bbox 505 2952 531 2997; x_wconf 81' lang='grc'>3.</span> 
     </span>
    </p>
   </div>
   <div class='ocr_carea' id='block_1_8' title="bbox 0 0 992 3317">
    <p class='ocr_par' dir='ltr' id='par_1_11' title="bbox 0 0 992 3317">
     <span class='ocr_line' id='line_1_36' title="bbox 0 0 992 3317; baseline 0 0"><span class='ocrx_word' id='word_1_265' title='bbox 0 0 992 3317; x_wconf 95' lang='lat' dir='ltr'> </span> 
     </span>
    </p>
   </div>
  </div>
 </body>
</html>
