1917 3317
133 219 164 268 tl
229 227 339 267 mmet
353 227 478 280 cucuma,
495 227 590 275 oum.
606 226 716 280 cumn,
731 228 786 267 rar.
803 229 854 267 nvn

132 306 219 358 tionem
230 305 336 371 proximi.
347 305 392 357 Sed
401 305 491 356 dilectio
499 305 541 356 llei
550 305 658 371 precedit
668 305 811 357 dricelionem
820 304 930 370 proximi,

132 377 158 428 iu
175 381 284 441 quantum
306 378 423 441 proximus
440 381 534 442 propter
551 378 622 427 Deum
637 377 746 442 diligitur,
768 379 826 442 Ergo
844 377 933 428 videtur

133 447 194 512 quid
209 448 277 500 etiam
296 449 343 499 vita
356 448 534 513 contemplativa
546 445 576 499 sit
588 449 651 512 prior
663 449 730 513 quim
744 449 826 499 aetina.

166 526 189 570 a.
205 522 328 584 ffieoerea,
342 520 463 584 Gregorius
481 521 537 570 dicit
554 535 632 585 cuper
643 522 732 571 lineet.
747 521 850 587 (llumii.
866 523 899 572 lv
909 521 933 586 J:

135 593 277 644 vscieudum
290 593 393 656 estquod
405 591 549 644 sicnthcnna
561 594 615 643 ordo
625 593 719 644 vivendi
730 596 776 656 est,
788 595 814 642 nt
822 593 851 642 ali
862 595 934 643 activa

133 666 159 716 iu
172 664 369 728 contemplativam
382 666 500 722 tendatur,
515 665 549 713 ita
559 665 692 729 pierumque
710 664 795 714 utiliter
807 663 820 713 i
832 670 935 716 contem-

133 736 219 802 plativa
238 735 325 786 animus
337 735 365 785 ad
376 734 472 786 activam
490 735 621 787 reflectitur.
637 752 651 783 v
666 738 716 788 Nou
735 748 789 798 ergo
801 734 936 800 simpliciter

135 807 185 858 vita
194 807 268 857 activa
282 811 317 856 est
327 806 464 872 priorqudnr
478 807 663 871 contemplativa.

170 885 192 928 u.
209 882 336 940 Praeterea,
352 890 379 928 ea
390 893 442 942 qnae
455 879 551 929 diversis
564 881 708 943 competunt,
723 891 770 929 nou
782 876 893 929 videntur
912 893 937 930 on

139 951 273 1002 necesitate
288 947 389 1000 ordinem
411 951 501 1000 habere.
519 951 565 1000 Sed
577 951 624 1000 vita
637 949 712 1000 activa
727 954 751 1000 et
762 951 939 1014 contemplativa

136 1023 232 1074 dirersis
237 1024 382 1087 compelnnlg
390 1022 446 1072 dicit
457 1022 517 1072 enim
525 1023 645 1086 drogonum
653 1022 677 1072 in
686 1023 724 1072 lll.
733 1020 826 1072 Monoi.
836 1023 901 1087 (cap.
912 1027 938 1071 ul

136 1095 174 1145 vel
184 1097 242 1152 l‘ll:
254 1093 345 1159 «Sept
359 1094 398 1158 qui
409 1094 558 1158 contemplari
567 1095 638 1144 ileum
648 1093 720 1156 quieti
736 1095 858 1157 poterant,
871 1107 938 1144 occu·

137 1165 269 1229 potionibus
283 1165 357 1228 presai
370 1163 513 1228 cecideruut3
530 1168 554 1214 et
569 1162 630 1227 sept
648 1163 687 1226 qni
704 1163 810 1226 occupati
821 1163 885 1214 bend
901 1166 940 1213 hn-

139 1237 213 1286 manis
232 1236 310 1287 umbus
330 1235 449 1296 virerent,
470 1236 546 1300 gladio
561 1248 609 1285 snm
627 1235 714 1298 quietis
732 1233 827 1284 extincti
842 1240 909 1285 snut.
928 1251 939 1281 v

137 1306 188 1358 llou
199 1321 252 1371 ergo
264 1309 311 1357 vita
325 1307 399 1358 activa
411 1306 473 1371 prior
489 1306 603 1370 estoutm
615 1305 791 1370 contemplativa

168 1381 212 1431 Sed
226 1383 304 1430 contra
321 1384 370 1443 ost,
388 1382 448 1444 quod
462 1379 584 1440 Gregorius
597 1378 653 1428 dicit
671 1380 697 1429 in
709 1379 749 1428 lll.
765 1376 851 1427 liomii.
866 1395 944 1444 snper·

139 1451 247 1504 Excola:
262 1467 276 1499 c
287 1452 365 1502 ictiva
380 1452 425 1501 vila
439 1451 500 1516 prior
514 1453 659 1514 eettempore
672 1449 739 1514 quam
750 1451 942 1514 contemplativa,

139 1525 192 1589 quia
205 1536 233 1573 ex
246 1524 306 1575 bono
320 1537 388 1588 opere
401 1523 502 1574 tenditur
512 1523 541 1572 ad
555 1521 778 1587 contemplationem.
792 1538 805 1569 n

175 1596 329 1659 (Goucnusro.
343 1621 373 1634 -
390 1594 498 1654 Quamvis
515 1593 554 1643 vid
572 1593 724 1656 generationis
738 1597 762 1643 et
777 1597 895 1658 mantum
919 1598 945 1645 acl

142 1680 196 1728 noe,
211 1666 259 1717 rin
272 1668 344 1717 activa
359 1666 420 1731 prior
433 1665 463 1715 sit
476 1664 666 1730 mntemplativd,
683 1668 707 1714 nt
719 1663 781 1714 illius
799 1664 944 1729 dispositio,

142 1737 265 1790 secundum
280 1742 382 1788 naturam
395 1743 470 1788 tamen
484 1736 593 1801 posterior
606 1735 854 1800 comtemplativi.)

172 1811 306 1875 despondeo
323 1810 456 1872 dicendum,
474 1807 535 1872 qudd
552 1808 638 1872 aliquid
653 1808 737 1859 dicitnr
752 1821 803 1859 esse
815 1807 884 1871 prius
905 1813 949 1862 dn-

143 1882 230 1948 pllcilcr
247 1895 311 1932 :uuo
325 1882 408 1936 modo,
423 1880 546 1930 secundum
563 1892 627 1930 snam
644 1884 761 1943 naturam3
777 1883 803 1933 et
814 1881 859 1930 lroc
877 1886 949 1933 modo

142 1955 190 2004 vita
206 1953 379 2018 contemplativa
393 1953 427 2002 est
445 1952 506 2015 prior
523 1951 590 2014 quam
608 1952 698 2013 activa,
710 1950 735 2000 iu
748 1954 859 2014 quantum
882 1957 949 2018 prio·

143 2027 205 2078 ribus
222 2032 245 2076 ct
259 2025 390 2076 melioribus
403 2022 495 2074 insistit.
508 2023 572 2073 llude
587 2027 610 2073 ot
625 1990 723 2073 activdm
736 2023 808 2073 vitam
824 2031 912 2077 movet
927 2034 949 2078 et

81 2107 88 2118 ·
144 2098 227 2162 dirigit.
247 2097 313 2146 Ratio
331 2095 393 2146 enim
417 2095 588 2158 superiorque
606 2075 796 2158 contemplationi
808 2095 949 2162 deputanvr,

144 2172 286 2234 comparatur
300 2167 329 2216 ad
341 2166 470 2217 interiorem
483 2178 535 2230 oue
544 2167 664 2231 deputatur
678 2165 774 2227 actioni,
788 2165 850 2216 sicut
860 2170 904 2219 vir
924 2172 949 2222 ad

145 2241 277 2300 mulierem,
291 2251 341 2302 qna
352 2241 386 2287 est
395 2251 435 2301 per
445 2237 518 2286 virum
528 2239 635 2302 regenda,
646 2203 817 2319 utiugnstinus
828 2238 949 2294 uicitxll.

144 2313 181 2362 De
194 2312 262 2362 Trio.
281 2311 343 2372 (cap.
353 2308 411 2391 ot).
427 2309 475 2360 ilio
489 2309 557 2361 modo
570 2312 606 2360 est
619 2306 702 2374 adquiri
719 2310 781 2372 prius
793 2310 869 2373 quoad
885 2328 949 2378 nos

145 2385 205 2450 quod
224 2381 310 2433 scilicet
326 2384 360 2430 cst
373 2381 437 2445 prius
450 2379 474 2430 iu
488 2381 525 2431 via
535 2381 702 2445 'generationie3
717 2384 740 2431 et
752 2382 796 2431 hoc
812 2382 941 2436 modol
899 2388 949 2436 vil
943 2417 949 2435 .

144 2457 217 2507 activa
229 2458 264 2506 est
275 2453 336 2518 prior
347 2452 414 2517 quim
425 2452 610 2518 mntomplativa,
621 2453 674 2517 quia
686 2453 785 2518 disponit
798 2453 828 2503 ad
837 2460 948 2509 concern·

144 2528 266 2594 plalivarn,
284 2530 309 2575 ul
321 2538 350 2576 ex
366 2525 434 2590 supra
448 2526 515 2576 dictis
532 2529 594 2589 petat
607 2524 663 2590 (qu.
679 2528 740 2585 lut,
756 2528 798 2573 art.
816 2527 846 2585 l,
862 2529 897 2578 ad
912 2533 945 2594 3)

144 2598 267 2663 dispositio
280 2597 341 2649 enim
356 2597 394 2648 vid
411 2597 560 2662 generationis
578 2597 687 2660 precedit
698 2598 807 2658 sormam,
818 2607 871 2659 qun
888 2601 948 2651 sim·

145 2670 233 2735 pliciter
243 2672 266 2720 et
278 2669 400 2720 secundum
414 2683 479 2720 suam
493 2673 593 2720 naturam
605 2671 641 2718 est
654 2667 724 2732 prior.

145 2835 192 2880 tiva
206 2835 253 2880 rita
265 2835 381 2882 ordinatur
390 2833 475 2880 directe
490 2833 519 2878 ad
530 2833 590 2878 hanc
606 2833 681 2890 ipsam
697 2832 860 2892 dilectionem,
874 2842 905 2882 et
923 2844 947 2886 sl

146 2897 217 2942 habet
234 2899 295 2944 uude
314 2897 498 2955 contomplativan
513 2895 567 2940 vitm
586 2902 716 2952 opponatur
728 2908 770 2954 per
788 2895 812 2941 id
830 2900 901 2953 qnod
931 2919 947 2949 a

145 2965 267 3018 unamque
281 2961 436 3019 principaliter
450 2969 478 3005 no
488 2957 576 3004 directe
588 2959 700 3015 peruret.
