1917 3317
132 212 164 249 nn
178 212 368 249 reaumaus
383 212 416 249 an
433 213 555 252 numurus
571 213 597 250 ιιι
613 213 724 251 cunrsro.
785 199 833 253 ue

44 288 125 339 rationes
139 289 255 338 naturales
266 292 291 337 et
305 290 435 351 corporales
447 289 575 353 aliqualiter
587 291 614 339 ad
632 291 683 353 ejus
692 291 834 342 voluntatem

42 360 183 419 1evtinuerint,
193 360 343 425 perspicuum
353 365 389 409 est
400 360 552 423 multomagis
564 375 632 410 unam
644 376 696 412 esse
706 362 729 411 in
740 363 834 414 Christo

57 434 189 494 perationem,
205 446 275 494 quam
288 432 312 481 in
327 444 470 495 quocumque
484 433 529 482 alio
546 434 665 494 homine.)

68 504 190 567 ltespomleo
213 504 337 552 dicendum
345 540 354 565 ,
368 503 427 565 qubil
443 504 496 564 quia
509 506 578 552 bomo
597 509 631 553 est
643 506 665 553 to
678 506 737 567 quod
748 509 785 555 est
794 518 834 556 se·

59 577 124 623 mlum
135 577 258 627 rationem,
268 574 306 624 illa
318 576 420 639 operalio
429 575 513 624 dicitnr
522 589 571 625 esse
583 576 716 638 simpliciter
725 578 833 640 humana,

55 660 80 693 ve
93 647 172 696 ratione
189 648 295 711 procedit
313 660 354 709 per
368 648 523 711 voluntatem,
539 662 588 710 qna
604 655 640 697 est
655 648 748 698 rationis
760 662 833 713 appe-

57 730 84 764 ἰι
101 720 122 767 Si
131 732 173 780 qna
192 722 271 767 antem
286 716 389 781 operatio
403 722 437 767 est
449 719 472 766 iu
490 720 595 779 bomine,
612 733 663 781 qnae
674 733 717 768 uon
733 720 835 783 procedit

64 791 138 839 ratione
151 793 176 839 et
192 790 313 838 voluntate
323 827 329 848 ,
341 802 387 837 nou
400 792 435 838 est
452 790 586 852 simpliciter
599 790 701 852 operatio
715 792 830 854 bumana3

59 860 68 905 l
81 862 184 911 mnvenit
204 860 295 909 homiui
313 858 438 910 secuntum
453 860 551 922 aliquam
566 865 654 923 partem
674 864 779 912 hniuanae
793 875 834 914 na·

60 945 93 990 re,
107 933 246 993 quandoque
261 930 353 994 quidem
373 930 499 980 seeundirm
517 931 590 994 ipsam
606 936 708 982 naturam
724 934 835 984 elementi

53 1004 160 1065 ¹rporalis,
176 1006 237 1053 sicut
256 1002 309 1053 ferri
328 1004 448 1065 deorsum,
465 1005 599 1065 quandoque
621 1004 675 1054 verb
703 1006 832 1056 secundinus

54 1080 129 1124 rentem
141 1076 224 1125 animae
235 1074 385 1134 repetabilis,
396 1074 454 1123 sient
465 1074 546 1122 nutriri
557 1079 580 1123 et
589 1075 683 1135 angeri,
696 1079 833 1141 quandoque

51 1146 77 1193 ri
95 1148 224 1195 secundum
243 1150 333 1209 partem
347 1144 496 1203 sensitivam,
515 1145 574 1194 sicut
593 1147 671 1196 videre
691 1152 714 1197 et
736 1149 833 1213 andire,

51 1216 137 1275 ¹rapinari
146 1223 171 1267 et
184 1216 306 1265 memorari
316 1254 322 1276 ,
331 1216 495 1279 concupiscere
507 1220 531 1264 et
544 1216 620 1266 irasci.
634 1219 694 1265 luter
705 1231 760 1281 quas
774 1230 831 1283 ope·

57 1300 116 1337 :mnes
138 1293 177 1339 est
199 1287 328 1336 vlitlereutia
345 1302 351 1335 τ
369 1300 423 1337 nam
445 1288 590 1350 operationes
614 1289 695 1339 anima
715 1289 835 1340 sensitiva

58 1366 75 1406 nt
87 1362 220 1424 aliqualiter
233 1359 367 1409 obedientes
377 1360 472 1422 rationi3
484 1364 508 1409 et
517 1358 567 1409 ideo
581 1364 634 1408 sunt
648 1361 775 1422 aliqualiter
792 1374 835 1410 ra·

60 1432 114 1481 mlos
133 1437 158 1481 et
174 1434 301 1491 huruuua,
317 1430 342 1479 in
353 1429 464 1493 quautirm
478 1432 565 1480 scilicet
579 1431 687 1480 obertinnt
698 1432 794 1493 rationi,
807 1432 834 1480 nt

55 1511 81 1551 et
94 1520 133 1567 per
150 1504 322 1565 Philosophum
338 1503 361 1551 in
378 1503 406 1553 ll.
422 1503 548 1559 Ethicor.,·
556 1505 703 1565 operationes
718 1502 771 1551 verb
782 1516 834 1565 que

65 1583 144 1625 vvmtur
162 1575 268 1625 animam
287 1573 453 1637 vegetabilem,
471 1574 589 1624 ueletiam
610 1579 713 1621 naturam
733 1574 837 1622 elemen-

58 1662 72 1693 ,ε
91 1648 212 1712 corporiS,
234 1658 281 1694 uon
310 1645 464 1709 subjiciuntur
487 1645 582 1706 rationi3
604 1646 665 1693 unde
685 1646 747 1694 nullo
768 1643 836 1695 modo

58 1722 70 1763 it
85 1720 228 1777 rationales,
239 1729 282 1765 uec
298 1718 404 1765 bumana
416 1716 557 1778 simpliciter,
570 1716 609 1764 sed
623 1715 696 1764 solhm
710 1714 836 1766 secundnm

59 1801 97 1837 eu
114 1793 231 1840 humanae
245 1790 342 1837 naturae.
354 1786 441 1835 bictnm
452 1791 487 1837 est
499 1791 575 1837 antem
590 1786 657 1849 supra
668 1787 728 1849 qnod
741 1787 835 1850 qnando

60 1876 81 1909 us
100 1862 205 1911 interius
223 1859 271 1919 agit
287 1872 328 1921 per
341 1857 455 1921 propriam
469 1860 581 1917 formam,
595 1862 652 1906 tnnc
666 1863 702 1907 cst
715 1859 759 1906 alia
772 1871 834 1921 ope·

51 1949 72 1979 ,m
84 1934 208 1985 inlerioris
221 1932 313 1990 agentis
327 1936 350 1980 et
362 1930 500 1993 superioris;
515 1932 606 1992 qnando
618 1929 672 1979 verb
690 1943 762 1991 agens
773 1930 836 1981 iule-

55 2020 125 2055 snon
147 2005 202 2067 agit
228 2000 274 2051 nisi
293 2000 420 2051 moundhnu
442 2001 502 2063 quod
525 2004 561 2049 est
582 2005 668 2049 motum
693 1999 707 2048 a
725 2000 837 2063 superiori

50 2084 109 2137 rute,
126 2081 188 2127 tunc
205 2078 246 2123 est
263 2073 342 2121 eailem
352 2071 454 2136 operatio
469 2071 593 2135 superioris
604 2071 691 2132 agentis
702 2075 726 2120 et
739 2071 833 2122 interio-

46 2174 58 2191 κ.
78 2150 113 2196 Sic
132 2149 210 2212 igitur
230 2144 255 2193 in
277 2155 420 2207 quocumque
439 2142 531 2193 bomine
550 2157 607 2206 pnro
620 2143 663 2192 alia
684 2148 719 2192 est
731 2143 834 2206 operatio

57 2222 157 2271 <mutaris
172 2214 287 2279 eorporis
305 2220 328 2266 et
341 2215 423 2265 anima
437 2214 585 2278 vegetabilis,
603 2215 631 2263 ab
645 2216 778 2277 operatione
793 2228 835 2265 vo·

59 2293 117 2352 tatis,
134 2306 192 2355 qnae
216 2292 257 2337 est
271 2284 363 2351 proprie
376 2287 485 2335 bumana.
501 2287 529 2335 Et
543 2285 647 2335 similiter
656 2286 724 2335 etiam
733 2285 835 2349 operatio

65 2378 92 2411 re
101 2364 244 2419 sensitivae,
259 2361 372 2421 quantum
387 2358 414 2407 ad
429 2357 452 2406 id
466 2359 526 2421 quod
538 2371 584 2407 non
598 2357 723 2406 movetnra
735 2357 832 2418 ratione;

70 2444 176 2496 qnantum
194 2434 227 2484 ad
247 2432 269 2481 id
290 2431 349 2493 quino
366 2434 472 2479 movetur
486 2430 499 2479 b
513 2430 619 2487 ratione,
633 2432 670 2477 est
684 2429 764 2477 eadem
782 2440 837 2492 ope-

85 2509 152 2567 partis
167 2503 299 2558 sensitivae
318 2504 342 2553 et
356 2500 482 2551 rationalis.
497 2501 571 2564 lpsins
583 2506 658 2551 autam
668 2500 750 2549 animae
760 2500 834 2551 mbo-

61 2603 73 2618 ι·
88 2584 120 2629 est
138 2592 187 2630 una
213 2573 342 2639 operatio,
357 2572 377 2623 si
395 2573 540 2621 attendamus
555 2573 583 2621 ad
604 2573 679 2634 ipsum
696 2572 836 2635 principium

65 2651 165 2711 aionis,
182 2648 255 2713 quod
270 2648 308 2695 est
322 2643 381 2693 ratio
399 2642 435 2692 vel
447 2643 560 2694 voluntas.
572 2642 740 2692 Diversiticatnr
758 2645 837 2691 auteur

65 2723 131 2772 unium
146 2722 293 2787 respectum
307 2716 335 2765 aul
351 2714 443 2764 diversa
460 2714 563 2778 objecta,
573 2727 641 2777 qnam
658 2713 749 2776 quidem
760 2712 837 2763 diver·

63 2802 99 2841 vem
117 2796 190 2857 aliqui
212 2787 396 2855 appellaverunt
418 2785 574 2835 diversitatem
599 2790 744 2858 operatorum
763 2780 835 2843 magis

57 2876 80 2908 m
93 2868 284 2927 operationum,
300 2858 432 2922 judicantes
451 2858 479 2907 de
500 2856 589 2907 unitate
608 2854 747 2918 operationis
761 2850 837 2931 solium

42 2942 110 2995 inerte
121 2933 246 3005 oper-atini
260 2930 380 2997 principit.
390 2930 431 2981 Sic
440 2929 502 2981 euim
512 2943 575 2981 nume
586 2926 697 2992 queritur
708 2924 736 2973 de
746 2924 837 2973 nnrhte
