1917 3317
181 193 212 230 ua
228 193 389 233 cunctacione
406 193 566 245 sacraturus,
582 195 637 234 aro.
764 187 811 235 tlte

57 267 121 328 icreato,
134 273 164 320 est
178 270 248 320 sollus
261 270 358 334 Christl3
373 270 423 334 ipsc
439 271 501 322 culm
522 276 558 323 est
577 285 678 335 «agnus
695 272 735 336 qui
752 274 811 325 tolltt

57 341 108 386 eccela
119 340 198 400 mucidi,
210 358 224 388 u
236 345 262 391 ut
274 342 357 392 dicitur
369 343 452 397 doun„
467 345 486 392 1.
500 343 607 406 Figuram
616 347 693 393 autem
705 344 758 407 ejus
772 359 811 408 ge·

57 406 88 453 elul
101 409 265 474 Melchisedech,
283 416 307 462 ut
320 413 444 476 Apostolus
457 416 540 477 prohat
550 415 636 469 Hcdr„
647 416 697 464 vlt.
712 415 754 465 Per
766 417 812 466 hoc

57 489 81 537 ”eo
90 480 136 540 auid
149 483 259 534 hhraham
273 485 438 535 Melchisedech
456 486 555 536 decimas
568 488 643 546 dedit,
656 487 813 550 praefiguravit

57 553 148 626 eulatia
162 559 257 619 peccato
271 560 404 619 conceptum
416 593 424 618 ‚
442 561 465 606 el
479 571 559 607 omues
572 558 612 620 qui
625 559 654 608 ab
670 571 698 608 co
710 558 814 610 deseen-

57 631 187 695 333331,33
202 626 289 676 echone
302 630 326 676 ut
335 631 454 690 peceatum
470 627 580 691 originale
594 630 766 691 contraherent,
777 629 815 678 iu-

59 707 97 750 ,ere
106 698 230 759 curatione,
241 711 291 760 que
307 703 397 762 est-per
407 699 533 748 Christum.
549 701 611 749 lsaac
622 704 698 750 autem
708 704 732 749 et
745 701 815 751 tacoh

67 763 109 813 teci
117 772 137 817 et
148 781 230 820 omnes
241 767 280 818 alii
297 769 329 820 slc
345 769 437 819 fuerunt
451 771 475 818 in
486 770 614 832 ahraham,
627 776 653 820 ut
665 784 695 820 ex
712 785 739 821 eo
750 770 810 821 deri·

57 841 185 898 theotochon
200 841 274 891 solnm
296 840 421 891 secuudhm
436 841 612 905 corpulentam
632 843 814 904 sudetootr'am,

58 907 66 951 ·l
77 909 132 960 eliam
141 911 267 962 secundhm
280 914 407 962 rationem
422 913 582 973 seminalem,
596 927 638 977 per
656 928 724 978 quam
741 914 817 977 origi·

57 977 75 1023 le
88 987 193 1040 peccaturo
216 984 365 1034 contrahitur.
383 985 412 1033 uc
428 983 480 1034 idco
498 997 578 1034 omues
593 986 617 1034 iu
632 985 743 1035 hhraham
762 989 817 1036 sunt

60 1049 125 1114 aucti,
136 1053 160 1104 id
175 1059 222 1116 est,
243 1054 381 1117 praefigurati
394 1055 497 1118 indigere
511 1055 645 1118 curatione,
662 1071 712 1118 quae
723 1061 760 1107 est
775 1069 817 1120 per

58 1120 123 1173 rislum
138 1126 183 1190 (1).
206 1125 276 1176 Solus
289 1131 364 1177 aulem
383 1127 489 1177 Christus
505 1128 538 1176 sic
554 1127 600 1175 init
612 1127 637 1175 iu
654 1128 775 1191 hhraham,
791 1129 817 1177 ut

57 1203 88 1238 raa
101 1195 245 1256 laniaretur,
262 1210 308 1246 uon
331 1197 455 1248 secundhm
478 1199 589 1247 rationem
608 1198 758 1259 seminalem,
776 1199 818 1248 sed

57 1266 133 1316 3311333
149 1268 307 1333 corpulentam
321 1269 477 1318 substantiam.
491 1270 518 1318 Et
528 1270 582 1320 idco
596 1283 640 1319 nou
654 1270 698 1319 fult
709 1271 733 1319 iu
746 1272 817 1320 hhua-

57 1348 74 1379 a
86 1337 137 1388 sicul
150 1341 270 1390 curatione
283 1341 401 1403 indigens,
415 1343 453 1390 sed
468 1340 542 1402 magis
555 1340 614 1390 sicut
624 1340 727 1390 uulneris
743 1340 816 1391 medi·

57 1415 79 1452 lt
94 1408 118 1458 ltl
134 1411 187 1462 ideo
201 1423 250 1461 aion
268 1410 312 1460 luit
325 1411 349 1460 iu
363 1410 446 1460 lumbis
460 1412 556 1461 hhrahae
571 1410 707 1461 decimatas.

57 1475 75 1522 ll
87 1493 121 1540 per
132 1483 177 1532 hoc
187 1485 253 1546 patet
265 1483 384 1546 responsio
396 1483 423 1532 ad
439 1484 550 1546 primum.

59 1549 80 1594 ll
90 1556 211 1604 secuudum
223 1553 353 1616 dicendum,
364 1554 422 1616 quod
435 1555 488 1618 qula
500 1554 527 1602 B.
536 1554 605 1617 Virgo
619 1553 663 1603 luit
675 1553 699 1602 iu
713 1552 820 1616 originali

57 1625 102 1670 cato
115 1629 239 1689 concepta,
249 1625 292 1674 luit
305 1625 329 1673 iu
341 1626 454 1674 ahraham
465 1625 526 1676 sicut
539 1625 654 1675 curatione
665 1624 778 1688 indigens.
791 1625 819 1674 Et

57 1707 70 1734 u
83 1695 121 1744 luit
136 1697 168 1746 ibi
184 1697 315 1758 decimata,
334 1697 397 1747 velut
419 1698 473 1746 inde
488 1697 629 1747 descendens
643 1695 768 1746 secuudhm
782 1709 820 1745 se·

61 1764 117 1814 calon
131 1767 258 1820 rationem.
276 1769 309 1818 lle
328 1781 421 1832 corpore
440 1771 515 1818 autem
530 1769 614 1818 Christi
630 1781 677 1818 uon
691 1772 725 1817 cst
738 1767 783 1829 sic,
794 1771 821 1817 ut

59 1851 94 1885 utilit
111 1847 154 1892 est,

57 1909 80 1953 al
92 1913 184 1964 tertium
201 1913 339 1972 dicendum,
352 1911 412 1976 quod
434 1925 487 1962 caro
504 1910 591 1961 Christi
608 1910 691 1961 dicitur
704 1911 776 1961 tuisse
795 1911 821 1962 in

57 1981 109 2040 *tarcis
121 1987 232 2049 patribus
245 1989 340 2048 peccato
352 1984 458 2047 obnoxia,
469 1982 594 2034 secuudum
608 1982 740 2046 qualitatem
752 1995 821 2045 qaam

66 2053 90 2098 ait
100 2055 121 2104 iu
132 2057 194 2120 ipsis
209 2055 327 2120 patrituo,
341 2056 380 2120 qui
393 2057 487 2106 luerunt
500 2054 621 2117 decimati,
636 2069 682 2105 uun
696 2060 770 2112 autem
785 2069 822 2104 se·

60 2121 107 2173 u'hm
121 2129 263 2191 qualitatem
279 2140 347 2191 quam
359 2127 427 2177 hahet
443 2130 511 2190 prout
523 2130 617 2176 cstactu
628 2125 653 2175 in
663 2127 767 2187 Christo,
780 2125 821 2188 qui

57 2211 61 2238 ι
76 2203 106 2247 est
119 2201 267 2250 decimatus.

57 2267 77 2313 *d
86 2277 189 2331 quartum
212 2271 351 2334 dicendum,
364 2270 424 2334 quhd
435 2271 584 2320 sacerdotium
595 2268 722 2320 Leuiticum
735 2283 822 2319 secuu-

59 2413 65 2454 l
89 2419 143 2464 13133
158 2419 293 2475 figuratum
307 2415 331 2459 in
344 2415 523 2467 Melchisedech,
536 2419 562 2458 ut
577 2413 654 2470 supet,
667 2426 696 2458 ex
705 2425 759 2470 cap.
778 2415 823 2458 Vll

63 2478 136 2530 ltetr„
148 2483 209 2538 quia
223 2481 270 2524 hoo
284 2479 359 2534 ipsum
376 2489 460 2522 rioroen
475 2477 644 2525 Melchisedech
655 2477 820 2532 interpretatur

65 2541 180 2594 jucta'ta'oe,
195 2549 226 2588 ut
242 2546 267 2586 et
281 2553 322 2584 rex
336 2538 420 2596 Salem,
435 2540 511 2596 qualis
530 2540 585 2594 tuit,
601 2539 661 2583 idern
681 2546 717 2583 eat
732 2551 759 2583 ac
773 2550 822 2582 rea·

57 2615 90 2654 ¹¹0:
104 2614 127 2650 ct
141 2607 202 2664 quia
223 2604 277 2648 siue
294 2603 341 2648 ulla
360 2602 495 2658 genealogia
516 2613 559 2645 nee
573 2601 662 2644 initium
675 2601 765 2645 dierum
780 2611 825 2644 nec

57 2677 76 2706 ui
87 2669 135 2712 altae
144 2671 247 2714 hahens
259 2664 410 2722 describitur,
421 2663 472 2709 chru
487 2664 543 2708 nihil
552 2665 597 2708 talc
607 2664 635 2708 de
648 2663 820 2708 Melchisedech

57 2727 73 2770 l't'
92 2733 274 2777 commemoret
296 2727 420 2782 Scriptura.
443 2729 496 2779 Quae
521 2725 600 2770 omnia
623 2738 670 2769 non
692 2722 821 2780 symbolice

57 2796 210 2849 Ε3301331313,
231 2791 275 2836 sed
289 2789 343 2834 verd
355 2792 509 2840 conveniunt,
521 2789 562 2843 qui
577 2789 649 2834 lsai„
663 2788 708 2842 tx,
724 2797 786 2830 vere.
797 2784 822 2841 6,

67 2867 88 2896 cr
101 2859 233 2912 Princeps
247 2852 364 2911 poetata
381 2863 427 2906 quo
442 2851 511 2896 etiam
525 2850 708 2906 laat.,xxx11,
722 2860 784 2892 vers.
798 2846 821 2905 1,

60 2931 103 2963 ricc:
119 2921 152 2967 Iac
162 2916 283 2978 justitio
296 2913 408 2972 repectit
421 2927 475 2959 rec.
