1917 3317
131 122 179 173 tat
327 130 387 169 nans
403 131 444 180 an,
460 129 555 177 ennea.
572 130 630 177 m,
646 128 703 165 m.
720 129 749 165 n.

434 311 597 363 auunculus
613 312 645 361 Il.

194 438 280 485 Utrltm
300 438 394 484 cltrlelo
417 437 648 489 conmemorare,
669 436 805 480 muln
825 448 891 479 auam

445 500 636 545 sensualitatem.

168 630 201 681 td
214 628 338 679 seeundum
351 625 385 676 sic
399 626 530 689 proceditur
538 624 583 688 (l).
595 624 695 674 Videtur
712 624 778 687 qultd
793 624 897 674 clur'ntw

136 703 212 753 venial
227 713 290 751 urana
307 697 431 748 secuudum
448 710 512 747 suam
531 696 717 745 sensualitatem.
743 697 836 747 Dicitur
855 696 899 743 nul

136 772 204 825 Paul.
222 771 342 825 Lxxxltt.
362 782 392 818 ex
408 781 506 832 pessima
517 766 601 815 cerati
611 781 617 814 :
629 766 698 816 «Cer
709 780 792 816 meum
808 772 887 817 eimau

136 845 298 895 exultaverunt
307 844 330 889 ln
339 842 408 889 lleum
419 839 506 887 vivum.
513 855 528 884 u
536 837 582 885 Sed
592 838 736 888 sensualitas
745 839 898 900 ‹liciturum-a

137 916 220 965 earnis.
232 915 290 977 Ergo
308 912 446 963 sensualitas
460 910 545 961 Christi
558 909 634 972 potuit
647 911 780 961 ascendere
795 911 821 959 in
834 911 895 958 [lene-

137 999 207 1045 num‚
222 985 353 1044 exultante,
362 989 384 1032 et
399 981 447 1045 pari
465 981 532 1031 mndn
548 981 643 1031 orande.

170 1060 195 1105 2.
212 1056 342 1117 Praeterea,
357 1053 508 1129 ejusmdetur
521 1066 573 1102 esse
587 1065 666 1113 orare,
682 1052 754 1115 eujus
768 1057 808 1102 est
825 1053 900 1101 aestu

138 1126 193 1177 illud
210 1127 269 1188 quud
284 1127 375 1189 petitur.
391 1126 436 1176 Sed
450 1125 554 1175 Christus
575 1122 659 1187 petivit
672 1123 764 1185 aliquid
780 1126 846 1188 quel
867 1125 896 1171 la·

138 1196 198 1249 ravit
214 1197 265 1260 ejus
280 1196 417 1247 sensualitas
433 1196 477 1261 (ἰ),
489 1194 541 1245 cium
562 1196 619 1245 dicit
636 1210 671 1242 :u
686 1196 804 1245 Transeat
819 1196 834 1245 l
848 1209 880 1244 me

137 1268 197 1328 iste,
211 1282 224 1312 n
241 1268 302 1317 sient
316 1267 397 1319 dicitnr
417 1267 518 1326 lleltli„
535 1268 615 1317 xxvi.
633 1268 695 1329 Euge
713 1268 860 1317 sensualitas
871 1268 895 1314 ti..

139 1339 220 1391 mavit.

173 1414 195 1460 3.
209 1412 334 1472 Praeterea,
351 1410 423 1473 magis
436 1414 471 1461 est
487 1410 551 1460 uniri
566 1411 613 1461 llen
624 1410 649 1458 in
660 1423 774 1473 persona,
787 1413 862 1476 quam
875 1426 890 1458 a·

140 1482 193 1535 dere
215 1484 239 1533 in
252 1485 322 1532 [lenm
344 1497 384 1547 pen
402 1483 537 1533 ouationem.
552 1482 598 1532 Sed
613 1482 754 1532 sensualitas
769 1484 816 1533 luit
838 1497 895 1533 assu

140 1554 154 1607 a
172 1558 222 1607 Dee
238 1556 263 1605 iu
281 1556 392 1605 unitatem
409 1555 593 1619 permensione
607 1558 631 1603 et
648 1554 760 1617 quelibet
774 1568 833 1617 nans
852 1557 885 1603 hu
915 1591 917 1594 .

140 1633 233 1679 naturae.
254 1628 313 1689 Ergo
325 1626 395 1677 multe
407 1626 480 1689 magis
495 1630 568 1689 potuit
584 1626 708 1674 ascendere
723 1625 749 1674 iu
768 1628 845 1676 llenm
860 1645 891 1671 eu·

174 1698 217 1747 Sed
238 1704 315 1747 contra
330 1702 378 1761 est,
390 1698 451 1761 quud
467 1697 551 1747 dieitur
563 1696 676 1757 Phalip„
690 1697 731 1757 ll,
747 1698 810 1758 qued
822 1698 891 1746 Filia-

141 1766 267 1819 seeundum
286 1773 387 1817 naturam
398 1782 466 1831 quam
482 1768 623 1830 assumpsit,
636 1767 650 1814 'e
667 1766 690 1815 in
711 1767 888 1817 similituninem

142 1838 228 1887 minum
247 1839 320 1887 laetus
339 1842 382 1889 esi.
397 1856 410 1885 n
426 1839 469 1889 Sed
490 1838 530 1889 alii
546 1838 652 1887 hemines
669 1851 717 1888 unu
739 1845 809 1890 eraut
827 1853 887 1889 secu

143 1910 322 1961 sensualitatem.
338 1910 398 1973 Ergo
419 1925 462 1963 nee
481 1910 584 1961 Christus
601 1909 674 1960 oravit
688 1910 820 1961 secundum
838 1924 896 1961 sens:

142 1984 221 2032 tatem.

177 2054 336 2114 (euucnnsuo.
353 2080 384 2091 -
400 2052 458 2103 Clam
469 2054 541 2103 eratin
552 2052 583 2103 sit
596 2051 692 2102 rationis
704 2056 774 2103 aetus
788 2056 812 2103 et
829 2062 903 2102 menn

143 2123 214 2175 llenm
228 2124 326 2175 elevatio
343 2138 389 2175 uon
405 2126 513 2175 convenit
529 2125 623 2174 Christe
635 2124 767 2173 secunlum
782 2128 890 2174 sensuali:

143 2208 222 2259 orare,
245 2194 289 2244 nisi
307 2201 418 2259 quatenus
433 2196 484 2257 ejus
499 2198 570 2246 oratio
592 2193 753 2246 sensualitatis
769 2196 905 2246 allectum·

143 2278 211 2329 qnam
226 2264 336 2315 advocata
350 2268 415 2329 ejus,
431 2266 564 2330 exprimit.)

175 2337 310 2399 Respondes
326 2338 462 2402 dicendum,
476 2337 537 2401 quel
551 2349 615 2388 orare
628 2336 757 2386 seeundum
771 2338 886 2387 sensualia

142 2410 220 2471 petest
234 2407 330 2471 intelligi
343 2406 462 2473 dupliciter
474 2424 480 2458 :
497 2422 544 2459 uno
558 2409 638 2468 medo,
652 2406 687 2457 sie
701 2408 763 2471 qued
779 2411 831 2473 ipsa
842 2414 886 2458 emt

180 2522 211 2586 (l)
234 2528 267 2571 lle
283 2527 319 2572 his
337 2528 407 2572 etlam
425 2526 497 2583 intra,
522 2532 566 2573 art.
588 2526 618 2585 l,
638 2538 704 2583 corp.
725 2534 751 2573 et
773 2529 804 2573 ad
820 2526 848 2579 4;
867 2533 886 2569 et

145 2588 200 2633 (liat.
214 2588 257 2647 l'l,
272 2596 316 2635 art.
330 2590 360 2650 3,
376 2592 515 2647 quaestiune.
525 2591 555 2645 33
571 2596 595 2639 et
608 2588 710 2645 opusc„
723 2592 774 2648 111,
786 2603 842 2648 eap.
855 2589 895 2633 2lll

148 2652 249 2709 opusc„
265 2654 316 2697 vlt.

180 2721 213 2779 (9)
227 2724 253 2765 ln
268 2722 354 2765 bonnm
366 2727 458 2777 partem
477 2729 568 2777 sumpta
584 2735 627 2779 pro
640 2722 747 2777 appetitu
760 2724 886 2772 sensitiva,
898 2740 901 2754 ι

147 2782 234 2837 alioqui
250 2783 318 2835 nutet
340 2782 402 2827 male
417 2788 484 2828 sonet
507 2790 603 2841 prepter
626 2784 806 2841 curruptionem
827 2785 917 2831 sensti·

148 2842 253 2889 sensitlvi
267 2842 399 2901 appetitus,
413 2856 464 2900 qua
479 2844 504 2889 in
517 2846 608 2891 (llil-inte
619 2859 667 2891 non
677 2846 731 2891 luit.
