1917 3317
274 256 306 293 nu
319 253 436 296 rumora
452 252 560 295 muer.
770 246 818 295 ena

33 332 118 383 2udiun
136 330 194 383 sero
214 330 330 383 fruitionis
352 344 382 384 os
398 333 464 395 puros
482 330 607 395 potendn,
628 332 666 381 oni
688 331 817 397 miidtnr.

41 404 75 453 ld
98 403 226 454 seeundum
251 401 388 467 dioendun,
409 401 472 467 quod
489 402 584 453 verinus
604 400 661 456 illud
682 404 818 469 Philosophi

33 476 76 525 root
100 474 223 526 ventatern
244 475 332 525 rodone
355 472 512 525 redundantia
529 486 582 538 que
594 474 729 527 naturaliter
744 476 770 525 tit
789 475 817 526 ab

33 560 51 594 ιι
66 545 174 610 potentia
188 544 272 597 anime
287 546 313 597 in
334 545 410 597 aliam.
423 546 468 597 Sed
486 546 531 596 troo
547 544 572 595 in
584 545 674 598 (inmte
695 561 742 599 non
755 546 815 611 tuit,

47 618 119 681 sopri
132 616 222 668 dictum
236 620 281 669 eet.

39 691 71 739 liri
87 688 185 741 tertium
198 687 329 751 dicendum,
344 687 404 752 quid
417 687 476 739 ratio
489 688 529 739 illa
541 687 645 754 procedit
660 689 689 740 de
704 689 816 742 totalitate

33 762 90 812 rimae
108 762 222 825 quantum
238 759 267 811 ad
287 758 339 825 ejus
352 760 476 824 potentias.

309 939 468 991 ninculus
481 939 521 991 ix.

62 1044 155 1110 uirum
168 1065 281 1112 obrutus
292 1064 373 1119 suerit
390 1065 539 1109 convenienti
553 1068 657 1123 tompore
670 1077 761 1122 passus

37 1193 68 1241 lul
83 1203 178 1243 nonum
192 1189 226 1241 sio
236 1190 377 1255 preoeditur.
390 1189 486 1241 Videtur
494 1189 556 1254 quid
568 1190 672 1242 Christus
687 1205 734 1243 non
748 1192 817 1243 fuerit

35 1262 160 1314 uuenienti
174 1264 277 1327 temporo
295 1274 387 1326 puseus.
406 1261 486 1315 Passio
499 1262 561 1313 ιιὶιι
580 1262 666 1313 Christi
680 1262 817 1327 figurabatur

36 1351 44 1384 r
58 1334 247 1386 immolationem
262 1334 315 1399 agni
331 1334 464 1397 Peentalis3
480 1336 577 1386 undeet
589 1335 709 1400 Apostolos
727 1335 782 1386 dioit
796 1338 815 1387 1.

33 1408 38 1441 l
50 1409 122 1464 Cor„
134 1406 157 1455 V
172 1420 179 1456 :
193 1422 208 1453 ιι
217 1405 306 1456 Pascha
314 1410 419 1457 nostrum
429 1406 560 1457 immolatus
570 1410 607 1458 est
618 1407 733 1457 cunutus.
744 1409 815 1460 »Sed

34 1494 74 1529 rus
92 1476 207 1529 poenalis
222 1476 383 1527 immolabatur
396 1476 576 1540 decimaquarta
589 1476 626 1528 dio
645 1477 674 1528 ad
687 1490 814 1541 vesperam,

44 1550 130 1601 dicitur
141 1546 243 1604 Enod„
260 1547 354 1611 illiti).
369 1548 427 1609 orgo
443 1546 551 1610 uidetur,
563 1546 622 1612 quod
635 1548 741 1600 Christus
755 1552 811 1600 tune
873 1576 877 1585 ·

35 1619 110 1671 buerit
123 1618 187 1684 pati.
202 1618 268 1677 Quod
278 1622 343 1682 patet
352 1632 402 1669 esee
415 1618 516 1681 laisnm3
529 1631 582 1668 nam
595 1623 650 1669 tuno
664 1620 751 1670 Ριιιῐιιι
761 1634 813 1671 oum

35 1706 51 1740 rs
64 1688 192 1755 discipulis
203 1688 336 1749 celebrauit,
345 1688 470 1740 seeundirrn
485 1689 541 1740 illud
548 1690 814 1747 Morofflruprimo

34 1774 200 1827 sezymorum,
211 1760 303 1824 ιιιιιιο
317 1761 421 1811 Phaestia
431 1759 587 1825 immohhant
597 1777 611 1809 n
619 1762 725 1826 sequenti
738 1767 814 1816 auum

34 1848 40 1883 ι
54 1846 138 1897 passus
152 1830 209 1883 fuit.

37 1910 57 1955 i.
73 1908 205 1965 preterea,
220 1902 297 1969 passio
306 1903 393 1955 Christi
405 1902 487 1955 dieitur
495 1903 546 1968 ejus
555 1904 676 1968 meletio,
687 1905 814 1957 seeunddrn

34 1979 57 2026 ul
76 1979 165 2034 loon„
183 1976 216 2026 lll
234 1990 241 2026 :
260 1977 381 2041 «Oportet
400 1976 495 2027 exaltari
514 1975 586 2026 tilium
603 1978 711 2029 morinis
735 1980 813 2044 »lpse

37 2052 76 2098 tem
91 2048 208 2099 Christus
218 2046 302 2097 dieitur
319 2046 358 2097 eol
372 2048 503 2111 juotite'ae,
522 2052 549 2099 ut
561 2052 625 2113 patet
635 2048 754 2108 Moloeis„
767 2050 811 2101 ult.

34 2134 62 2181 ¹po
79 2120 177 2172 ridetur
194 2118 258 2183 qudd
276 2117 379 2170 debuerit
392 2120 440 2183 pati
456 2120 514 2170 hora
526 2123 591 2171 sexta
600 2158 609 2184 ,
622 2123 713 2185 pando
729 2122 763 2174 eol
779 2125 816 2174 eet

40 2206 78 2242 sua
94 2191 203 2243 mama
220 2190 374 2254 exutadone3
390 2192 458 2255 eujus
470 2191 608 2242 eontrarium
625 2193 716 2245 videtur
732 2207 774 2259 per
791 2195 814 2246 id

34 2264 62 2311 rod
75 2263 165 2315 dieitur
181 2262 279 2321 Murci,
293 2261 355 2313 XV:
368 2278 382 2309 ιι
394 2262 449 2311 lirat
457 2266 534 2313 autern
547 2264 604 2314 hora
614 2265 696 2330 tedia,
706 2268 731 2317 et
743 2265 816 2317 oruoi·

34 2338 101 2385 xerunt
118 2347 187 2385 oum.
203 2349 217 2381 u

39 2410 58 2455 ³.
72 2410 205 2466 Preteree,
215 2404 277 2455 sieut
291 2404 325 2454 eol
341 2402 366 2453 in
376 2406 433 2455 hora
442 2408 507 2456 serta
520 2406 618 2459 manuue
633 2409 745 2460 exulatus
757 2423 814 2475 quo·

34 2482 59 2527 tot
74 2480 125 2542 die,
144 2478 183 2528 ita
197 2476 223 2526 in
238 2474 336 2526 solstitio
348 2476 446 2527 ustioni
462 2477 565 2529 maximi
582 2479 696 2530 exaltatur
713 2481 815 2545 quolibet

34 2562 72 2599 ιιι.
89 2548 180 2603 debut
194 2558 251 2611 ergo
269 2545 344 2609 mans
353 2548 402 2611 pati
416 2548 476 2599 urea
486 2551 578 2614 tempos
588 2550 682 2602 solstitii
693 2552 813 2617 estivalis,

34 2633 69 2671 ιιι
82 2622 149 2673 eirea
163 2622 259 2682 tempus
273 2616 405 2681 equinooii
415 2619 523 2671 vernalis.

40 2788 66 2851 tl]
89 2792 128 2841 sio
154 2790 221 2839 enim
237 2792 285 2851 ibi,
308 2804 368 2839 vers.
385 2790 415 2837 o:
430 2792 461 2839 Et
478 2791 606 2840 servabitis
627 2806 684 2840 euos
707 2792 811 2857 (scilieet

34 2854 98 2915 rnum)
113 2868 198 2915 eosque
217 2855 250 2903 od
268 2860 380 2914 quartem
395 2856 512 2903 decimum
532 2856 597 2903 diem
609 2857 698 2903 memte
718 2858 812 2917 injus,

34 2920 188 2979 mototttqtre
205 2932 262 2969 eoos
276 2920 394 2967 uniuerso
407 2919 540 2970 multitudo
552 2920 664 2981 fitiorum
679 2921 757 2971 laroet
778 2924 811 2972 eut

36 2994 129 3039 *ΡΜ
