1917 3317
133 213 179 261 tud
321 219 381 259 rurs
394 221 435 270 m,
448 217 542 265 oum.
556 216 630 268 xm,
642 215 699 254 aur.
715 215 742 252 o.

132 300 209 351 bomo.
224 299 284 362 Ergo
295 309 369 360 neque
382 296 503 347 dicendum
515 297 552 344 est
561 292 623 357 quid
635 292 668 343 sit
675 289 782 342 mediator
792 285 833 338 bei
845 289 868 336 et
878 285 908 332 bo·

133 371 220 422 minum
233 368 306 419 sodium
318 365 445 419 secundum
458 364 518 430 qubd
530 367 610 414 bomo.

167 447 192 492 a.
206 443 333 500 preterea,
348 440 407 490 siout
419 439 526 488 Christum
535 437 682 500 inquantum
696 438 731 486 est
739 435 813 494 beas,
827 440 903 480 ueniet·

135 527 188 564 eum
207 514 272 564 Patre
286 518 309 564 et
324 512 412 575 Spiritu
425 513 522 571 saneto,
533 508 565 558 ita
577 508 602 558 iu
617 512 728 572 quantum
741 511 776 556 est
787 506 866 561 bomo,
875 513 897 546 o·

136 585 200 634 uenit
213 598 263 635 oum
273 584 411 635 bominibus.
431 581 476 632 Sed
492 583 585 645 propter
601 581 646 630 boe
665 578 726 642 qubd
738 577 761 627 io
777 577 880 640 quantum
891 590 903 609 r·

136 657 212 718 Deus,
228 656 334 707 convenit
348 667 401 704 eum
415 655 483 703 Patre
500 657 524 702 et
536 651 622 716 Spiritu
635 658 732 711 saneto,
747 663 794 700 uon
806 650 875 712 potest
884 668 899 688 ι.

137 729 248 779 mediator
260 728 407 792 inquantum
421 729 457 775 est
466 725 537 787 iieus3
552 723 616 786 quia,
629 737 700 788 super
714 721 769 772 iilud
783 723 805 770 1.
815 718 849 767 od
863 718 877 764 T
879 731 890 759 .·.=

138 801 160 850 11
181 815 187 850 ε
205 818 219 849 «
234 801 344 851 Mediator
366 797 406 847 bei
427 801 450 847 et
465 795 600 857 bominum,
614 798 672 856 ete„
694 792 777 844 »dieii
793 789 892 841 olosma

141 873 192 920 diu
211 875 319 935 quantum
332 872 367 920 est
379 867 479 918 Verbum
497 880 545 916 uon
562 865 654 916 madius
672 868 722 926 est,
735 863 790 928 quia
803 860 898 924 aquatis·
921 892 923 933 !

139 945 201 1007 beo,
216 950 239 995 et
252 947 312 995 Deus
331 943 391 1006 apud
409 943 495 1005 iteum,
510 943 534 990 et
549 938 619 989 simut
635 952 698 988 unus
712 939 784 988 beas.
799 951 814 983 o
828 935 895 994 Ergo:
921 944 923 959 ⁵

140 1017 246 1066 etiamid
263 1019 373 1081 quantum
395 1019 432 1064 est
452 1016 537 1073 bomo,
553 1015 630 1076 potest
649 1011 698 1061 diei
719 1009 839 1071 mediator,
852 1020 884 1070 pio

141 1089 323 1138 convenientiam
337 1099 404 1152 quam
419 1099 469 1135 cum
490 1083 621 1134 bominibus
633 1083 715 1133 babet.

174 1164 197 1209 3.
214 1162 339 1223 Praeterea,
354 1158 458 1208 Christus
468 1155 553 1206 dieitur
563 1155 689 1219 mediator,
704 1153 732 1202 iu
745 1155 889 1217 quantumre

142 1230 228 1281 eiiiavit
241 1245 283 1281 uos
297 1231 342 1280 beo
352 1247 358 1294 3
367 1231 426 1293 quod
437 1227 529 1291 quidem
543 1225 598 1276 tecit
608 1223 738 1275 auterendo
751 1226 890 1287 peecatoma}

143 1314 184 1352 nos
200 1303 319 1366 separabat
332 1301 345 1350 a
359 1303 414 1351 beo.
430 1299 474 1349 Sed
493 1297 582 1347 auterre
594 1299 722 1360 peceatum
740 1292 848 1346 conuenit
860 1292 890 1338 ιι·

142 1385 189 1424 nou
202 1375 225 1423 in
238 1378 348 1439 quantum
368 1377 403 1423 est
422 1374 505 1432 bomo,
517 1371 557 1420 sed
573 1370 598 1418 iu
614 1373 729 1432 quantum
746 1371 784 1418 est
802 1369 866 1416 beus.
884 1361 896 1406 i

144 1445 263 1509 cbristus,
281 1445 431 1508 inquantum
453 1446 489 1493 est
512 1443 594 1503 bomo,
608 1453 655 1491 ooo
676 1443 716 1490 est
734 1438 889 1500 mediatem&

144 1521 254 1582 quantum
266 1520 300 1568 est
314 1517 381 1567 Deus.

176 1590 221 1640 Sed
232 1593 310 1639 contra
319 1591 370 1652 est,
383 1587 443 1651 quod
457 1584 598 1649 Augustinus
607 1581 666 1632 dicit
675 1582 701 1631 io
712 1581 757 1633 iub.
771 1583 813 1632 lx.
826 1581 860 1630 De
870 1578 890 1626 ti

146 1663 194 1710 Dei
210 1661 278 1725 (cap.
297 1661 339 1721 to)
358 1674 364 1707 ι
384 1659 463 1707 «Nou
476 1658 505 1708 ob
522 1658 565 1706 boe
578 1655 690 1705 mediator
703 1657 743 1704 est
760 1654 876 1704 Christus.
891 1661 900 1706 13

148 1736 182 1780 est
200 1733 313 1793 Verbum,
333 1729 429 1780 maxime
452 1728 538 1793 quippe
552 1726 680 1776 immortale
701 1731 728 1776 et
744 1723 846 1776 maxime
860 1723 899 1770 bu·

147 1803 245 1852 Verbum
251 1840 259 1866 ,
271 1802 338 1866 longe
349 1806 385 1852 est
394 1801 408 1852 i
418 1800 550 1852 mortalibus
563 1798 668 1862 miseris3
684 1800 727 1848 sed
742 1798 855 1849 mediator
868 1803 895 1843 est

147 1873 245 1925 eundum
257 1874 317 1938 quod
329 1874 405 1923 bomo.
418 1890 431 1919 o

183 1946 347 2010 (Cououosro.
369 1971 401 1982 -—
420 1943 478 1994 Cium
500 1943 617 2004 Christus,
640 1940 773 1991 seeundum
796 1939 856 2005 qubd
877 1936 899 1982 b,

149 2015 211 2068 nulio
222 2017 315 2068 modoi
328 2019 373 2066 beo
386 2016 437 2080 ipso
452 2015 535 2075 distet,
552 2027 596 2063 neo
608 2010 729 2074 quippiam
744 2025 796 2064 nou
809 2024 872 2063 suum
886 2014 905 2053 dt

149 2087 249 2147 deierat,
272 2089 334 2138 nulio
356 2093 421 2151 pacto
442 2087 550 2137 eonsenit
567 2083 657 2135 Christo
676 2095 731 2133 esse
760 2084 899 2134 mediatorem

150 2164 258 2222 quantuor
272 2161 332 2210 Deus
350 2165 398 2220 est,
414 2160 454 2209 sed
470 2159 494 2208 iu
512 2160 623 2221 quartum
636 2152 736 2218 homo.)

181 2232 315 2294 Respondeo
326 2231 455 2292 dicendum,
469 2229 531 2293 quod
540 2229 564 2278 io
572 2226 697 2277 mediatore
707 2225 757 2278 duo
770 2237 886 2292 possumus
894 2233 907 2263 r·

150 2301 250 2352 siderare
261 2301 347 2366 :primb
360 2303 449 2366 quidem
462 2300 575 2350 rationem
585 2296 781 2359 mediterraneo
792 2298 902 2349 oiiieiour

148 2373 268 2438 jungendi.
279 2375 403 2424 Estautem
421 2374 448 2423 de
462 2373 549 2423 ratione
562 2369 639 2431 medii,
655 2368 717 2434 quod
731 2369 809 2420 distet
822 2369 850 2418 ab
865 2374 904 2412 uro

150 2449 314 2510 extremorum3
328 2445 446 2509 conjungit
461 2448 538 2494 autem
553 2441 663 2492 mediator
678 2453 721 2503 per
735 2441 784 2491 hoe
797 2440 859 2504 qubd
870 2448 901 2484 ιι·

151 2518 219 2570 ouius
231 2523 298 2580 sunt,
313 2519 385 2569 defert
397 2519 426 2567 ad
442 2517 546 2567 alterum.
562 2515 672 2564 Neutrum
685 2515 768 2562 autem
785 2515 885 2568 burum!
903 2514 906 2523 '

152 2592 274 2642 convenire
287 2591 376 2640 Christo
388 2589 511 2640 seeundum
521 2586 583 2650 qood
598 2585 671 2647 Deus,
687 2585 727 2634 sed
741 2584 824 2635 sotium
835 2595 895 2633 semu

152 2663 212 2728 qubd
228 2666 304 2713 bomo.
320 2665 377 2713 Nam
390 2659 515 2712 secuudirm
531 2658 591 2722 qubd
609 2659 683 2719 Deus,
699 2668 748 2706 non
770 2658 850 2708 differt
866 2653 901 2701 ii·

154 2739 178 2786 et
195 2735 282 2800 Spiritu
296 2738 375 2786 saneto
394 2734 419 2784 iu
433 2737 515 2783 natura
527 2736 551 2781 et
563 2733 679 2795 potestate
696 2729 812 2794 domiuii3
826 2741 868 2779 ueo
887 2732 904 2772 tl

189 2886 221 2950 (d)
235 2893 272 2935 Ex
284 2888 414 2945 Augustino
431 2885 596 2943 sumpta,1ib.
611 2886 641 2931 X.
659 2882 785 2945 Coelan„
799 2897 856 2943 up.
876 2880 901 2924 &i

156 2961 203 3007 quo
212 2957 236 2997 et
248 2949 309 2997 Beda
319 2951 343 2995 in
352 2949 422 3007 sopri
434 2949 523 2995 dietum
535 2948 614 2995 iocum
628 2945 712 2995 reieru
