1917 3317
150 170 199 219 m
347 178 407 216 unns
422 178 464 229 nr,
480 176 575 221 onus-r.
592 177 641 226 xx,
657 176 712 214 m.
731 176 761 213 n.

148 260 176 307 ut
195 254 335 316 intelligatur
351 255 396 303 hoo
413 266 464 303 esse
487 252 571 303 dietum
589 252 679 302 tutione
695 251 790 302 ulterius
806 252 902 316 opposta}

148 328 188 379 nel
198 340 316 390 persone,
331 326 396 389 quasi
411 324 454 374 elin
470 323 501 373 sit
510 337 608 388 persone
622 324 692 374 llerii
704 324 746 375 liei
760 323 898 373 dominantis,

148 398 192 448 ulio
210 397 309 447 hominis
326 397 461 460 servientis3
480 397 538 459 quod
554 397 657 459 pertinet
678 395 826 445 adheiesio
845 395 903 441 Nost·

147 470 212 521 Unde
225 469 250 517 iu
261 467 449 519 condemnatione
460 467 560 517 Nestorii
570 466 654 516 dicitur
667 466 691 515 in
700 467 796 530 synodo
810 466 897 528 epte..

148 556 164 589 u
174 540 199 589 Si
210 539 261 602 onis
278 539 332 588 dicit
348 540 417 588 Deum
436 540 472 589 vel
488 538 606 587 Dominum
618 551 671 587 esse
681 538 772 587 Christi
790 552 819 587 ex
831 538 892 586 leot

147 611 247 663 Verium
264 614 346 661 elnon
369 609 440 673 mugio
453 612 559 660 eumdem
571 608 648 672 ipsum
663 610 791 659 oontltetur
805 608 868 658 simul
882 609 894 654 [r

147 687 172 735 et
180 682 305 741 hominem,
319 684 399 745 utpote
412 682 512 733 Verbum
524 683 608 730 tuntum
621 694 728 744 curnem,
744 682 864 731 sueondnn
876 682 897 725 S.-

147 758 227 816 turas‚
242 756 361 803 anathema
376 755 414 803 sii.
433 770 447 801 o
462 756 489 803 m
501 756 546 803 hoc
560 755 627 804 modo
641 758 744 815 negatur
757 752 770 803 i
782 753 862 817 cyrillo
874 755 904 799 etl

147 838 264 879 musceno.
281 827 308 875 ut
322 826 364 876 sub
379 827 457 875 eodem
475 840 544 876 soom
555 828 685 887 negumnm
701 830 756 889 est,
773 827 880 876 Cirristnn
894 840 901 856 .·

147 900 258 950 minorem
278 899 367 961 seipso,
383 898 421 947 vel
434 911 487 947 esse
503 897 592 960 sibiipsi
613 898 756 962 subjeetum.
776 898 825 949 ilio
837 899 890 946 nolu

147 972 193 1020 test
206 970 302 1031 intelligi
312 969 438 1019 secundum
453 968 609 1019 diversitatem
621 975 758 1019 naturarum
771 970 796 1019 in
806 982 849 1017 una
859 982 899 1030 pro

149 1041 188 1091 rel
197 1039 327 1105 hypostasi3
339 1044 362 1089 et
375 1039 408 1089 sir.
421 1040 497 1090 nicene
507 1052 629 1103 posennus
642 1042 776 1091 secuudum
794 1055 858 1089 onero
869 1053 894 1088 en

150 1112 175 1163 iu
188 1126 232 1177 qno
249 1126 300 1161 cum
316 1114 380 1162 Patre
394 1111 518 1174 convenit,
531 1112 599 1161 simul
613 1124 666 1160 eum
677 1126 734 1161 oum
744 1115 814 1163 Patre
826 1125 896 1175 prsis

151 1183 275 1245 dominuri3
290 1182 415 1233 secundior
425 1182 480 1235 verli
495 1184 590 1233 alterum
604 1187 712 1232 naturam
724 1224 732 1245 ,
746 1185 772 1234 in
787 1198 832 1249 que
843 1183 895 1231 ooli.-

151 1253 274 1313 convenit,
286 1254 361 1317 ipsum
375 1255 468 1305 subesse
479 1259 503 1304 et
516 1254 611 1303 servire.
624 1255 653 1303 Et
666 1267 710 1317 por
724 1256 791 1305 linum
804 1256 883 1304 modnnn

149 1324 291 1387 Augustinus
310 1325 392 1375 lilium
412 1339 463 1375 osso
483 1326 561 1389 seipso
579 1324 700 1375 minorem.
724 1326 849 1377 Sciendum
867 1332 893 1371 ttn

150 1395 210 1461 quod
223 1394 274 1444 cirm
288 1398 331 1445 hoe
345 1410 429 1447 nomen
444 1398 563 1447 Christus
574 1397 605 1447 sit
619 1409 704 1446 nomen
725 1412 843 1462 persone,
860 1397 893 1444 sin.

149 1468 195 1517 hoe
207 1480 289 1518 nomen
308 1468 404 1525 Filios,
418 1469 457 1519 illa
475 1482 516 1533 per
536 1481 561 1518 se
579 1472 601 1518 ei
626 1468 735 1521 obsolute
754 1475 852 1533 possunt
868 1467 884 1513 d?

149 1539 256 1600 Christo,
272 1554 324 1603 qne
345 1540 483 1591 conveniunt
500 1541 522 1591 ei
542 1540 630 1590 rationo
651 1554 699 1590 suae
713 1554 839 1605 persone,
857 1550 894 1600 qon-

149 1615 245 1669 aetornu‚
260 1617 283 1661 et
297 1610 395 1661 maximi
415 1611 547 1675 hujusmodi
560 1610 700 1673 relationes,
717 1628 774 1676 quae
786 1611 856 1675 magis
868 1623 891 1670 p-

149 1681 257 1731 ridentur
274 1685 301 1734 ud
319 1696 440 1748 personum
458 1684 496 1733 nol
509 1683 651 1747 hypostasim
664 1684 798 1744 pertinere.
811 1684 853 1732 Sed
869 1692 888 1725 eu

150 1754 291 1803 noureniunt
310 1755 331 1804 ei
349 1754 475 1805 sennodum
495 1756 618 1803 drumonem
633 1757 744 1803 uelorum
756 1794 762 1816 ‚
775 1758 831 1805 sont
845 1752 864 1801 ei
881 1765 894 1810 ‚u-

149 1824 294 1873 ultrihuendu
306 1838 357 1875 enm
368 1825 570 1888 determinatione3
579 1824 723 1874 utnidelicel
730 1827 838 1875 dicamus
847 1821 898 1871 Clini-

150 1910 203 1949 esse
217 1899 492 1962 imprudentissimum,
507 1904 531 1950 et
544 1900 661 1950 dominum
674 1904 699 1949 et
709 1902 899 1963 presidentem&

150 1973 229 2020 aulem
240 1970 270 2018 sit
283 1971 401 2033 subjectus
416 1973 455 2023 nel
468 1985 549 2022 seruos
559 1972 594 2021 vel
609 1971 693 2032 minor,
705 1976 745 2021 est
760 1974 784 2021 ei
796 1971 894 2021 artnonn

151 2052 204 2090 cnm
216 2040 419 2105 determinatione,
436 2042 525 2093 scillcet
542 2040 666 2093 secundinus
681 2043 812 2092 homonem
825 2046 891 2090 namn

184 2113 218 2162 dd
235 2113 331 2178 primum
349 2128 404 2178 ergo
417 2114 556 2176 dicendum,
570 2113 630 2177 quid
649 2114 754 2177 cyrillus
774 2119 799 2165 et
813 2115 898 2163 onnus*

151 2188 237 2247 negant
260 2185 376 2235 Christum
401 2199 451 2236 esse
471 2202 486 2233 n
501 2186 617 2235 domiuum
638 2186 676 2235 sui
695 2185 790 2249 ipsius,
807 2202 822 2233 n
837 2196 893 2233 somn

150 2256 212 2319 quod
226 2270 267 2319 per
281 2258 323 2305 hoo
335 2257 468 2320 importatur
486 2256 604 2321 pluralitus
614 2257 806 2320 suppositorum,
821 2269 867 2319 qno
877 2268 892 2298 n

150 2326 209 2377 ritur
222 2328 249 2377 ad
261 2330 304 2378 lino
316 2329 376 2391 quod
387 2328 468 2391 adnuis
482 2328 616 2391 simpliciter
623 2328 654 2377 sit
667 2328 780 2378 dominns
790 2327 885 2386 ulioojns

182 2398 216 2448 dd
238 2399 361 2449 seeundum
381 2400 520 2462 dicendum,
540 2398 600 2461 quod
617 2397 753 2462 simpliciter
766 2398 856 2462 quidem
868 2407 894 2452 op

149 2479 203 2519 osse
221 2469 291 2519 ulium
309 2470 460 2527 dominnm,
479 2475 503 2519 et
519 2470 589 2519 ulium
605 2482 708 2519 servom
724 2470 775 2533 tl)‚·
793 2469 894 2533 potestis

149 2539 225 2603 aliquo
249 2539 306 2591 ratio
326 2539 425 2592 dominii
445 2544 470 2591 et
489 2538 609 2591 servitulis
631 2541 737 2604 somnii,
756 2539 891 2605 promitio

149 2610 256 2662 dominus
270 2616 293 2663 et
312 2626 394 2663 seruos
411 2611 535 2677 suiipsius
553 2610 680 2661 secundino
698 2612 762 2661 uliud
778 2616 803 2662 et
815 2608 878 2669 aliod.

182 2683 217 2733 dd
229 2682 321 2733 tertium
330 2683 460 2739 dicendum.
469 2684 531 2747 quod
540 2687 634 2747 propter
644 2681 749 2733 diverses
761 2681 902 2747 purteshnn'

185 2830 221 2893 (i)
234 2834 315 2887 idest,
326 2838 419 2890 oportet
433 2840 459 2878 ut
468 2836 500 2879 sit
512 2836 571 2881 elios
581 2835 621 2881 ille
629 2836 671 2892 qui
679 2842 717 2883 est
730 2837 846 2890 dominos,
859 2837 898 2875 etr

148 2892 221 2939 fllium
234 2896 274 2941 illo
284 2896 324 2951 tpri
338 2900 374 2941 est
388 2907 478 2955 serres,
495 2902 542 2942 eto.
