1917 3317
206 218 239 255 nn
254 216 463 256 ammoneremus
478 218 583 257 cnurmr.
752 210 800 257 rto

62 289 125 340 inlate
134 292 232 354 Christi,
245 298 271 342 ut
282 293 377 343 habetur
394 295 463 350 Luc„
473 295 502 344 li.
514 295 543 343 Et
553 294 622 359 hrrjos
636 293 725 345 ordinis
739 296 806 346 ratio-

61 363 117 422 ,puia
129 378 165 428 per
179 368 285 427 pastores
304 364 458 427 significantur
471 366 574 429 Apostoli
588 370 610 415 et
624 364 662 415 aiii
677 368 801 417 credentes

67 434 142 497 triclinis,
155 437 239 500 quibus
257 436 330 500 primo
346 438 489 487 manifestata
503 442 537 487 est
551 438 607 487 tides
618 436 721 499 Christi,
738 438 803 488 iuter

61 517 68 550 s
84 520 146 555 uuon
167 508 261 558 inerunt
278 507 342 557 multi
355 512 460 571 potentes
479 520 525 558 nec
538 508 603 559 motti
626 508 757 567 achileus»
773 511 800 559 ut

62 581 89 622 tur
100 578 114 624 l.
127 578 159 627 ud
170 580 241 638 Cor„
256 579 274 629 l.
292 578 396 629 Secumd
409 584 501 642 autem,
515 579 572 630 tides
591 580 677 630 christi
693 579 802 645 peruenit

64 647 210 705 plenitudinem
229 651 350 710 Gentium,
365 664 417 715 qum
436 656 472 701 est
487 652 630 715 prefigurate
646 666 687 715 per
710 664 797 713 magos.

64 718 80 763 li
96 725 172 782 autem
188 722 295 785 peruenit
314 723 342 770 ad
356 722 520 787 plenitudinem
539 724 682 784 iudeorum,
699 736 750 785 que
763 724 799 772 est

61 796 138 849 :recreata
152 807 192 857 per
203 793 294 856 justos3
310 794 370 844 uude
388 798 411 843 et
430 793 455 843 in
469 793 553 859 templo
566 794 695 844 iudeorum
709 798 744 843 est
764 794 801 845 eis

61 861 105 910 istos
115 865 282 915 manifestatus.

62 931 71 977 l
89 934 180 995 priorum
203 948 257 997 ergo
279 934 496 999 dicendumpqudd
522 936 582 986 sicut
603 936 726 1000 Apostolus
743 934 799 985 dicit

59 1018 83 1057 u,
95 1005 128 1066 tx,
140 1024 154 1053 u
168 1008 238 1057 lsrael
249 1008 360 1057 sectando
372 1006 445 1071 legem
459 1008 575 1071 justitia,
591 1008 615 1057 in
637 1008 712 1070 legem
729 1006 800 1070 justi·

60 1088 93 1123 trun
100 1078 211 1139 peruenit.
228 1078 295 1127 »Sed
305 1078 416 1139 Gentiles,
428 1079 468 1143 qui
479 1092 524 1129 non
534 1079 665 1143 quaerebant
673 1078 807 1141 justitiam·

60 1159 88 1194 ros
99 1149 282 1199 commonitoria
296 1150 386 1213 justitia
401 1150 452 1200 idei
465 1154 633 1214 prevenerunt.
648 1150 676 1198 nt
691 1149 800 1213 inhujus

59 1230 93 1265 ran
107 1221 212 1283 Simeon,
225 1222 263 1285 utri
275 1222 408 1285 expectabat
422 1222 599 1272 consolationem
616 1222 699 1279 lsrael,
719 1220 802 1271 ultiruo

60 1294 108 1338 stum
126 1296 206 1341 natum
221 1292 336 1354 cognouit,
353 1296 376 1342 et
391 1296 555 1356 praeceescrunt
572 1306 622 1343 euru
636 1292 695 1355 magi
711 1294 733 1341 et
748 1304 800 1355 pas-

58 1372 77 1417 t,
97 1363 134 1423 qni
160 1363 251 1413 Christi
277 1363 418 1413 nativitatem
446 1376 493 1413 uon
515 1363 547 1413 ita
568 1362 663 1413 sollicite
692 1368 801 1426 expecta·

59 1468 195 1556 trecentum
213 1505 341 1566 tacentum,
352 1503 412 1568 queo
425 1504 605 1569 ticetpteuitudu
617 1504 726 1555 centrum
738 1503 803 1569 prens

57 1576 111 1625 uero
124 1580 151 1627 ad
167 1579 237 1628 sudem
249 1590 317 1640 quam
332 1576 449 1640 plenitudo
463 1577 608 1638 ludaeorum,
625 1581 700 1626 tumen
721 1576 803 1639 primi·

60 1648 182 1699 ludaeorum
195 1652 355 1713 prevenerunt
367 1650 391 1697 in
403 1648 446 1697 tide
454 1646 566 1712 primitias
576 1648 695 1698 Gentium.
706 1646 734 1697 Et
750 1646 802 1699 ideo
870 1678 875 1687 ·

62 1719 120 1768 ribos
134 1720 201 1786 pride
215 1721 361 1770 manifestata
378 1723 414 1769 est
429 1716 515 1768 Christi
525 1718 632 1769 nativitas
639 1757 648 1782 ‚
663 1718 731 1783 quadra
751 1731 801 1769 ma·

58 1860 64 1907 l
85 1863 177 1912 tertium
198 1862 336 1929 dicendum,
355 1862 415 1927 qudd
433 1864 461 1913 de
478 1861 619 1927 apparitione
644 1862 732 1925 stella,
752 1876 804 1926 quoe

61 1935 98 1981 ruit
113 1937 199 1998 magis,
214 1938 251 1983 est
262 1934 346 1996 duplex
359 1933 453 1997 opinio:
465 1934 643 1997 chrysostomos
658 1936 719 1983 euim
732 1946 805 1997 super

58 2007 86 2054 li.
98 2006 183 2069 (Hom.
200 2006 246 2065 X),
257 2008 281 2053 et
291 2007 430 2067 Augusteum
439 2004 464 2054 in
476 2016 580 2055 sermone
593 2004 628 2054 De
643 2004 802 2067 Epiphanio,
846 2052 849 2061 ,

58 2082 85 2137 ut,
95 2078 156 2141 quod
173 2077 241 2128 stella
256 2076 328 2139 mame
342 2078 448 2141 apparuit
462 2090 503 2141 per
516 2076 632 2127 biennium
646 2082 699 2126 ante
717 2076 803 2128 Christi

58 2150 256 2212 ¹rtute1u;ettuuc
271 2148 454 2212 praemeditantes
473 2151 497 2199 et
511 2162 535 2198 se
547 2150 574 2197 ad
585 2148 627 2197 iter
637 2152 803 2211 praeparantes,

59 2220 191 2270 =uctissimis
213 2219 319 2282 partious
340 2217 440 2269 Orientis
460 2222 615 2282 peruenerunt
634 2220 661 2268 ad
686 2220 803 2269 Christum

59 2292 149 2341 ruatertia
161 2291 202 2341 die
214 2289 228 2339 dr
241 2302 281 2339 sue
297 2289 425 2340 nativitate.
438 2291 504 2341 Unde
518 2294 541 2340 et
552 2290 651 2341 Herodes
665 2290 738 2340 statim
752 2292 804 2354 post

58 2374 104 2413 uum
119 2374 254 2427 magorum,
264 2361 347 2411 ridens
358 2375 383 2412 se
396 2361 480 2413 abillis
491 2362 591 2424 illusum,
604 2362 719 2411 mandevit
731 2359 805 2411 occidi

58 2447 75 2481 :rs
88 2434 101 2483 i
116 2436 210 2484 trimatu
233 2435 257 2481 et
276 2430 350 2495 iniri,
364 2433 472 2484 dubitans
487 2447 516 2484 ne
534 2437 588 2483 tone
607 2432 713 2483 Christus
736 2436 805 2481 uatus

68 2507 157 2565 quando
175 2503 244 2554 stella
258 2504 363 2567 apparuit
373 2543 379 2565 ,
391 2504 515 2555 secuudum
529 2505 588 2569 quod
602 2504 615 2553 d
629 2502 702 2566 magis
722 2502 806 2552 audie-

58 2579 92 2626 ttii
105 2578 165 2629 perd
188 2576 269 2626 dicunt
282 2575 369 2625 stellam
383 2577 515 2641 apparuisse
528 2576 615 2641 primi,
631 2574 683 2626 cium
697 2574 804 2623 Christus

58 2653 119 2712 rest,
135 2652 163 2701 et
178 2646 262 2697 statim
276 2646 336 2709 magi
353 2646 403 2697 uisa
416 2648 482 2698 stella
495 2648 538 2698 iter
553 2647 701 2711 arripientes,
720 2642 808 2707 longis-

57 2734 74 2769 o
92 2721 136 2771 iter
160 2720 190 2770 in
211 2718 321 2769 tredecim
344 2718 426 2769 diebus
438 2723 593 2783 peregerunt,
607 2717 690 2782 partim
713 2714 808 2777 quidem

58 2793 153 2843 idicina
170 2790 274 2851 virtute,
284 2788 367 2855 partim
377 2795 454 2840 antem
468 2790 658 2841 dromedariorum
673 2785 805 2835 velocitate.

58 2878 77 2911 tu
88 2866 155 2927 dico,
169 2862 195 2913 si
209 2866 322 2913 uenerunt
334 2875 364 2912 ex
381 2862 490 2913 extremis
503 2860 606 2925 partibus
622 2857 731 2909 Orientis.
749 2855 808 2914 Qui·

66 2939 140 2986 tamen
158 2934 244 2986 dicunt
260 2947 302 2987 eos
316 2932 410 2986 uenisse
428 2935 457 2987 de
476 2933 570 2997 regione
590 2928 731 2996 propinqua,
745 2926 808 2976 unde
