1917 3317
162 194 175 240 t
263 202 369 241 susurrus
384 202 512 254 sueonos,
529 202 622 248 punior.
640 202 738 251 ouxxrx,
755 202 811 239 nnn.
829 202 856 239 rr.

192 284 216 329 t.
231 280 356 339 trecoren,
372 278 511 343 Augustinus
523 280 584 329 xlx.
596 278 628 328 de
638 279 750 328 Ciuitate
767 278 828 339 Dei,
839 278 936 342 pon'rttr

161 352 214 401 uitae
225 364 319 414 genera,
333 351 419 401 scilicet
430 352 557 411 ottonom,
569 351 629 414 quod
640 349 738 414 pertinet
749 351 776 399 aul
788 349 936 413 contemplati

162 437 227 485 uern;
246 427 390 481 actuosum,
405 423 466 486 quod
485 422 584 486 pertinet
598 422 624 472 ad
640 422 709 471 uitam
727 422 837 484 activam3
858 427 881 471 et
901 423 936 471 adr

162 496 253 545 tertium
270 509 298 545 eu
318 500 412 559 utroquo
429 496 588 559 compositum.
608 496 667 557 Ergo
688 494 777 544 uitetur
792 495 852 557 quod
872 494 936 543 insul

162 566 247 617 eleuter
261 568 372 616 dividatur
386 565 431 616 rita
443 580 484 629 per
500 568 610 615 uotiuum
624 571 647 616 et
660 566 890 630 contemplativum.

195 644 217 687 tt.
235 641 357 699 Praetereu,
369 638 414 687 vita
425 637 524 688 hominis
538 638 701 688 diversificatur
711 639 833 687 secuudum
844 640 904 701 quod
919 640 935 687 h

164 710 236 761 mines
257 710 352 761 dirersis
373 710 499 760 actionibus
514 713 613 758 student
628 709 672 759 Sed
686 710 749 773 plura
765 709 833 773 qulur
847 711 891 759 duo
908 725 935 759 su

163 786 311 834 humanarum
330 782 447 832 actionum
467 782 551 831 studia.
566 782 625 844 Ergo
639 782 728 831 uidetur
742 781 802 845 quod
820 781 867 830 rita
881 783 936 832 deb<

164 855 188 904 in
201 855 264 918 plura
274 855 373 905 membra
383 854 451 904 dividi
462 854 530 917 quium
541 855 564 903 in
573 854 685 902 activum
697 853 935 918 eteonternplotr'oor

195 927 241 977 Sed
254 934 330 976 contra
349 930 397 985 est,
413 925 473 989 quod
489 926 538 976 istae
552 926 602 975 duae
616 925 667 976 vitae
681 926 838 988 significantur
849 941 890 990 per
906 928 936 975 du

165 1013 246 1049 uxores
259 1000 341 1049 iacob:
353 998 438 1047 Actioo
452 998 543 1061 quidem
554 1011 594 1061 per
602 997 680 1061 Liour3
693 997 897 1061 contemplation
908 1011 936 1047 re

165 1085 205 1136 per
216 1071 345 1120 Rachelero.
361 1070 389 1119 Et
410 1084 450 1133 peu
469 1071 525 1119 duas
547 1069 652 1119 mulieres
665 1082 716 1132 que
730 1068 848 1119 Dominum
862 1070 936 1133 hospit

165 1146 314 1205 receperunt.
324 1140 679 1204 Contemplatiuoquideroper
694 1140 799 1204 llariarn3
812 1142 936 1191 Actruare

145 1267 148 1279 ‚
166 1227 206 1278 per
214 1214 331 1274 Martium
342 1218 366 1262 ut
375 1213 494 1275 Gregorrus
503 1213 574 1262 dicut
568 1227 591 1261 ru
602 1212 641 1261 Vl
652 1211 742 1262 Mormul
753 1212 861 1284 (cup.
827 1213 936 1262 t‘lveltt

141 1278 221 1335 ‘Nou
239 1290 313 1338 autern
333 1290 392 1335 esset
410 1285 459 1334 luaec
479 1297 577 1347 congrua
597 1283 743 1347 significatio,
760 1267 874 1339 siessent
888 1270 936 1347 plu‘i

166 1358 233 1421 qutun
249 1360 297 1407 tluae
314 1356 376 1407 vitu.
394 1357 452 1419 Ergo
465 1356 603 1406 sufficienler
618 1354 726 1406 dividitur
738 1370 762 1404 u
763 1361 787 1405 ta
799 1370 839 1421 per
851 1358 935 1406 oetion

168 1434 191 1479 et
208 1427 439 1491 contemplativum.
729 1443 737 1461 ⁴

201 1500 357 1564 (Conclusio.
366 1500 456 1549 -Vitu
468 1500 575 1562 humano,
590 1513 639 1563 quae
652 1498 677 1549 iu
694 1512 760 1563 opere
769 1498 900 1550 intellectus
910 1512 936 1549 co

169 1575 306 1632 summetur,
318 1571 341 1619 in
355 1570 449 1619 activum
463 1574 550 1619 tuntum
569 1575 592 1620 et
615 1571 811 1635 contemplativum
829 1571 936 1621 diuiditur

200 1644 334 1707 Respondeo
345 1642 464 1693 dicendum
471 1680 480 1707 ‚
489 1641 550 1705 quod
561 1641 620 1693 sicut
632 1643 759 1693 dictumest
775 1644 831 1705 (art.
843 1644 909 1707 t,ud
922 1644 934 1690 1

169 1715 250 1767 divisio
263 1716 306 1765 ista
319 1715 384 1764 datur
398 1715 425 1764 de
439 1714 486 1763 vitu
495 1716 607 1776 humanu,
620 1728 669 1778 que
683 1714 774 1777 quidem
789 1714 910 1765 attenditur
925 1728 935 1763 s

169 1788 268 1837 cundum
279 1785 427 1836 intellectum.
447 1785 576 1835 intellectus
587 1793 661 1836 autem
678 1784 784 1835 dividitur
797 1798 837 1849 per
848 1788 934 1835 oetr‘uu

170 1864 193 1910 et
210 1857 448 1921 contemplativum
468 1857 521 1919 quia
538 1855 591 1905 linis
605 1856 747 1907 intellectiuae
762 1857 935 1921 εοςιιίιίοηίε,1

170 1935 207 1983 est
226 1930 274 1995 ipso
290 1928 388 1993 cognitio
407 1928 509 1979 veritatis
522 1928 581 1991 quod
597 1928 695 1990 pertinet
711 1930 739 1977 ud
754 1928 893 1978 intellectum
912 1942 935 1979 co

170 2001 338 2064 templatiuum,
357 2000 393 2050 vel
406 2002 441 2050 est
464 1999 538 2061 aliqua
551 1998 649 2049 exterior
662 1999 738 2060 actio,
754 2000 814 2062 quod
826 2000 924 2063 pertinet

170 2073 308 2122 intellectum
325 2072 447 2135 practicum
466 2071 515 2120 sire
527 2069 635 2119 uotiuum.
654 2071 681 2119 lit
692 2070 744 2119 ideo
759 2069 807 2119 uita
820 2072 889 2120 etiam
902 2071 935 2120 sul

171 2144 256 2194 eleuter
265 2143 371 2194 diuiditur
383 2156 423 2206 per
433 2144 539 2191 uotiuum
552 2145 574 2191 et
584 2142 815 2207 contemplativam.

203 2217 235 2266 lld
247 2216 405 2279 prirnumergo
417 2212 547 2277 dicendum,
557 2213 617 2277 quod
625 2213 671 2263 rita
682 2215 815 2279 voluptuoso
823 2212 888 2277 pouit
898 2213 935 2262 lint

172 2288 197 2337 in
208 2285 355 2338 delectatione
365 2284 489 2349 corporali,
505 2298 554 2349 quae
574 2284 700 2335 communis
717 2290 753 2335 est
765 2286 829 2335 uoltis
841 2290 864 2335 et
876 2283 935 2335 bruti

172 2359 244 2420 uude,
253 2358 312 2407 sicut
321 2357 470 2421 Philosophus
479 2356 562 2407 ibidem
572 2355 641 2415 uicit,
651 2360 687 2406 est
697 2356 743 2405 rita
753 2356 853 2406 bestialis
863 2361 934 2420 :propl

171 2430 229 2494 quod
248 2442 293 2479 nou
307 2427 504 2494 comprehenditur
520 2428 563 2477 sub
576 2428 684 2491 presenti
702 2427 827 2491 diuisione,
840 2430 933 2492 proutu

171 2502 269 2551 humana
283 2500 390 2550 diuiditur
400 2500 424 2549 iu
434 2501 546 2549 activum
560 2504 584 2549 et
596 2499 826 2563 contemplativam.

203 2573 237 2623 ud
249 2573 374 2623 secundum
389 2571 516 2631 dicendum,
531 2570 590 2634 quod
602 2571 675 2621 merliu
687 2570 837 2621 coniiciuntur
846 2584 875 2620 ex
891 2572 934 2620 eutr

173 2644 230 2707 mis,
246 2648 270 2693 et
287 2643 337 2695 ideo
350 2642 433 2693 virtute
445 2644 589 2693 continentur
601 2642 625 2692 in
639 2643 688 2706 eis3
699 2643 758 2693 sicut
770 2643 871 2705 tepidum
887 2640 912 2690 iu
928 2653 934 2688 r

173 2716 219 2767 lido
232 2720 255 2766 et
269 2714 362 2778 frigido,
379 2718 403 2765 et
415 2714 524 2779 palliolum
540 2715 565 2763 iu
578 2714 630 2763 elbo
641 2720 664 2765 et
677 2713 750 2778 nigro.
768 2714 796 2763 Et
811 2712 934 2764 similitors

174 2785 249 2837 activo
260 2791 283 2836 et
292 2785 466 2849 contemplativo
476 2786 674 2850 comprehenditur
682 2786 706 2835 id
714 2786 773 2849 quod
786 2787 820 2835 est
832 2797 861 2834 ex
872 2789 934 2844 utroq

174 2858 333 2922 compositum.
347 2858 376 2907 ut
388 2870 476 2921 umen,
487 2856 548 2908 sicut
560 2856 585 2906 in
596 2858 697 2921 quolibet
708 2857 780 2907 mixto
790 2855 934 2921 praenominat

174 2930 263 2996 aliquod
274 2931 382 2995 simplex,
392 2929 425 2979 itu
434 2929 503 2981 ouum
514 2929 540 2981 iu
550 2928 624 2981 medio
634 2942 717 2993 genem
729 2928 783 2981 rito
795 2923 934 2993 supemtuul
