1917 3317
158 189 186 228 or
199 192 237 230 ms
253 189 310 238 oure
325 185 458 234 mmmm
473 192 506 232 ro
520 192 667 234 rmsrosos
763 175 809 234 ion

49 263 98 311 riou
114 277 177 316 seeum
194 267 217 318 in
239 271 376 321 monasterio
396 273 585 335 commorantem,
604 273 642 322 rel
658 271 679 323 si
696 273 809 325 lortituito

50 348 150 399 prunorum
164 341 331 392 advenientium
350 343 445 392 lustrum
457 341 491 393 ibi
509 344 567 394 mori
579 343 709 409 eontigerit.
723 363 738 392 rr
761 347 808 398 Sed

50 405 91 454 sieut
99 408 132 458 istu
141 412 247 474 pertinent
256 414 286 463 ud
296 413 395 464 officium
407 414 540 465 elericorum
548 453 554 475 ,
562 415 594 465 itu
603 417 673 467 etiam
683 417 808 482 predicare

49 481 65 522 ut
74 479 142 531 locere.
156 483 207 546 lirgo
217 483 270 534 eirm
284 485 329 534 aliu
342 486 372 534 sit
385 499 452 536 cerusa
468 486 573 536 monaehi
584 490 608 538 et
625 488 669 537 ulia
682 489 773 554 stetim,
782 493 808 541 nt

50 548 162 614 Hieronymus
172 555 224 605 dicit
242 557 278 606 ud
293 557 460 607 Heliodorum
475 557 564 622 (Epist.
580 557 623 622 1),
640 559 730 610 ridetur
747 561 807 625 quou

49 632 82 668 rou
96 622 147 674 lieert
156 626 263 691 religiosis
276 628 415 692 praertieure,
429 629 524 692 dooere,
536 631 560 679 et
573 629 616 679 ullu
629 631 758 695 hujusmodi
772 633 806 684 fu·

49 703 95 740 eure.

72 767 88 811 3.
105 765 213 831 usum,
234 770 358 834 Gregorius
376 769 430 821 dicit
445 771 469 820 iu
490 770 585 835 registro
606 772 691 837 (Epist.
714 774 755 825 lib.
771 777 804 840 t,

47 835 136 902 epist.l):
147 841 233 892 «Nemo
245 845 323 906 potest
337 845 360 891 et
374 843 538 893 Ecclesiastiois
551 843 667 909 obsequiis
677 845 805 910 deservire,

44 905 90 954 etio
106 912 213 962 monasticis
229 913 309 976 regula
320 913 424 966 ordinate
441 914 577 979 persistere;
592 931 607 962 o
621 919 645 965 et
656 918 700 966 boo
712 917 809 968 babetur

42 975 85 1026 lu.
96 993 129 1041 qu.
142 984 162 1032 1.
177 983 218 1034 Sed
231 984 339 1035 monuubi
353 988 460 1036 leuentur
473 985 498 1034 in
511 987 636 1036 monastiea
647 988 725 1050 regula
742 987 807 1038 ordi-

41 1047 81 1096 urt'e
92 1051 205 1112 persistere.
219 1055 279 1118 Ergo
295 1054 386 1106 videtur
400 1056 460 1120 qubd
472 1069 518 1107 non
534 1056 624 1120 possint
642 1058 807 1110 Ecclesiastiuis

40 1119 130 1182 obsequiis
142 1125 257 1178 deservire.
274 1127 363 1190 ¹liooere
382 1131 456 1180 autem
474 1132 497 1179 et
511 1128 632 1192 pmdieure
649 1129 764 1194 pertinent
778 1132 806 1181 orl

39 1190 166 1246 leolesirstiru
177 1197 293 1262 obsequia.
308 1198 368 1262 Ergo
378 1199 466 1250 ridetur
477 1199 538 1264 quod
551 1213 596 1250 non
611 1201 680 1269 lioeut
692 1201 726 1252 eis
744 1215 806 1266 prre-

38 1260 107 1322 dicare,
122 1271 155 1316 urrt
165 1267 257 1333 dooere,
276 1273 317 1320 unt
334 1269 419 1334 aliquid
430 1271 560 1335 hujusmodi
578 1271 662 1322 iuuere

62 1335 97 1382 Sul
104 1344 168 1390 mutru
175 1347 220 1404 est,
228 1341 290 1406 qubd
299 1341 421 1404 Gregorius
430 1342 499 1405 dicit,
510 1346 534 1393 et
542 1343 640 1394 babetur
647 1344 706 1406 XVI,
715 1359 756 1409 qu.
767 1347 781 1394 1
793 1360 800 1394 z

43 1420 53 1447 r
65 1405 90 1453 Eu
102 1412 215 1464 uuebntute
225 1413 358 1477 hujusmodi
371 1414 466 1478 decreti,
480 1416 541 1480 quod
554 1415 801 1480 uposurioomouera-

43 1475 87 1526 urire
94 1485 113 1528 et
119 1481 197 1545 pietatis
205 1485 282 1536 officio
292 1485 421 1536 inobisest
429 1487 585 1550 constitutum,
593 1485 745 1537 sacerdotibus
755 1499 805 1538 rno-

44 1550 104 1599 uurbis
114 1555 256 1618 Apostolorum
266 1557 362 1620 ligurum
372 1557 515 1619 tenentibus,
527 1558 596 1608 lieeut
606 1557 737 1622 predicare,
746 1557 802 1622 bap

43 1619 107 1684 lirare,
116 1629 281 1680 ommoniouem
295 1630 364 1693 ture,-
374 1642 415 1693 pro
427 1629 585 1694 peecatoribus
596 1643 675 1693 orare,
688 1629 803 1694 preniten-

41 1689 84 1738 rirm
94 1691 201 1762 imponere,
217 1705 286 1764 arque
295 1704 388 1764 peceato
401 1703 498 1752 soluere.
513 1717 527 1749 o

64 1763 196 1822 (Cosmusro.
212 1799 243 1810 -
252 1771 374 1835 Religiosis
393 1772 446 1823 lieet
459 1772 596 1836 predium,
611 1771 706 1834 dooere,
718 1774 742 1822 et
762 1770 806 1822 olirr

37 1831 142 1893 hujusmodi
151 1844 349 1906 muniuexercere,
358 1856 403 1894 uon
411 1845 502 1908 quidem
510 1857 539 1894 en
547 1843 662 1907 religionis
671 1856 718 1893 sne
726 1846 799 1905 ututur,

37 1907 68 1952 seu
82 1919 107 1956 er
119 1916 217 1972 presure
230 1928 243 1964 a
254 1913 372 1978 superiore
386 1915 529 1980 superadditur
541 1916 580 1967 rel
592 1915 720 1967 sommium.
732 1914 741 1979 )

61 1978 174 2043 Hesperien
189 1985 320 2049 dicendum,
336 1986 397 2049 quod
408 1986 493 2052 aliquid
506 1986 588 2037 dieitur
599 1987 667 2037 eboni
675 1998 723 2037 non
736 1985 820 2038 liuere

37 2049 152 2109 inplicito:
166 2069 207 2108 uuo
219 2057 301 2118 modo,
316 2057 371 2121 qnia
383 2058 453 2109 babet
465 2058 490 2108 in
504 2071 528 2108 se
546 2057 606 2122 qubul
620 2058 770 2108 contrariatur
780 2057 803 2108 ei

39 2123 215 2179 propositurus
228 2129 312 2193 licere;
322 2129 383 2180 siout
396 2129 452 2180 nulli
467 2129 555 2182 bomini
566 2131 621 2180 lieet
629 2142 738 2195 peecare,
751 2129 806 2192 quin

43 2191 91 2242 troo
104 2195 155 2248 inse
166 2201 257 2262 quilibet
266 2203 337 2252 homo
353 2201 465 2252 rationem
476 2205 500 2252 ut
512 2201 672 2266 obligationem
684 2201 714 2257 sul
730 2201 805 2263 legem

45 2258 84 2324 ¹³⁹¹,
94 2267 163 2329 qubus
176 2271 322 2323 ononimus
331 2277 449 2337 peceatum
461 2290 467 2338 ;
478 2278 503 2325 et
510 2275 556 2324 bos
565 2274 632 2324 modu
644 2271 727 2323 dicitnr
735 2272 806 2322 alieni

49 2342 79 2378 sor
91 2337 147 2391 liure
160 2344 290 2408 prodiisse,
305 2345 344 2396 ret
357 2345 451 2408 dooere,
468 2347 506 2396 rel
522 2345 607 2409 aliquid
625 2343 758 2408 huiusmodi
771 2343 806 2393 la·

51 2412 94 2458 ''tlt-
103 2411 145 2472 uuir
154 2415 217 2466 babet
229 2417 255 2466 in
270 2429 296 2468 se
309 2415 393 2480 aliquid
406 2419 465 2480 quot
477 2417 515 2468 bis
533 2419 658 2481 repugnet,
670 2416 807 2467 retrusione

53 2481 138 2544 rurreppi,
152 2489 206 2538 slent
223 2488 260 2539 bis
274 2489 383 2552 quisunt
403 2487 537 2552 irregulares
553 2501 581 2538 ex
598 2490 683 2539 statuto
699 2487 807 2539 Ecclesiae

52 2553 84 2592 ⁵⁰st
95 2547 133 2602 liert
142 2559 257 2610 escendere
269 2559 299 2610 ud
312 2572 390 2610 sauros
402 2559 508 2622 ordines,
521 2559 558 2610 rel
571 2563 663 2624 propter
674 2562 803 2624 peecatum,

50 2622 141 2687 erundum
148 2627 196 2680 illud
208 2632 302 2682 Peulm.
313 2631 383 2681 XLIX
394 2646 400 2680 :
414 2647 428 2678 u
439 2631 555 2682 Peooutori
569 2635 645 2682 autem
656 2631 714 2682 uixit
725 2632 802 2682 Deus:

51 2691 102 2756 ‘litt
113 2699 221 2753 uouemus
233 2702 338 2768 justitias
352 2703 429 2753 measl
443 2719 456 2750 r
473 2704 521 2754 Heu
534 2706 610 2754 autem
624 2704 691 2755 modo
710 2716 756 2754 non
770 2707 806 2754 est

54 2755 128 2815 rietur
137 2771 236 2836 religiosis
244 2773 382 2839 predicere,
397 2774 477 2828 dooere
488 2778 512 2826 et
522 2773 566 2824 ulio
579 2775 709 2840 hujusmodl
720 2773 803 2837 lurore,

56 2835 89 2874 ‘⁰¹¹¹
98 2836 137 2895 luit
147 2855 171 2892 er
182 2849 231 2896 uoto
248 2850 272 2896 et
288 2848 402 2910 precepto
413 2847 499 2910 regule
512 2859 560 2899 non
576 2847 705 2910 obligantur
717 2847 745 2896 ui
760 2847 811 2895 boo

55 2902 809 2994 uuuotbrbrunernr-3tuneurmqnsoorreuumrrrauner
