1917 3317
266 220 299 260 bn
314 214 433 261 bomini
448 216 551 261 misit.
763 208 809 261 795

63 294 460 365 commiserescendum
477 300 561 351 dirim
576 298 707 365 precessit,
725 308 809 351 secuu-

58 383 80 417 m
94 367 140 419 illud
155 370 239 431 liele,
252 368 273 421 ll
287 386 293 422 :
312 386 328 419 u
339 369 447 421 Umbrum
460 372 547 423 habeus
560 372 599 423 les
619 372 748 423 futurorum
765 372 809 423 bo-

58 455 107 489 rum.
123 442 189 493 used
201 442 239 493 lex
253 447 321 493 vetus
334 442 347 492 i
360 442 407 494 beo
419 444 534 507 descripta
548 443 601 507 luit,
617 445 741 494 secuudum
753 443 809 495 illud

58 514 112 569 red,
123 512 187 564 llllll
199 528 206 563 ε
218 530 232 562 u
246 512 308 564 llubu
322 514 364 563 tibi
383 516 439 564 duas
454 515 541 566 tubulus
560 516 676 579 lapideas,
690 518 714 565 et
733 515 808 579 legem

66 584 163 635 ruuudutu
178 596 227 649 que
243 585 334 649 scripsi.
346 602 359 633 u
371 586 428 649 lingo
441 586 532 638 videtur
543 587 603 652 qubd
617 586 685 638 etiam
701 586 809 639 christus

58 656 135 705 imnum
149 667 211 706 suum
225 656 325 707 scribere
338 656 448 708 debuerit.

60 768 66 777 .
84 728 202 791 orsurus,
217 729 245 779 ud
258 726 376 779 Christum
388 728 427 791 qni
440 734 537 780 venerut
551 746 567 778 «
575 726 702 781 illuminare
713 728 751 781 uis
765 729 806 794 uui

58 800 147 849 enebris
159 802 182 849 et
194 800 274 849 umbre
289 799 366 850 mortis
376 802 465 863 sedent,
481 818 495 848 u
507 805 532 851 ut
542 802 624 853 dicitur
638 804 708 860 Luc..
721 800 741 865 l,
755 810 809 866 per-

58 870 188 921 haichonis
203 870 333 921 occasiones
347 870 466 921 excludere
477 876 501 921 et
512 872 573 922 viam
589 871 639 923 ddel
654 872 751 937 aperire.
760 872 806 923 Sed

63 941 157 991 fecisset
171 940 368 991 doctrinsmsuum
382 942 512 1005 scribendo,
528 942 582 993 dicit
593 944 654 993 enisu
667 940 808 1009 Augustinus

83 1014 118 1061 De
136 1023 250 1062 cosumus
264 1010 369 1073 Eueno..
382 1022 432 1077 cup.
447 1012 494 1076 72,
509 1012 570 1077 qudd
585 1014 671 1065 «solet
688 1015 809 1065 nonnullos

58 1096 112 1146 rue,
127 1093 167 1133 cur
184 1082 235 1147 lpse
253 1080 362 1134 Dominus
380 1082 437 1133 nihil
459 1084 589 1149 scripserit,
602 1089 629 1134 ut
651 1084 701 1135 aliis
723 1084 751 1135 de
768 1082 808 1135 illo

58 1154 157 1205 entibus
176 1166 270 1205 necesse
283 1154 314 1203 sit
324 1152 424 1205 eredere.
440 1154 488 1205 lluc
498 1154 559 1205 euim
571 1155 606 1205 illl
615 1160 638 1205 et
652 1154 752 1207 maxime
763 1166 809 1220 pa-

66 1229 193 1289 querunt,
205 1226 245 1291 qul
255 1224 371 1276 Christum
383 1224 473 1289 culpare
488 1229 528 1276 aut
539 1226 697 1291 blasphemare
711 1237 756 1278 non
769 1240 809 1277 au·

77 1298 151 1361 cique
168 1298 274 1347 tribuunt
289 1296 503 1347 excellentissimum
522 1298 669 1362 sapientiam,
678 1298 717 1347 sed
732 1301 808 1348 tumen

61 1382 109 1420 arn
133 1368 235 1420 homini.
250 1368 378 1433 Discipulos
398 1368 451 1420 verb
472 1369 523 1433 ejus
539 1368 619 1420 dicunt
637 1369 745 1433 magistro
766 1378 808 1421 suo

59 1452 99 1491 ns
115 1440 226 1491 tribuisse
240 1440 308 1505 qutun
325 1446 384 1503 erut,
397 1444 421 1491 ut
434 1438 490 1491 eum
507 1440 590 1491 Filium
604 1440 644 1491 bei
656 1440 770 1501 dicerent,
785 1443 808 1491 et

62 1528 98 1564 m
115 1512 172 1574 Del,
189 1522 232 1577 peu
243 1513 304 1576 quod
320 1512 380 1562 luctu
393 1508 447 1563 sunl
456 1512 542 1563 omniu.
553 1527 567 1560 u
578 1509 608 1563 Et
617 1515 698 1577 postes
714 1511 807 1563 subdit:

58 1589 140 1639 entur
156 1583 232 1649 puruti
256 1580 328 1635 luisse
348 1586 393 1635 hoc
413 1586 441 1635 de
459 1584 500 1635 iilo
518 1584 627 1648 credere,
649 1584 709 1647 quod
728 1586 757 1634 de
783 1594 808 1635 se

58 1656 215 1721 smpsimus,
225 1666 271 1706 non
286 1656 345 1719 quod
356 1655 397 1705 ulii
408 1657 436 1707 de
450 1656 490 1707 illo
503 1667 545 1721 pro
559 1669 601 1707 suo
614 1654 706 1706 arbitrio
724 1654 808 1720 predi-

59 1740 87 1782 c.
115 1746 131 1777 u
143 1724 206 1791 Ergo
220 1727 310 1778 ridetur
328 1726 389 1791 qubd
405 1726 512 1779 Christus
532 1723 582 1794 lpse
602 1727 726 1779 doctrinam
744 1738 808 1778 suum

58 1801 192 1851 trudere
212 1798 324 1850 debuerit

62 1875 171 1926 contre
186 1874 223 1921 θεῖ
230 1870 312 1935 ,quud
326 1871 383 1922 nudi
400 1870 451 1922 huri
471 1870 500 1923 ub
519 1883 547 1923 co
567 1869 644 1935 sommi
659 1865 772 1920 habentur
783 1868 809 1919 lu

84 1943 239 2007 Scriptus.

58 2024 198 2074 monuero
214 2012 399 2066 -tlunuenicus
411 2012 455 2065 luit
472 2014 566 2075 otalii,
578 2025 626 2063 nun
638 2013 688 2079 ipse
702 1993 807 2064 christus

58 2102 119 2145 mu
142 2100 214 2139 sunm
228 2084 353 2148 scriberet,
368 2086 523 2151 tumpropter
541 2084 654 2149 doctoris,
670 2088 719 2134 tum
738 2085 806 2135 etium

91 2156 225 2211 doctu-inte
240 2168 303 2207 exce
298 2155 428 2219 lentium.)

58 2232 168 2290 pudeo
187 2227 322 2289 dicendum,
336 2224 396 2290 qudd
411 2226 551 2278 conueniens
566 2225 610 2277 luit
622 2222 738 2277 Christum
752 2228 809 2277 doc·

71 2314 169 2358 suam
193 2298 394 2363 conscripsisse:
409 2298 485 2349 Primd
498 2298 605 2362 quidem,
619 2301 714 2362 propter
732 2297 808 2362 digui-

58 2373 175 2434 osius.-
195 2368 357 2421 Excellentioni
380 2370 442 2419 eninr
459 2366 546 2420 doctori
564 2366 709 2420 excellentior
729 2370 809 2420 modus

58 2446 66 2506 ξ
111 2442 235 2495 debetur.
250 2441 279 2491 ut
293 2440 344 2491 ideo
362 2438 470 2500 Christo,
485 2444 593 2505 tunquam
612 2440 807 2491 excellentissimo

75 2516 146 2575 hie
162 2514 250 2565 medus
260 2512 404 2577 competebat
415 2516 440 2561 uu
454 2511 579 2563 doctrinam
595 2521 659 2561 suum
679 2511 808 2561 auditurum

102 2584 284 2651 imprimeret,
300 2584 466 2647 propterquod
480 2581 564 2632 dicitur
573 2580 677 2638 uetur„
687 2581 726 2630 llll
727 2579 807 2644 ,quod
843 2606 855 2623 0

58 2672 173 2725 ,cens
185 2669 228 2708 eos
241 2656 300 2705 sicut
310 2658 445 2720 potestatem
456 2654 551 2705 habeus.
562 2669 576 2702 u
589 2652 653 2704 Unde
664 2653 732 2703 etium
746 2652 808 2716 apud

58 2790 60 2797 Ι
95 2730 276 2797 Pythagoras
291 2730 315 2777 et
331 2726 449 2789 ὓθῖῖῖῖθε,
463 2725 502 2789 qui
516 2724 609 2776 herum
621 2722 808 2774 excellentissimi

109 2801 193 2859 nihil
210 2798 312 2850 scribere
329 2798 460 2849 iuuerunt.
474 2797 589 2863 scripture
607 2796 669 2846 eninr
689 2794 807 2845 ordinetur

58 2864 232 2944 {gelonem
251 2869 385 2921 doctrine
379 2880 405 2918 ru
420 2868 525 2920 cordibus
544 2868 686 2929 auditorum,
701 2865 759 2916 sicut
777 2865 806 2916 ud

58 2945 219 3015 vande,
233 2940 497 3008 popurusecucrtun
517 2938 625 2993 doctrine
641 2936 738 2999 Christi,
753 2945 804 3003 que
