1917 3317
130 143 179 195 oet
294 149 356 192 rans
371 151 413 202 nr,
430 149 523 198 num.
538 149 634 202 xmn,
649 148 707 192 aar.
725 151 764 190 nr.

129 231 206 280 clausa
223 228 281 290 erit,
295 233 318 278 et
332 241 378 278 non
396 228 520 292 aperietur,
537 232 561 279 et
573 227 610 276 vir
625 240 674 280 non
688 226 792 280 inmittit
802 239 840 292 per
852 240 890 275 ean

129 302 237 364 qnoniam
255 300 363 350 Dominus
376 300 435 348 Deus
451 300 522 349 lsrael
534 300 655 363 ingressus
668 304 705 350 est
716 314 757 364 per
772 312 828 350 eam.
839 302 893 356 adr·

129 385 245 435 exponens
260 370 402 433 Augustinus
422 369 447 420 iu
461 372 558 433 quodam
575 383 683 421 sermons
700 371 775 421 dicit:
790 373 868 430 «Quid
882 394 895 406 ··

129 447 194 507 porta
208 443 231 491 in
245 442 311 492 domu
329 441 418 490 Domini
436 441 530 501 clausa,
543 442 589 491 nisi
610 441 672 505 quod
694 443 765 492 ituria
781 456 866 504 semper
877 457 890 485 e

129 513 230 566 intacta?
249 513 348 576 utquid
368 517 416 572 est,
431 515 506 562 domo
527 528 576 562 nco
594 514 718 564 transiliit
734 531 782 580 per
801 530 864 568 eam,
877 529 895 561 r·

128 585 189 648 pudd
210 586 295 648 ioseph
314 598 360 634 non
378 587 524 646 cognosceret
544 585 612 635 eam?
627 587 657 634 nt
671 584 728 648 quid
744 591 791 646 ιιι,
811 587 880 635 Boiu·

128 657 197 706 solas
215 658 312 712 intrat,
334 658 359 705 et
377 655 511 718 egreditar
529 671 578 720 per
595 671 672 712 eam,
688 656 735 707 nisi
756 657 816 721 qndd
835 659 880 720 Spe*

129 731 222 778 sanetus
244 726 402 790 impraegnabit
419 739 470 776 earn
492 732 516 776 et
534 729 670 790 angelorum
695 728 804 778 Dominus
828 742 888 778 nasu.

129 813 170 862 per
187 798 253 850 cami
268 799 297 848 Et
311 799 365 860 quid
381 802 430 858 est,
450 799 537 848 clausa
550 801 603 848 erit
618 801 646 848 in
662 803 804 862 aeternam,
816 801 857 850 nisi
868 815 883 860 p

130 871 197 920 ituria
212 870 280 933 Virgo
290 873 324 919 est
338 873 390 920 ante
406 874 506 933 partum,
515 875 540 920 et
549 871 618 932 Virgo
635 870 660 920 in
671 877 749 934 partu,
765 876 790 922 et
801 873 864 934 Virgo
876 887 885 932 ες

128 942 233 1006 parium?
247 960 260 989 ι

161 1015 325 1076 (Concessio.
334 1013 405 1063 -Na
421 1014 458 1064 vel
471 1013 554 1064 Christi
562 1013 711 1077 perfectioni,
723 1015 763 1064 nei
775 1015 851 1065 Matris
862 1029 880 1063 ιι

129 1085 190 1136 titan
208 1088 354 1148 derogemus,
375 1089 414 1135 aut
424 1084 519 1148 Spiritui
536 1090 616 1136 sancto
627 1086 739 1147 iniuriam
752 1087 878 1136 inieramus.

130 1156 196 1221 sique
205 1157 496 1222 Joseptrpraesumptionem
503 1156 832 1221 marimamimputemua‚itei
841 1159 890 1207 dist·-

131 1233 156 1278 ut
169 1228 285 1292 Virginem
300 1229 433 1292 concepisse
453 1233 476 1278 et
495 1228 631 1292 peperisse,
645 1228 679 1278 ita
692 1229 764 1280 ιιίιιι
775 1234 828 1294 post
846 1244 885 1292 paz»

130 1313 219 1363 semper
230 1300 346 1362 Virginem
357 1301 512 1363 permansisse
526 1300 644 1350 trundum
656 1300 721 1363 est.)

162 1374 296 1436 Respondeo
310 1373 446 1434 dicendum,
460 1372 522 1435 qudd
532 1373 618 1435 ubsque
627 1372 693 1422 omni
703 1373 775 1424 dubio
790 1374 883 1424 detester

129 1452 167 1497 est
182 1461 244 1498 error
262 1445 378 1506 Helvidii,
392 1445 433 1508 qui
456 1446 532 1496 dicere
547 1446 716 1508 presumpsit,
737 1447 833 1498 Matrem
853 1447 885 1495 cd·

129 1523 182 1584 post
192 1523 281 1584 partum
298 1517 411 1580 atosepu
429 1529 482 1566 esse
497 1516 619 1566 carnaliter
627 1516 763 1581 cognitam,
776 1522 800 1568 et
809 1517 862 1566 alios
872 1526 882 1563 ι

130 1593 244 1656 genuisse.
267 1591 314 1640 Hoc
330 1589 391 1640 enim
408 1587 484 1652 primd
505 1589 598 1650 derogat
618 1587 705 1638 Christi
727 1589 889 1652 perfectioni2=

128 1664 187 1714 sicut
200 1661 325 1713 secundirm
342 1661 443 1712 divinam
457 1663 563 1710 naturam
576 1660 710 1722 unigenitus
725 1664 764 1710 est
778 1663 861 1719 Patris,
876 1668 892 1706 t·

129 1749 198 1798 quarn
216 1735 330 1798 perfectus
348 1745 389 1797 per
403 1733 479 1782 omnia
489 1732 561 1782 Filius
569 1732 628 1796 ejus,
637 1732 672 1781 its
682 1733 867 1784 decuitutesset
876 1748 886 1769 ι·

130 1806 220 1868 genitus
234 1807 311 1856 Matris
321 1810 426 1869 tanquam
435 1804 733 1868 pertentissimumgermen
743 1807 805 1870 ejus.
815 1808 882 1856 διιιι

130 1877 167 1928 hic
181 1889 242 1927 error
261 1877 368 1940 injuriam
382 1875 436 1926 iecit
452 1874 547 1940 Spiritui
565 1880 662 1936 sancto,
675 1875 745 1939 cujus
760 1878 889 1928 sacmrium‘

129 1952 208 2000 uterus
221 1950 357 2011 virginatis,
370 1949 396 1998 in
411 1961 456 2012 quo
470 1960 561 1998 carnem
579 1947 667 1997 Christi
681 1947 804 2013 formauit3
819 1951 890 1998 nuder

130 2022 224 2072 decebat
237 2019 297 2084 qudd
307 2023 335 2071 dc
346 2024 428 2070 cataro
441 2019 567 2069 violaretur
578 2033 620 2083 per
633 2020 824 2072 commixtionem
837 2020 887 2068 rire

131 2093 221 2156 Tertio,
240 2093 334 2155 derogat
347 2091 452 2156 dignitati
471 2094 495 2140 et
508 2091 623 2140 sanctitati
635 2091 715 2141 Matris
731 2093 784 2154 Dei,
795 2106 844 2156 qne
858 2094 889 2139 in:

130 2165 220 2214 tissima
231 2164 355 2226 uideretur,
371 2164 392 2214 si
399 2167 464 2214 tanto
476 2163 522 2212 filio
533 2166 639 2212 contenta
651 2176 700 2212 non
714 2168 823 2224 esset‚et
831 2164 850 2212 si
865 2178 888 2207 e:

130 2237 225 2286 nitatem
241 2250 291 2300 quse
303 2236 326 2285 in
339 2249 365 2290 ea
380 2234 516 2286 miraculose
531 2237 664 2285 conservata
677 2235 765 2299 tuerat,
785 2240 862 2298 sponte
876 2249 892 2295 p

130 2309 183 2358 dere
196 2307 266 2358 veliet
279 2320 320 2371 per
334 2307 408 2358 carnis
422 2307 577 2358 concubitum.
592 2305 695 2367 Quarto,
707 2307 781 2358 eriam
792 2307 838 2370 ipsi
850 2307 887 2353 im

130 2383 191 2430 esset
204 2381 231 2430 ad
245 2378 366 2430 maximam
374 2376 577 2442 praeumptionem
588 2378 767 2441 imputandum,
777 2379 854 2429 sicam
864 2391 885 2437 p·

130 2451 246 2504 revelante
260 2449 341 2513 angelo
352 2450 380 2500 de
396 2450 484 2514 Spiritu
499 2451 577 2498 sancto
585 2449 656 2498 Deum
670 2451 808 2514 concepisse
819 2462 891 2511 cogno»

128 2525 180 2584 rat,
196 2522 298 2586 polluere
309 2525 438 2572 attentaret.
454 2521 484 2570 Et
495 2519 548 2570 ideo
562 2520 697 2584 simpliciter
717 2526 755 2572 est
774 2521 886 2572 meeum

129 2593 190 2657 quod
208 2594 279 2644 Mater
297 2593 338 2642 Dei
358 2594 418 2642 sicut
438 2593 502 2656 virgo
517 2593 635 2657 concepit,
657 2597 682 2642 et
698 2593 767 2657 virgo
789 2593 883 2657 peperit¹

130 2665 199 2716 etiam
212 2668 235 2716 et
248 2668 312 2728 uirgo
331 2671 384 2728 post
398 2668 488 2727 prartum
504 2662 530 2713 in
543 2663 709 2727 sempiternum
724 2664 855 2728 permansit.

162 2737 197 2785 nd
209 2737 308 2800 primum
322 2749 375 2796 ergo
395 2736 535 2798 dicendum,
549 2735 609 2798 qudd
624 2735 699 2798 (sicut
714 2737 863 2801 Hieronymus
875 2733 884 2775 d

130 2803 156 2854 in
169 2806 210 2856 lib.
221 2809 316 2856 Contra
330 2805 496 2868 Helvidium)
508 2806 680 2870 intelligendum
691 2813 739 2874 est,
747 2808 809 2874 quod
818 2810 861 2859 hott·
873 2823 889 2868 p·

131 2875 229 2936 positio,
243 2879 313 2934 Ante,
330 2875 383 2924 licet
403 2889 465 2940 sape
485 2878 648 2942 consequentia
664 2877 772 2943 iudicet,
785 2885 859 2931 tamen
873 2891 893 2925 ι
