<?xml version="1.0" encoding="UTF-8"?>
<!DOCTYPE html PUBLIC "-//W3C//DTD XHTML 1.0 Transitional//EN"
    "http://www.w3.org/TR/xhtml1/DTD/xhtml1-transitional.dtd">
<html xmlns="http://www.w3.org/1999/xhtml" xml:lang="en" lang="en">
 <head>
  <title>
</title>
<meta http-equiv="Content-Type" content="text/html;charset=utf-8" />
  <meta name='ocr-system' content='tesseract 3.04.00' />
  <meta name='ocr-capabilities' content='ocr_page ocr_carea ocr_par ocr_line ocrx_word'/>
</head>
<body>
  <div class='ocr_page' id='page_1' title='image "./summatheologica02nicogoog_0609.png"; bbox 0 0 1917 3317; ppageno 0'>
   <div class='ocr_carea' id='block_1_1' title="bbox 138 184 762 243">
    <p class='ocr_par' dir='ltr' id='par_1_1' title="bbox 138 184 762 243">
     <span class='ocr_line' id='line_1_1' title="bbox 138 184 762 243; baseline -0.003 -11"><span class='ocrx_word' id='word_1_1' title='bbox 138 184 186 232; x_wconf 83' lang='lat' dir='ltr'><strong>olo</strong></span> <span class='ocrx_word' id='word_1_2' title='bbox 310 191 372 230; x_wconf 79' lang='lat' dir='ltr'><strong>eous</strong></span> <span class='ocrx_word' id='word_1_3' title='bbox 386 191 426 243; x_wconf 89' lang='grc' dir='ltr'>ιιι,</span> <span class='ocrx_word' id='word_1_4' title='bbox 442 189 535 236; x_wconf 73' lang='lat' dir='ltr'><strong>ouum.</strong></span> <span class='ocrx_word' id='word_1_5' title='bbox 551 189 643 242; x_wconf 79' lang='lat' dir='ltr'><strong>mm,</strong></span> <span class='ocrx_word' id='word_1_6' title='bbox 654 189 711 230; x_wconf 80' lang='lat' dir='ltr'><strong>m.</strong></span> <span class='ocrx_word' id='word_1_7' title='bbox 723 193 762 230; x_wconf 89' lang='lat' dir='ltr'><strong>m.</strong></span> 
     </span>
    </p>
   </div>
   <div class='ocr_carea' id='block_1_2' title="bbox 130 267 903 692">
    <p class='ocr_par' dir='ltr' id='par_1_2' title="bbox 130 267 903 620">
     <span class='ocr_line' id='line_1_2' title="bbox 131 267 901 332; baseline -0.008 -12"><span class='ocrx_word' id='word_1_8' title='bbox 131 275 260 331; x_wconf 76' lang='lat' dir='ltr'><strong>canoniea,</strong></span> <span class='ocrx_word' id='word_1_9' title='bbox 280 270 308 319; x_wconf 87' lang='lat' dir='ltr'><strong>de</strong></span> <span class='ocrx_word' id='word_1_10' title='bbox 321 268 404 331; x_wconf 83' lang='lat' dir='ltr'><strong>quibos</strong></span> <span class='ocrx_word' id='word_1_11' title='bbox 417 272 494 332; x_wconf 82' lang='lat' dir='ltr'><strong>posset</strong></span> <span class='ocrx_word' id='word_1_12' title='bbox 507 267 605 318; x_wconf 82' lang='lat' dir='ltr'><strong>dubitari</strong></span> <span class='ocrx_word' id='word_1_13' title='bbox 622 269 642 318; x_wconf 93' lang='lat' dir='ltr'><strong>si</strong></span> <span class='ocrx_word' id='word_1_14' title='bbox 656 269 743 331; x_wconf 77' lang='lat' dir='ltr'><strong>scripta</strong></span> <span class='ocrx_word' id='word_1_15' title='bbox 761 282 806 320; x_wconf 91' lang='lat' dir='ltr'><strong>nou</strong></span> <span class='ocrx_word' id='word_1_16' title='bbox 815 268 901 318; x_wconf 63' lang='lat' dir='ltr'><strong>inissem·¹</strong></span> 
     </span>
     <span class='ocr_line' id='line_1_3' title="bbox 132 340 903 404; baseline -0.008 -11"><span class='ocrx_word' id='word_1_17' title='bbox 132 347 213 393; x_wconf 74' lang='lat' dir='ltr'><strong>caetera</strong></span> <span class='ocrx_word' id='word_1_18' title='bbox 228 355 283 392; x_wconf 86' lang='lat' dir='ltr'><strong>vero</strong></span> <span class='ocrx_word' id='word_1_19' title='bbox 297 345 381 391; x_wconf 78' lang='lat' dir='ltr'><strong>nostru</strong></span> <span class='ocrx_word' id='word_1_20' title='bbox 396 340 553 403; x_wconf 80' lang='lat' dir='ltr'><strong>intelligentie</strong></span> <span class='ocrx_word' id='word_1_21' title='bbox 565 341 765 404; x_wconf 81' lang='lat' dir='ltr'><strong>derelinquuntur.</strong></span> <span class='ocrx_word' id='word_1_22' title='bbox 774 341 903 391; x_wconf 66' lang='lat' dir='ltr'><strong>otomanus</strong></span> 
     </span>
     <span class='ocr_line' id='line_1_4' title="bbox 132 411 903 477; baseline -0.01 -12"><span class='ocrx_word' id='word_1_23' title='bbox 132 416 175 465; x_wconf 87' lang='lat' dir='ltr'><strong>hoo</strong></span> <span class='ocrx_word' id='word_1_24' title='bbox 192 412 337 476; x_wconf 80' lang='lat' dir='ltr'><strong>Evangelista</strong></span> <span class='ocrx_word' id='word_1_25' title='bbox 354 411 410 460; x_wconf 80' lang='lat' dir='ltr'><strong>dicit</strong></span> <span class='ocrx_word' id='word_1_26' title='bbox 425 413 519 461; x_wconf 79' lang='lat' dir='ltr'><strong>Matrem</strong></span> <span class='ocrx_word' id='word_1_27' title='bbox 534 411 576 461; x_wconf 90' lang='lat' dir='ltr'><strong>Dei</strong></span> <span class='ocrx_word' id='word_1_28' title='bbox 589 425 638 462; x_wconf 91' lang='lat' dir='ltr'><strong>non</strong></span> <span class='ocrx_word' id='word_1_29' title='bbox 656 426 708 462; x_wconf 87' lang='lat' dir='ltr'><strong>esse</strong></span> <span class='ocrx_word' id='word_1_30' title='bbox 724 414 834 477; x_wconf 82' lang='lat' dir='ltr'><strong>ooguilam</strong></span> <span class='ocrx_word' id='word_1_31' title='bbox 850 412 862 460; x_wconf 76' lang='lat' dir='ltr'><strong>&#39;a</strong></span> <span class='ocrx_word' id='word_1_32' title='bbox 876 427 903 457; x_wconf 83' lang='grc' dir='ltr'><strong>ιι·</strong></span> 
     </span>
     <span class='ocr_line' id='line_1_5' title="bbox 130 483 901 548; baseline -0.006 -13"><span class='ocrx_word' id='word_1_33' title='bbox 130 498 204 548; x_wconf 85' lang='lat' dir='ltr'><strong>usque</strong></span> <span class='ocrx_word' id='word_1_34' title='bbox 218 486 246 534; x_wconf 86' lang='lat' dir='ltr'><strong>ad</strong></span> <span class='ocrx_word' id='word_1_35' title='bbox 261 488 364 547; x_wconf 87' lang='lat' dir='ltr'><strong>partum,</strong></span> <span class='ocrx_word' id='word_1_36' title='bbox 379 486 404 532; x_wconf 94' lang='lat' dir='ltr'><strong>ut</strong></span> <span class='ocrx_word' id='word_1_37' title='bbox 417 483 490 533; x_wconf 80' lang='lat' dir='ltr'><strong>multo</strong></span> <span class='ocrx_word' id='word_1_38' title='bbox 505 483 579 546; x_wconf 81' lang='lat' dir='ltr'><strong>magis</strong></span> <span class='ocrx_word' id='word_1_39' title='bbox 591 484 751 547; x_wconf 78' lang='lat' dir='ltr'><strong>intelligamus</strong></span> <span class='ocrx_word' id='word_1_40' title='bbox 762 485 866 548; x_wconf 81' lang='lat' dir='ltr'><strong>oognilam</strong></span> <span class='ocrx_word' id='word_1_41' title='bbox 879 496 901 530; x_wconf 81' lang='grc' dir='ltr'>ι·</span> 
     </span>
     <span class='ocr_line' id='line_1_6' title="bbox 131 558 378 620; baseline -0.016 -14"><span class='ocrx_word' id='word_1_42' title='bbox 131 558 202 606; x_wconf 82' lang='lat' dir='ltr'><strong>luisse</strong></span> <span class='ocrx_word' id='word_1_43' title='bbox 213 560 267 620; x_wconf 85' lang='lat' dir='ltr'><strong>post</strong></span> <span class='ocrx_word' id='word_1_44' title='bbox 280 558 378 620; x_wconf 84' lang='lat' dir='ltr'><strong>partum.</strong></span> 
     </span>
    </p>

    <p class='ocr_par' dir='ltr' id='par_1_3' title="bbox 162 625 899 692">
     <span class='ocr_line' id='line_1_7' title="bbox 162 625 899 692; baseline -0.007 -14"><span class='ocrx_word' id='word_1_45' title='bbox 162 628 195 678; x_wconf 75' lang='lat' dir='ltr'><strong>,lo</strong></span> <span class='ocrx_word' id='word_1_46' title='bbox 209 631 313 690; x_wconf 82' lang='lat' dir='ltr'><strong>quartum</strong></span> <span class='ocrx_word' id='word_1_47' title='bbox 334 625 471 686; x_wconf 82' lang='lat' dir='ltr'><strong>dicendum,</strong></span> <span class='ocrx_word' id='word_1_48' title='bbox 484 625 544 688; x_wconf 79' lang='lat' dir='ltr'><strong>quon</strong></span> <span class='ocrx_word' id='word_1_49' title='bbox 557 639 608 677; x_wconf 87' lang='lat' dir='ltr'><strong>mos</strong></span> <span class='ocrx_word' id='word_1_50' title='bbox 629 627 760 678; x_wconf 80' lang='lat' dir='ltr'><strong>divinarum</strong></span> <span class='ocrx_word' id='word_1_51' title='bbox 772 628 899 692; x_wconf 71' lang='lat' dir='ltr'><strong>Soiptumr&#39;</strong></span> 
     </span>
    </p>
   </div>
   <div class='ocr_carea' id='block_1_3' title="bbox 130 698 918 2482">
    <p class='ocr_par' dir='ltr' id='par_1_4' title="bbox 130 698 918 1193">
     <span class='ocr_line' id='line_1_8' title="bbox 132 698 894 762; baseline -0.01 -11"><span class='ocrx_word' id='word_1_52' title='bbox 132 704 179 758; x_wconf 82' lang='lat' dir='ltr'><strong>est,</strong></span> <span class='ocrx_word' id='word_1_53' title='bbox 200 702 225 748; x_wconf 88' lang='lat' dir='ltr'><strong>ut</strong></span> <span class='ocrx_word' id='word_1_54' title='bbox 243 699 444 762; x_wconf 74' lang='lat' dir='ltr'><strong>primoqem&#39;tum</strong></span> <span class='ocrx_word' id='word_1_55' title='bbox 457 701 542 747; x_wconf 80' lang='lat' dir='ltr'><strong>uooent</strong></span> <span class='ocrx_word' id='word_1_56' title='bbox 554 711 601 747; x_wconf 89' lang='lat' dir='ltr'><strong>uon</strong></span> <span class='ocrx_word' id='word_1_57' title='bbox 614 698 691 748; x_wconf 84' lang='lat' dir='ltr'><strong>solum</strong></span> <span class='ocrx_word' id='word_1_58' title='bbox 704 711 759 749; x_wconf 85' lang='lat' dir='ltr'><strong>eum</strong></span> <span class='ocrx_word' id='word_1_59' title='bbox 772 711 836 762; x_wconf 82' lang='lat' dir='ltr'><strong>quem</strong></span> <span class='ocrx_word' id='word_1_60' title='bbox 850 699 894 745; x_wconf 75' lang='lat' dir='ltr'><strong>frm—</strong></span> 
     </span>
     <span class='ocr_line' id='line_1_9' title="bbox 131 768 893 834; baseline -0.01 -11"><span class='ocrx_word' id='word_1_61' title='bbox 131 775 264 834; x_wconf 76' lang='lat' dir='ltr'><strong>sequuntur,</strong></span> <span class='ocrx_word' id='word_1_62' title='bbox 277 771 315 820; x_wconf 85' lang='lat' dir='ltr'><strong>sed</strong></span> <span class='ocrx_word' id='word_1_63' title='bbox 327 783 379 818; x_wconf 89' lang='lat' dir='ltr'><strong>enm</strong></span> <span class='ocrx_word' id='word_1_64' title='bbox 393 769 431 833; x_wconf 87' lang='lat' dir='ltr'><strong>qui</strong></span> <span class='ocrx_word' id='word_1_65' title='bbox 440 768 529 831; x_wconf 82' lang='lat' dir='ltr'><strong>primus</strong></span> <span class='ocrx_word' id='word_1_66' title='bbox 538 774 607 818; x_wconf 83' lang='lat' dir='ltr'><strong>natus</strong></span> <span class='ocrx_word' id='word_1_67' title='bbox 621 770 662 820; x_wconf 83' lang='lat' dir='ltr'><strong>sit.</strong></span> <span class='ocrx_word' id='word_1_68' title='bbox 673 770 780 834; x_wconf 72' lang='lat' dir='ltr'><strong>Alioquin</strong></span> <span class='ocrx_word' id='word_1_69' title='bbox 788 770 810 819; x_wconf 72' lang='lat' dir='ltr'><strong>n?</strong></span> <span class='ocrx_word' id='word_1_70' title='bbox 819 783 858 818; x_wconf 90' lang='lat' dir='ltr'><strong>non</strong></span> <span class='ocrx_word' id='word_1_71' title='bbox 867 782 893 814; x_wconf 66' lang='lat' dir='ltr'><strong>o&gt;</strong></span> 
     </span>
     <span class='ocr_line' id='line_1_10' title="bbox 130 841 876 909; baseline -0.009 -15"><span class='ocrx_word' id='word_1_72' title='bbox 130 843 311 909; x_wconf 79' lang='lat' dir='ltr'><strong>primogenitus,</strong></span> <span class='ocrx_word' id='word_1_73' title='bbox 329 841 374 890; x_wconf 87' lang='lat' dir='ltr'><strong>nisi</strong></span> <span class='ocrx_word' id='word_1_74' title='bbox 385 854 452 904; x_wconf 85' lang='lat' dir='ltr'><strong>qoem</strong></span> <span class='ocrx_word' id='word_1_75' title='bbox 466 845 592 902; x_wconf 82' lang='lat' dir='ltr'><strong>sequuntur</strong></span> <span class='ocrx_word' id='word_1_76' title='bbox 604 841 704 900; x_wconf 82' lang='lat' dir='ltr'><strong>fratros,</strong></span> <span class='ocrx_word' id='word_1_77' title='bbox 716 842 802 892; x_wconf 78' lang='lat' dir='ltr'><strong>tamliu</strong></span> <span class='ocrx_word' id='word_1_78' title='bbox 811 853 876 890; x_wconf 75' lang='lat' dir='ltr'><strong>seculo</strong></span> 
     </span>
     <span class='ocr_line' id='line_1_11' title="bbox 131 911 885 978; baseline -0.011 -13"><span class='ocrx_word' id='word_1_79' title='bbox 131 917 205 978; x_wconf 81' lang='lat' dir='ltr'><strong>legem</strong></span> <span class='ocrx_word' id='word_1_80' title='bbox 216 914 369 963; x_wconf 81' lang='lat' dir='ltr'><strong>sacerdotibus</strong></span> <span class='ocrx_word' id='word_1_81' title='bbox 383 911 563 974; x_wconf 80' lang='lat' dir='ltr'><strong>primogegenitu</strong></span> <span class='ocrx_word' id='word_1_82' title='bbox 575 925 623 962; x_wconf 91' lang='lat' dir='ltr'><strong>nou</strong></span> <span class='ocrx_word' id='word_1_83' title='bbox 638 913 789 976; x_wconf 74' lang='lat' dir='ltr'>deberentur,</span> <span class='ocrx_word' id='word_1_84' title='bbox 800 913 885 976; x_wconf 80' lang='lat' dir='ltr'><strong>quandin</strong></span> 
     </span>
     <span class='ocr_line' id='line_1_12' title="bbox 134 983 894 1047; baseline -0.008 -12"><span class='ocrx_word' id='word_1_85' title='bbox 134 986 178 1035; x_wconf 85' lang='lat' dir='ltr'><strong>alia</strong></span> <span class='ocrx_word' id='word_1_86' title='bbox 194 999 240 1035; x_wconf 91' lang='lat' dir='ltr'><strong>nou</strong></span> <span class='ocrx_word' id='word_1_87' title='bbox 259 985 343 1034; x_wconf 81' lang='lat' dir='ltr'><strong>luerint</strong></span> <span class='ocrx_word' id='word_1_88' title='bbox 353 988 477 1047; x_wconf 78' lang='lat' dir='ltr'><strong>procreata.</strong></span> <span class='ocrx_word' id='word_1_89' title='bbox 494 983 558 1042; x_wconf 84' lang='lat' dir='ltr'><strong>Quod</strong></span> <span class='ocrx_word' id='word_1_90' title='bbox 571 987 634 1046; x_wconf 87' lang='lat' dir='ltr'><strong>patet</strong></span> <span class='ocrx_word' id='word_1_91' title='bbox 649 997 701 1034; x_wconf 84' lang='lat' dir='ltr'><strong>esso</strong></span> <span class='ocrx_word' id='word_1_92' title='bbox 717 985 807 1047; x_wconf 81' lang='lat' dir='ltr'><strong>lalsum3</strong></span> <span class='ocrx_word' id='word_1_93' title='bbox 818 996 862 1032; x_wconf 90' lang='lat' dir='ltr'><strong>eum</strong></span> <span class='ocrx_word' id='word_1_94' title='bbox 875 995 894 1041; x_wconf 74' lang='lat' dir='ltr'><strong>u-</strong></span> 
     </span>
     <span class='ocr_line' id='line_1_13' title="bbox 134 1054 890 1119; baseline -0.008 -13"><span class='ocrx_word' id='word_1_95' title='bbox 134 1071 235 1107; x_wconf 82' lang='lat' dir='ltr'><strong>mousom</strong></span> <span class='ocrx_word' id='word_1_96' title='bbox 256 1055 407 1119; x_wconf 78' lang='lat' dir='ltr'><strong>primogenita</strong></span> <span class='ocrx_word' id='word_1_97' title='bbox 428 1055 509 1104; x_wconf 85' lang='lat' dir='ltr'><strong>redimi</strong></span> <span class='ocrx_word' id='word_1_98' title='bbox 528 1055 692 1105; x_wconf 75' lang='lat' dir='ltr'><strong>mandarentur</strong></span> <span class='ocrx_word' id='word_1_99' title='bbox 713 1056 835 1106; x_wconf 81' lang='lat' dir='ltr'><strong>seeundum</strong></span> <span class='ocrx_word' id='word_1_100' title='bbox 855 1054 890 1114; x_wconf 40' lang='lat' dir='ltr'><strong>leg*</strong></span> 
     </span>
     <span class='ocr_line' id='line_1_14' title="bbox 135 1127 918 1193; baseline -0.005 -15"><span class='ocrx_word' id='word_1_101' title='bbox 135 1128 232 1193; x_wconf 84' lang='lat' dir='ltr'><strong>(Nom.</strong></span> <span class='ocrx_word' id='word_1_102' title='bbox 251 1128 331 1190; x_wconf 82' lang='lat' dir='ltr'><strong>xllll,</strong></span> <span class='ocrx_word' id='word_1_103' title='bbox 347 1141 406 1177; x_wconf 84' lang='lat' dir='ltr'><strong>vers.</strong></span> <span class='ocrx_word' id='word_1_104' title='bbox 423 1127 479 1187; x_wconf 83' lang='grc'>16.)</span> <span class='ocrx_word' id='word_1_105' title='bbox 916 1174 918 1183; x_wconf 84' lang='grc'>,</span> 
     </span>
    </p>

    <p class='ocr_par' dir='ltr' id='par_1_5' title="bbox 133 1196 899 2040">
     <span class='ocr_line' id='line_1_15' title="bbox 164 1196 886 1262; baseline -0.007 -14"><span class='ocrx_word' id='word_1_106' title='bbox 164 1200 199 1249; x_wconf 82' lang='lat' dir='ltr'><strong>ll</strong></span> <span class='ocrx_word' id='word_1_107' title='bbox 219 1199 323 1262; x_wconf 86' lang='lat' dir='ltr'><strong>quintum</strong></span> <span class='ocrx_word' id='word_1_108' title='bbox 344 1198 478 1259; x_wconf 82' lang='lat' dir='ltr'><strong>dicendum,</strong></span> <span class='ocrx_word' id='word_1_109' title='bbox 498 1196 560 1260; x_wconf 83' lang='lat' dir='ltr'><strong>quod</strong></span> <span class='ocrx_word' id='word_1_110' title='bbox 575 1198 684 1260; x_wconf 64' lang='lat' dir='ltr'><strong>midam,</strong></span> <span class='ocrx_word' id='word_1_111' title='bbox 705 1199 766 1248; x_wconf 73' lang='lat' dir='ltr'><strong>siem</strong></span> <span class='ocrx_word' id='word_1_112' title='bbox 786 1198 886 1260; x_wconf 65' lang='lat' dir='ltr'><strong>Himonyx</strong></span> 
     </span>
     <span class='ocr_line' id='line_1_16' title="bbox 133 1271 890 1336; baseline -0.007 -14"><span class='ocrx_word' id='word_1_113' title='bbox 133 1272 188 1322; x_wconf 83' lang='lat' dir='ltr'><strong>dieii</strong></span> <span class='ocrx_word' id='word_1_114' title='bbox 201 1287 270 1336; x_wconf 84' lang='lat' dir='ltr'><strong>super</strong></span> <span class='ocrx_word' id='word_1_115' title='bbox 291 1274 392 1325; x_wconf 72' lang='lat' dir='ltr'><strong>Multo„</strong></span> <span class='ocrx_word' id='word_1_116' title='bbox 406 1271 461 1333; x_wconf 80' lang='lat' dir='ltr'><strong>llll,</strong></span> <span class='ocrx_word' id='word_1_117' title='bbox 480 1287 495 1318; x_wconf 86' lang='lat' dir='ltr'><strong>a</strong></span> <span class='ocrx_word' id='word_1_118' title='bbox 505 1271 586 1320; x_wconf 69' lang='lat' dir='ltr'><strong>trames</strong></span> <span class='ocrx_word' id='word_1_119' title='bbox 598 1271 691 1321; x_wconf 85' lang='lat' dir='ltr'><strong>Domini</strong></span> <span class='ocrx_word' id='word_1_120' title='bbox 705 1273 735 1322; x_wconf 82' lang='lat' dir='ltr'><strong>do</strong></span> <span class='ocrx_word' id='word_1_121' title='bbox 750 1272 890 1322; x_wconf 76' lang='lat' dir='ltr'><strong>alieniore..&#39;</strong></span> 
     </span>
     <span class='ocr_line' id='line_1_17' title="bbox 134 1343 887 1408; baseline -0.011 -14"><span class='ocrx_word' id='word_1_122' title='bbox 134 1346 191 1408; x_wconf 79' lang='lat' dir='ltr'><strong>seph</strong></span> <span class='ocrx_word' id='word_1_123' title='bbox 206 1345 264 1394; x_wconf 90' lang='lat' dir='ltr'><strong>lilios</strong></span> <span class='ocrx_word' id='word_1_124' title='bbox 277 1343 430 1406; x_wconf 82' lang='lat' dir='ltr'><strong>suspicantur.</strong></span> <span class='ocrx_word' id='word_1_125' title='bbox 444 1343 491 1392; x_wconf 85' lang='lat' dir='ltr'><strong>Nos</strong></span> <span class='ocrx_word' id='word_1_126' title='bbox 513 1348 589 1392; x_wconf 81' lang='lat' dir='ltr'><strong>antem</strong></span> <span class='ocrx_word' id='word_1_127' title='bbox 601 1344 683 1392; x_wconf 81' lang='lat' dir='ltr'><strong>inatres</strong></span> <span class='ocrx_word' id='word_1_128' title='bbox 696 1344 802 1406; x_wconf 79' lang='lat' dir='ltr'><strong>Domini,</strong></span> <span class='ocrx_word' id='word_1_129' title='bbox 815 1357 856 1392; x_wconf 88' lang='lat' dir='ltr'><strong>nou</strong></span> <span class='ocrx_word' id='word_1_130' title='bbox 871 1348 887 1387; x_wconf 87' lang='lat' dir='ltr'><strong>l.</strong></span> 
     </span>
     <span class='ocr_line' id='line_1_18' title="bbox 134 1414 885 1480; baseline -0.008 -14"><span class='ocrx_word' id='word_1_131' title='bbox 134 1417 222 1480; x_wconf 78' lang='lat' dir='ltr'><strong>loseph</strong></span> <span class='ocrx_word' id='word_1_132' title='bbox 242 1417 281 1465; x_wconf 87' lang='lat' dir='ltr'><strong>sed</strong></span> <span class='ocrx_word' id='word_1_133' title='bbox 296 1415 441 1464; x_wconf 81' lang='lat' dir='ltr'><strong>consobrinos</strong></span> <span class='ocrx_word' id='word_1_134' title='bbox 460 1414 582 1463; x_wconf 78' lang='lat' dir='ltr'><strong>salvatoris</strong></span> <span class='ocrx_word' id='word_1_135' title='bbox 599 1414 674 1464; x_wconf 85' lang='lat' dir='ltr'><strong>llariae</strong></span> <span class='ocrx_word' id='word_1_136' title='bbox 695 1419 826 1465; x_wconf 68' lang='lat' dir='ltr'><strong>matertere</strong></span> <span class='ocrx_word' id='word_1_137' title='bbox 844 1416 885 1463; x_wconf 84' lang='lat' dir='ltr'><strong>Don</strong></span> 
     </span>
     <span class='ocr_line' id='line_1_19' title="bbox 135 1484 893 1550; baseline -0.011 -11"><span class='ocrx_word' id='word_1_138' title='bbox 135 1487 194 1538; x_wconf 84' lang='lat' dir='ltr'><strong>filios</strong></span> <span class='ocrx_word' id='word_1_139' title='bbox 214 1485 370 1548; x_wconf 76' lang='lat' dir='ltr'><strong>intelligimus.</strong></span> <span class='ocrx_word' id='word_1_140' title='bbox 386 1486 510 1543; x_wconf 76' lang='lat' dir='ltr'><strong>»Quatuor</strong></span> <span class='ocrx_word' id='word_1_141' title='bbox 523 1485 585 1534; x_wconf 88' lang='lat' dir='ltr'><strong>euim</strong></span> <span class='ocrx_word' id='word_1_142' title='bbox 603 1484 711 1535; x_wconf 79' lang='lat' dir='ltr'><strong>molisio</strong></span> <span class='ocrx_word' id='word_1_143' title='bbox 722 1486 841 1550; x_wconf 68' lang='lat' dir='ltr'><strong>Scriptum</strong></span> <span class='ocrx_word' id='word_1_144' title='bbox 854 1488 893 1534; x_wconf 79' lang='lat' dir='ltr'><strong>irat·</strong></span> 
     </span>
     <span class='ocr_line' id='line_1_20' title="bbox 134 1557 890 1622; baseline -0.011 -12"><span class='ocrx_word' id='word_1_145' title='bbox 134 1560 248 1622; x_wconf 81' lang='lat' dir='ltr'><strong>dicuntur,</strong></span> <span class='ocrx_word' id='word_1_146' title='bbox 267 1557 353 1607; x_wconf 83' lang='lat' dir='ltr'><strong>scilieet</strong></span> <span class='ocrx_word' id='word_1_147' title='bbox 365 1561 455 1619; x_wconf 81' lang='lat' dir='ltr'><strong>natura,</strong></span> <span class='ocrx_word' id='word_1_148' title='bbox 471 1561 553 1620; x_wconf 79' lang='lat' dir='ltr'><strong>gente,</strong></span> <span class='ocrx_word' id='word_1_149' title='bbox 570 1557 722 1620; x_wconf 75' lang='lat' dir='ltr'><strong>cognatione,</strong></span> <span class='ocrx_word' id='word_1_150' title='bbox 733 1561 758 1607; x_wconf 86' lang='lat' dir='ltr'><strong>et</strong></span> <span class='ocrx_word' id='word_1_151' title='bbox 767 1559 855 1608; x_wconf 80' lang='lat' dir='ltr'><strong>allecto.</strong></span> <span class='ocrx_word' id='word_1_152' title='bbox 866 1560 890 1605; x_wconf 75' lang='grc' dir='ltr'>[ἰ</span> 
     </span>
     <span class='ocr_line' id='line_1_21' title="bbox 134 1627 887 1694; baseline 0 -16"><span class='ocrx_word' id='word_1_153' title='bbox 134 1634 231 1694; x_wconf 80' lang='lat' dir='ltr'><strong>fratres</strong></span> <span class='ocrx_word' id='word_1_154' title='bbox 246 1631 351 1679; x_wconf 82' lang='lat' dir='ltr'><strong>Domini</strong></span> <span class='ocrx_word' id='word_1_155' title='bbox 371 1627 426 1677; x_wconf 90' lang='lat' dir='ltr'><strong>dicti</strong></span> <span class='ocrx_word' id='word_1_156' title='bbox 449 1631 519 1689; x_wconf 87' lang='lat' dir='ltr'><strong>suut,</strong></span> <span class='ocrx_word' id='word_1_157' title='bbox 534 1641 580 1679; x_wconf 94' lang='lat' dir='ltr'><strong>nou</strong></span> <span class='ocrx_word' id='word_1_158' title='bbox 598 1629 725 1678; x_wconf 84' lang='lat' dir='ltr'><strong>secuudum</strong></span> <span class='ocrx_word' id='word_1_159' title='bbox 740 1634 855 1689; x_wconf 83' lang='lat' dir='ltr'><strong>naturam,</strong></span> <span class='ocrx_word' id='word_1_160' title='bbox 866 1643 887 1689; x_wconf 77' lang='grc' dir='ltr'>ιι·</span> 
     </span>
     <span class='ocr_line' id='line_1_22' title="bbox 136 1700 894 1764; baseline -0.008 -13"><span class='ocrx_word' id='word_1_161' title='bbox 136 1703 164 1751; x_wconf 85' lang='lat' dir='ltr'><strong>ab</strong></span> <span class='ocrx_word' id='word_1_162' title='bbox 178 1704 257 1752; x_wconf 83' lang='lat' dir='ltr'><strong>eadem</strong></span> <span class='ocrx_word' id='word_1_163' title='bbox 268 1704 339 1750; x_wconf 84' lang='lat' dir='ltr'><strong>malm</strong></span> <span class='ocrx_word' id='word_1_164' title='bbox 349 1700 397 1749; x_wconf 85' lang='lat' dir='ltr'><strong>nati</strong></span> <span class='ocrx_word' id='word_1_165' title='bbox 406 1716 414 1762; x_wconf 81' lang='lat'>3</span> <span class='ocrx_word' id='word_1_166' title='bbox 423 1701 463 1750; x_wconf 87' lang='lat' dir='ltr'><strong>sed</strong></span> <span class='ocrx_word' id='word_1_167' title='bbox 477 1701 601 1750; x_wconf 73' lang='lat' dir='ltr'><strong>monulum</strong></span> <span class='ocrx_word' id='word_1_168' title='bbox 614 1701 776 1762; x_wconf 77' lang='lat' dir='ltr'><strong>cognationem</strong></span> <span class='ocrx_word' id='word_1_169' title='bbox 786 1740 794 1764; x_wconf 90' lang='lat'><strong><em>‚</em></strong></span> <span class='ocrx_word' id='word_1_170' title='bbox 804 1700 863 1763; x_wconf 68' lang='lat' dir='ltr'><strong>quas</strong></span> <span class='ocrx_word' id='word_1_171' title='bbox 875 1714 894 1745; x_wconf 78' lang='lat' dir='ltr'><strong>o·</strong></span> 
     </span>
     <span class='ocr_line' id='line_1_23' title="bbox 134 1772 888 1837; baseline -0.011 -12"><span class='ocrx_word' id='word_1_172' title='bbox 134 1774 252 1837; x_wconf 81' lang='lat' dir='ltr'><strong>sanguinei</strong></span> <span class='ocrx_word' id='word_1_173' title='bbox 268 1774 320 1837; x_wconf 89' lang='lat' dir='ltr'><strong>ejus</strong></span> <span class='ocrx_word' id='word_1_174' title='bbox 333 1772 467 1824; x_wconf 83' lang='lat' dir='ltr'><strong>existentes.</strong></span> <span class='ocrx_word' id='word_1_175' title='bbox 492 1774 577 1836; x_wconf 80' lang='lat' dir='ltr'><strong>ioseph</strong></span> <span class='ocrx_word' id='word_1_176' title='bbox 593 1776 687 1834; x_wconf 86' lang='lat' dir='ltr'><strong>autem,</strong></span> <span class='ocrx_word' id='word_1_177' title='bbox 707 1774 769 1823; x_wconf 89' lang='lat' dir='ltr'><strong>siout</strong></span> <span class='ocrx_word' id='word_1_178' title='bbox 785 1773 888 1833; x_wconf 67' lang='lat' dir='ltr'><strong>llieeouu.</strong></span> 
     </span>
     <span class='ocr_line' id='line_1_24' title="bbox 136 1844 884 1909; baseline -0.008 -14"><span class='ocrx_word' id='word_1_179' title='bbox 136 1846 190 1896; x_wconf 85' lang='lat' dir='ltr'><strong>(licit</strong></span> <span class='ocrx_word' id='word_1_180' title='bbox 208 1849 285 1895; x_wconf 81' lang='lat' dir='ltr'><strong>contra</strong></span> <span class='ocrx_word' id='word_1_181' title='bbox 304 1844 445 1907; x_wconf 87' lang='lat' dir='ltr'><strong>Helvidium,</strong></span> <span class='ocrx_word' id='word_1_182' title='bbox 462 1845 536 1907; x_wconf 82' lang='lat' dir='ltr'><strong>magis</strong></span> <span class='ocrx_word' id='word_1_183' title='bbox 552 1844 679 1898; x_wconf 76' lang='lat' dir='ltr'><strong>eredentes</strong></span> <span class='ocrx_word' id='word_1_184' title='bbox 697 1848 734 1894; x_wconf 88' lang='lat' dir='ltr'><strong>est</strong></span> <span class='ocrx_word' id='word_1_185' title='bbox 752 1844 815 1909; x_wconf 78' lang='lat' dir='ltr'><strong>virgo</strong></span> <span class='ocrx_word' id='word_1_186' title='bbox 829 1858 884 1907; x_wconf 73' lang='lat' dir='ltr'><strong>pene</strong></span> 
     </span>
     <span class='ocr_line' id='line_1_25' title="bbox 137 1915 899 1981; baseline -0.008 -16"><span class='ocrx_word' id='word_1_187' title='bbox 137 1917 210 1980; x_wconf 80' lang='lat' dir='ltr'><strong>siese3</strong></span> <span class='ocrx_word' id='word_1_188' title='bbox 228 1917 280 1981; x_wconf 86' lang='lat' dir='ltr'><strong>quia</strong></span> <span class='ocrx_word' id='word_1_189' title='bbox 295 1933 310 1964; x_wconf 84' lang='grc' dir='ltr'>ι</span> <span class='ocrx_word' id='word_1_190' title='bbox 323 1916 391 1966; x_wconf 88' lang='lat' dir='ltr'><strong>aliam</strong></span> <span class='ocrx_word' id='word_1_191' title='bbox 403 1929 500 1967; x_wconf 86' lang='lat' dir='ltr'><strong>uxorem</strong></span> <span class='ocrx_word' id='word_1_192' title='bbox 514 1916 620 1966; x_wconf 79' lang='lat' dir='ltr'><strong>labmsse</strong></span> <span class='ocrx_word' id='word_1_193' title='bbox 631 1928 679 1965; x_wconf 90' lang='lat' dir='ltr'><strong>uon</strong></span> <span class='ocrx_word' id='word_1_194' title='bbox 698 1915 821 1979; x_wconf 69' lang='lat' dir='ltr'><strong>scribitus,</strong></span> <span class='ocrx_word' id='word_1_195' title='bbox 831 1921 853 1966; x_wconf 87' lang='lat' dir='ltr'><strong>et</strong></span> <span class='ocrx_word' id='word_1_196' title='bbox 862 1916 899 1962; x_wconf 77' lang='lat' dir='ltr'><strong>ln.</strong></span> 
     </span>
     <span class='ocr_line' id='line_1_26' title="bbox 137 1987 617 2040; baseline -0.008 -1"><span class='ocrx_word' id='word_1_197' title='bbox 137 1989 196 2040; x_wconf 85' lang='lat' dir='ltr'><strong>oaiio</strong></span> <span class='ocrx_word' id='word_1_198' title='bbox 214 1989 238 2038; x_wconf 90' lang='lat' dir='ltr'><strong>iu</strong></span> <span class='ocrx_word' id='word_1_199' title='bbox 253 1992 356 2038; x_wconf 86' lang='lat' dir='ltr'><strong>sanctum</strong></span> <span class='ocrx_word' id='word_1_200' title='bbox 371 1988 446 2038; x_wconf 76' lang='lat' dir='ltr'><strong>uirum</strong></span> <span class='ocrx_word' id='word_1_201' title='bbox 459 2002 505 2039; x_wconf 93' lang='lat' dir='ltr'><strong>nou</strong></span> <span class='ocrx_word' id='word_1_202' title='bbox 518 1987 617 2038; x_wconf 78' lang='lat' dir='ltr'><strong>eadit.»</strong></span> 
     </span>
    </p>

    <p class='ocr_par' dir='ltr' id='par_1_6' title="bbox 137 2058 894 2482">
     <span class='ocr_line' id='line_1_27' title="bbox 168 2058 894 2123; baseline -0.008 -13"><span class='ocrx_word' id='word_1_203' title='bbox 168 2063 201 2110; x_wconf 82' lang='lat' dir='ltr'><strong>Ad</strong></span> <span class='ocrx_word' id='word_1_204' title='bbox 213 2064 302 2110; x_wconf 82' lang='lat' dir='ltr'><strong>sextum</strong></span> <span class='ocrx_word' id='word_1_205' title='bbox 312 2059 441 2121; x_wconf 82' lang='lat' dir='ltr'><strong>dicendum,</strong></span> <span class='ocrx_word' id='word_1_206' title='bbox 454 2058 515 2123; x_wconf 79' lang='lat' dir='ltr'><strong>quio</strong></span> <span class='ocrx_word' id='word_1_207' title='bbox 523 2058 593 2108; x_wconf 87' lang='lat' dir='ltr'><strong>llaria</strong></span> <span class='ocrx_word' id='word_1_208' title='bbox 602 2071 653 2122; x_wconf 76' lang='lat' dir='ltr'><strong>que</strong></span> <span class='ocrx_word' id='word_1_209' title='bbox 661 2058 747 2109; x_wconf 84' lang='lat' dir='ltr'><strong>dieitur</strong></span> <span class='ocrx_word' id='word_1_210' title='bbox 759 2077 776 2109; x_wconf 82' lang='grc' dir='ltr'>ι</span> <span class='ocrx_word' id='word_1_211' title='bbox 786 2059 894 2110; x_wconf 80' lang='lat' dir='ltr'><strong>iaooliet.</strong></span> 
     </span>
     <span class='ocr_line' id='line_1_28' title="bbox 137 2130 888 2197; baseline -0.012 -13"><span class='ocrx_word' id='word_1_212' title='bbox 137 2133 195 2196; x_wconf 81' lang='lat' dir='ltr'><strong>soph</strong></span> <span class='ocrx_word' id='word_1_213' title='bbox 211 2147 224 2178; x_wconf 84' lang='lat' dir='ltr'><strong>n</strong></span> <span class='ocrx_word' id='word_1_214' title='bbox 235 2134 315 2192; x_wconf 81' lang='lat' dir='ltr'><strong>mator,</strong></span> <span class='ocrx_word' id='word_1_215' title='bbox 326 2144 373 2181; x_wconf 91' lang='lat' dir='ltr'><strong>nou</strong></span> <span class='ocrx_word' id='word_1_216' title='bbox 385 2131 521 2195; x_wconf 81' lang='lat' dir='ltr'><strong>intelligitur</strong></span> <span class='ocrx_word' id='word_1_217' title='bbox 529 2144 581 2182; x_wconf 89' lang='lat' dir='ltr'><strong>esse</strong></span> <span class='ocrx_word' id='word_1_218' title='bbox 595 2134 668 2180; x_wconf 84' lang='lat' dir='ltr'><strong>mater</strong></span> <span class='ocrx_word' id='word_1_219' title='bbox 683 2130 777 2180; x_wconf 74' lang='lat' dir='ltr'><strong>Domui</strong></span> <span class='ocrx_word' id='word_1_220' title='bbox 791 2133 833 2197; x_wconf 58' lang='grc' dir='ltr'>(ιι</span> <span class='ocrx_word' id='word_1_221' title='bbox 849 2144 888 2192; x_wconf 71' lang='grc' dir='ltr'>ιιι-</span> 
     </span>
     <span class='ocr_line' id='line_1_29' title="bbox 138 2191 884 2268; baseline -0.009 -15"><span class='ocrx_word' id='word_1_222' title='bbox 138 2191 262 2267; x_wconf 79' lang='lat' dir='ltr'><strong>Evan&#39;gelio</strong></span> <span class='ocrx_word' id='word_1_223' title='bbox 278 2214 325 2251; x_wconf 91' lang='lat' dir='ltr'><strong>uon</strong></span> <span class='ocrx_word' id='word_1_224' title='bbox 347 2203 466 2253; x_wconf 83' lang='lat' dir='ltr'><strong>cousuevit</strong></span> <span class='ocrx_word' id='word_1_225' title='bbox 480 2202 594 2253; x_wconf 86' lang='lat' dir='ltr'><strong>nominaui</strong></span> <span class='ocrx_word' id='word_1_226' title='bbox 606 2200 653 2251; x_wconf 89' lang='lat' dir='ltr'><strong>uisi</strong></span> <span class='ocrx_word' id='word_1_227' title='bbox 672 2215 725 2252; x_wconf 90' lang='lat' dir='ltr'><strong>oum</strong></span> <span class='ocrx_word' id='word_1_228' title='bbox 743 2203 884 2268; x_wconf 70' lang='lat' dir='ltr'><strong>cognominus</strong></span> 
     </span>
     <span class='ocr_line' id='line_1_30' title="bbox 138 2271 881 2339; baseline -0.005 -14"><span class='ocrx_word' id='word_1_229' title='bbox 138 2275 207 2339; x_wconf 78' lang='lat' dir='ltr'><strong>liujus</strong></span> <span class='ocrx_word' id='word_1_230' title='bbox 218 2271 349 2338; x_wconf 79' lang='lat' dir='ltr'><strong>dignitatis,</strong></span> <span class='ocrx_word' id='word_1_231' title='bbox 363 2271 424 2335; x_wconf 81' lang='lat' dir='ltr'><strong>quod</strong></span> <span class='ocrx_word' id='word_1_232' title='bbox 441 2273 471 2322; x_wconf 90' lang='lat' dir='ltr'><strong>sit</strong></span> <span class='ocrx_word' id='word_1_233' title='bbox 484 2275 649 2324; x_wconf 70' lang='lat' dir='ltr'><strong>linientem.</strong></span> <span class='ocrx_word' id='word_1_234' title='bbox 663 2273 813 2326; x_wconf 76' lang='lat' dir='ltr'><strong>Ducentem</strong></span> <span class='ocrx_word' id='word_1_235' title='bbox 823 2274 881 2324; x_wconf 76' lang='lat' dir='ltr'><strong>llario</strong></span> 
     </span>
     <span class='ocr_line' id='line_1_31' title="bbox 139 2344 889 2410; baseline -0.005 -13"><span class='ocrx_word' id='word_1_236' title='bbox 139 2347 247 2409; x_wconf 77' lang='lat' dir='ltr'><strong>telligitm</strong></span> <span class='ocrx_word' id='word_1_237' title='bbox 258 2358 310 2396; x_wconf 87' lang='lat' dir='ltr'><strong>esse</strong></span> <span class='ocrx_word' id='word_1_238' title='bbox 322 2357 380 2395; x_wconf 83' lang='lat' dir='ltr'><strong>uxor</strong></span> <span class='ocrx_word' id='word_1_239' title='bbox 395 2345 482 2409; x_wconf 73' lang='lat' dir='ltr'><strong>Alphei</strong></span> <span class='ocrx_word' id='word_1_240' title='bbox 493 2345 537 2408; x_wconf 71' lang='grc' dir='ltr'>(ι),</span> <span class='ocrx_word' id='word_1_241' title='bbox 548 2345 613 2410; x_wconf 84' lang='lat' dir='ltr'><strong>eujus</strong></span> <span class='ocrx_word' id='word_1_242' title='bbox 626 2344 689 2396; x_wconf 83' lang='lat' dir='ltr'><strong>iilius</strong></span> <span class='ocrx_word' id='word_1_243' title='bbox 700 2347 842 2398; x_wconf 82' lang='lat' dir='ltr'><strong>ostlnoooos</strong></span> <span class='ocrx_word' id='word_1_244' title='bbox 853 2347 889 2393; x_wconf 82' lang='grc' dir='ltr'><strong>ιι</strong></span> 
     </span>
     <span class='ocr_line' id='line_1_32' title="bbox 138 2417 543 2482; baseline -0.007 -13"><span class='ocrx_word' id='word_1_245' title='bbox 138 2417 178 2482; x_wconf 85' lang='lat' dir='ltr'><strong>qui</strong></span> <span class='ocrx_word' id='word_1_246' title='bbox 188 2417 263 2468; x_wconf 74' lang='lat' dir='ltr'><strong>mous</strong></span> <span class='ocrx_word' id='word_1_247' title='bbox 281 2420 316 2467; x_wconf 84' lang='lat' dir='ltr'><strong>esi</strong></span> <span class='ocrx_word' id='word_1_248' title='bbox 329 2418 415 2478; x_wconf 78' lang='lat' dir='ltr'><strong>frater</strong></span> <span class='ocrx_word' id='word_1_249' title='bbox 428 2417 543 2466; x_wconf 79' lang='lat' dir='ltr'><strong>Domini.</strong></span> 
     </span>
    </p>
   </div>
   <div class='ocr_carea' id='block_1_4' title="bbox 172 2569 893 2633">
    <p class='ocr_par' dir='ltr' id='par_1_7' title="bbox 172 2569 893 2633">
     <span class='ocr_line' id='line_1_33' title="bbox 172 2569 893 2633; baseline -0.004 -16"><span class='ocrx_word' id='word_1_250' title='bbox 172 2569 206 2633; x_wconf 73' lang='lat'><strong>(1)</strong></span> <span class='ocrx_word' id='word_1_251' title='bbox 221 2575 293 2627; x_wconf 82' lang='lat' dir='ltr'><strong>Quam</strong></span> <span class='ocrx_word' id='word_1_252' title='bbox 303 2571 424 2618; x_wconf 82' lang='lat' dir='ltr'><strong>nomluure</strong></span> <span class='ocrx_word' id='word_1_253' title='bbox 432 2581 479 2617; x_wconf 89' lang='lat' dir='ltr'><strong>non</strong></span> <span class='ocrx_word' id='word_1_254' title='bbox 494 2584 537 2629; x_wconf 82' lang='lat' dir='ltr'><strong>par</strong></span> <span class='ocrx_word' id='word_1_255' title='bbox 548 2583 619 2618; x_wconf 82' lang='lat' dir='ltr'><strong>nausa</strong></span> <span class='ocrx_word' id='word_1_256' title='bbox 626 2573 741 2620; x_wconf 69' lang='lat' dir='ltr'><strong>Battum</strong></span> <span class='ocrx_word' id='word_1_257' title='bbox 754 2575 800 2621; x_wconf 75' lang='lat' dir='ltr'><strong>tuit</strong></span> <span class='ocrx_word' id='word_1_258' title='bbox 810 2585 836 2620; x_wconf 77' lang='lat' dir='ltr'><strong>eo</strong></span> <span class='ocrx_word' id='word_1_259' title='bbox 847 2575 893 2618; x_wconf 76' lang='lat' dir='ltr'><strong>ioan</strong></span> 
     </span>
    </p>
   </div>
   <div class='ocr_carea' id='block_1_5' title="bbox 144 2644 897 2769">
    <p class='ocr_par' dir='ltr' id='par_1_8' title="bbox 144 2644 897 2769">
     <span class='ocr_line' id='line_1_34' title="bbox 175 2644 897 2708; baseline 0.004 -18"><span class='ocrx_word' id='word_1_260' title='bbox 175 2644 209 2708; x_wconf 70' lang='grc' dir='ltr'><strong>(Ξ)</strong></span> <span class='ocrx_word' id='word_1_261' title='bbox 224 2649 255 2692; x_wconf 84' lang='lat' dir='ltr'><strong>Ut</strong></span> <span class='ocrx_word' id='word_1_262' title='bbox 267 2646 364 2697; x_wconf 72' lang='lat' dir='ltr'><strong>liutto„</strong></span> <span class='ocrx_word' id='word_1_263' title='bbox 373 2647 408 2702; x_wconf 82' lang='lat' dir='ltr'><strong>X,</strong></span> <span class='ocrx_word' id='word_1_264' title='bbox 421 2657 484 2692; x_wconf 82' lang='lat' dir='ltr'><strong>vera.</strong></span> <span class='ocrx_word' id='word_1_265' title='bbox 502 2646 533 2701; x_wconf 82' lang='lat'><strong>3;</strong></span> <span class='ocrx_word' id='word_1_266' title='bbox 545 2647 634 2698; x_wconf 76' lang='lat' dir='ltr'><strong>liare„</strong></span> <span class='ocrx_word' id='word_1_267' title='bbox 644 2648 694 2708; x_wconf 88' lang='lat'>111,</span> <span class='ocrx_word' id='word_1_268' title='bbox 707 2661 733 2694; x_wconf 81' lang='lat' dir='ltr'><strong>v.</strong></span> <span class='ocrx_word' id='word_1_269' title='bbox 752 2647 797 2704; x_wconf 69' lang='lat'><strong>183</strong></span> <span class='ocrx_word' id='word_1_270' title='bbox 811 2644 897 2696; x_wconf 56' lang='lat' dir='ltr'><strong>lecal</strong></span> 
     </span>
     <span class='ocr_line' id='line_1_35' title="bbox 144 2707 570 2769; baseline 0 -13"><span class='ocrx_word' id='word_1_271' title='bbox 144 2709 222 2764; x_wconf 72' lang='lat' dir='ltr'><strong>n.15;</strong></span> <span class='ocrx_word' id='word_1_272' title='bbox 238 2708 304 2759; x_wconf 75' lang='lat' dir='ltr'><strong>Aet..</strong></span> <span class='ocrx_word' id='word_1_273' title='bbox 317 2711 341 2769; x_wconf 92' lang='lat'><strong>1,</strong></span> <span class='ocrx_word' id='word_1_274' title='bbox 356 2721 380 2754; x_wconf 84' lang='grc' dir='ltr'>ι.</span> <span class='ocrx_word' id='word_1_275' title='bbox 391 2707 434 2767; x_wconf 74' lang='grc'><strong>19,</strong></span> <span class='ocrx_word' id='word_1_276' title='bbox 449 2708 570 2756; x_wconf 75' lang='lat' dir='ltr'><strong>indicatur.</strong></span> 
     </span>
    </p>
   </div>
   <div class='ocr_carea' id='block_1_6' title="bbox 0 0 975 3317">
    <p class='ocr_par' dir='ltr' id='par_1_9' title="bbox 0 0 975 3317">
     <span class='ocr_line' id='line_1_36' title="bbox 0 0 975 3317; baseline 0 0"><span class='ocrx_word' id='word_1_277' title='bbox 0 0 975 3317; x_wconf 95' lang='lat' dir='ltr'><strong> </strong></span> 
     </span>
    </p>
   </div>
  </div>
 </body>
</html>
