1917 3317
119 120 165 172 lli
211 132 322 173 sueuuue
336 133 465 184 secunus,
481 133 577 182 oense.
587 133 708 183 amur,
723 132 780 172 eur.
794 132 819 170 v.

119 221 201 262 omues
219 212 339 271 leuentur,
357 210 479 260 monnone
498 210 555 262 illud
575 210 676 275 Apostoli
692 210 729 260 ud
745 210 826 270 Heln,
840 201 895 256 ult:

121 298 134 330 e
153 282 248 334 obedite
262 281 390 346 prepositis
402 282 495 345 vestris,
511 286 534 334 et
542 283 658 346 subjacete
671 283 713 334 eis.
724 299 739 330 s
753 284 809 346 lquo
822 278 896 329 suun

119 354 179 418 qubrl
196 353 325 404 obedientie
338 368 382 404 sou
394 354 507 419 pertineat
521 355 549 404 ed
560 354 722 418 perlectionem
739 351 860 418 religionis.

102 443 104 449 ·
151 429 174 475 2.
190 427 318 486 preterea,
332 427 460 478 obedientia
476 427 591 492 pertinere
612 428 703 478 videtur
719 425 809 491 proprie
824 423 851 474 ed
869 428 901 470 etl

119 497 158 562 qui
175 497 258 548 debent
276 498 325 564 regi
343 513 413 550 sensu
428 497 520 561 alieno,
534 500 594 563 quod
611 503 647 550 est
664 499 845 549 indiscretorum.
865 489 901 542 Sel

118 571 240 634 Apostolus
251 569 307 620 dieit
321 570 355 620 ud
372 569 456 628 Hebr„
465 571 494 634 V,
508 570 568 634 qubd
582 587 598 620 u
611 570 765 635 perfecturum
779 574 813 622 est
828 564 901 618 solidus

119 643 196 706 cibus,
211 642 249 706 qul
260 655 301 706 pru
312 642 474 694 cousuetudine
491 643 627 694 exercitatos
641 643 726 693 babent
739 656 821 694 sensus
829 639 855 689 eb
867 634 903 685 lis

118 715 241 766 cretionem
254 713 309 766 boni
322 719 346 765 el
363 714 425 766 mall.
443 731 455 762 u
472 715 532 777 Ergo
544 714 633 766 uidebis
646 713 708 779 quod
724 711 852 766 obedientie
864 719 903 758 uul

118 786 231 851 pertineat
244 786 273 837 ed
288 791 371 838 statum
384 787 544 852 perlectorum.

151 863 174 908 3.
189 861 317 922 preterea,
328 861 348 911 si
362 858 490 910 obedientie
504 857 654 922 requireretur
667 859 694 908 ed
705 857 869 922 perleellonenr
876 863 905 902 re·

118 928 207 994 ligiouis
216 967 224 994 ,
238 935 357 996 opoteret
371 929 432 995 qubd
450 930 557 980 omuibus
574 928 685 993 religiosis
704 930 846 980 conueniret.
863 925 905 975 llou

118 1007 192 1054 sulem
202 1004 305 1054 omnibus
313 1003 433 1064 eonvenil3
442 1005 497 1052 sunt
505 1000 666 1065 eoimquidsnu
679 1001 781 1064 religiosi
793 998 907 1053 soliterisu

117 1076 187 1126 uitem
208 1081 315 1139 ugentes,
326 1075 367 1139 qui
385 1087 430 1126 non
448 1074 534 1124 babent
552 1073 680 1137 superiores
697 1073 780 1139 quibus
794 1071 906 1128 obedianl3
930 1096 932 1139 i

118 1147 207 1198 prelati
220 1148 287 1200 etiem
300 1146 433 1210 religienum
449 1145 641 1198 sulobedientiem
656 1159 702 1196 uon
718 1145 826 1197 videntur
836 1139 908 1194 teneri.
930 1142 932 1223 l

118 1220 177 1283 Ergo
194 1220 322 1272 obedientia
342 1232 388 1268 nen
409 1217 499 1269 uidetur
516 1217 630 1282 pertinere
647 1219 677 1269 ed
694 1217 814 1282 religionis
830 1215 909 1284 perles·
930 1226 932 1267 i

118 1291 214 1344 tionem.
930 1290 932 1341 t

150 1368 174 1414 l.
191 1362 350 1426 Preteres,si
371 1365 448 1414 volum
467 1361 599 1415 obedientie
616 1362 645 1414 ed
664 1361 798 1426 religionem
820 1359 911 1426 require·
930 1370 932 1395 ³

118 1439 191 1499 retur,
202 1447 346 1498 oeusequeus
361 1433 490 1498 essetqnbe
504 1433 605 1497 religiosi
613 1438 745 1486 tenerentur
755 1434 862 1484 Praelelis
871 1431 911 1482 suis

117 1507 141 1558 iu
154 1509 259 1560 omnibus
272 1506 377 1569 obedire;
393 1506 489 1558 sicelet
503 1519 543 1570 per
557 1510 633 1557 vomui
648 1505 794 1556 continentie
811 1507 911 1557 lenemn
930 1524 932 1551 i

117 1580 146 1630 ub
159 1580 263 1630 omnibus
272 1579 377 1630 venereis
388 1579 510 1631 abstinere.
521 1578 565 1628 Sed
579 1591 625 1628 non
639 1582 744 1628 leuentur
754 1575 858 1628 Preietis
869 1574 912 1626 sois
930 1580 932 1583 '

116 1651 208 1705 obedire
221 1650 246 1702 in
259 1651 378 1711 omnibus,
392 1655 419 1702 ut
433 1650 501 1715 suprb
510 1649 613 1700 bebium
625 1652 663 1700 est
678 1651 730 1715 (qu.
747 1649 803 1710 ill,
818 1654 862 1700 art,
877 1650 913 1708 5),

116 1724 168 1775 ebur
185 1724 213 1774 de
226 1722 309 1774 virtute
326 1723 461 1774 obedieutiae
482 1726 595 1784 seneen.
610 1722 670 1785 Ergo
689 1729 768 1772 uuum
781 1718 915 1774 obedientie

116 1811 164 1850 uun
176 1796 298 1860 requiritur
307 1797 337 1846 ud
349 1795 487 1858 religionen.
930 1794 932 1845 l

149 1875 171 1920 lt.
186 1871 310 1928 pretereo,
325 1867 364 1918 illu
380 1867 473 1918 seruilia
493 1871 548 1918 sunt
565 1869 612 1918 beo
629 1867 728 1918 maxine
744 1873 853 1932 uceepta,
867 1876 932 1933 que!

115 1943 238 1992 liberaliter
250 1945 273 1991 et
289 1952 335 1989 nou
350 1953 378 1990 ex
394 1939 529 1990 necessitate
541 1940 608 2003 linet,
623 1941 747 1990 seeundum
762 1941 820 1992 illul
834 1944 866 1993 ll.
882 1938 914 1990 ud
930 1946 932 1987 l

117 2016 189 2074 Cor„
200 2015 230 2064 lll
245 2013 295 2078 (elz
310 2029 324 2059 u
335 2013 385 2063 Nun
399 2027 428 2064 ex
438 2012 532 2063 tristitie
543 2018 583 2063 eut
595 2027 626 2064 ex
638 2015 809 2066 necessitates
824 2016 872 2067 Sed
883 2016 918 2066 ille
930 2026 932 2057 t

115 2101 166 2151 que
185 2087 242 2136 ilunt
255 2097 284 2136 ex
298 2084 438 2147 obedientis,
453 2084 511 2135 liunt
530 2099 560 2136 eu
574 2086 710 2137 ueuessilele
723 2088 840 2150 precepti.
857 2090 916 2150 Ergo
930 2104 932 2137 r

115 2157 251 2208 leudabilius
267 2157 324 2208 ient
344 2155 403 2206 bone
421 2169 491 2220 opere
510 2170 562 2220 que
574 2156 627 2220 quis
646 2156 735 2220 proprie
754 2162 838 2222 sponte
854 2159 917 2210 iecit.

115 2229 197 2280 lours
209 2241 262 2291 ergo
273 2225 407 2278 obedientis
421 2240 467 2280 nen
480 2228 590 2292 eonpetiu
602 2227 720 2292 religioni,
735 2241 777 2292 per
788 2243 862 2293 quem
876 2232 917 2280 be
930 2266 932 2273 .

116 2299 189 2350 mines
201 2301 307 2363 querunt
325 2298 352 2347 ed
367 2299 459 2349 meliors
474 2300 605 2364 peruenire.

146 2372 190 2422 Sed
203 2375 282 2422 eontra
297 2385 303 2418 :
316 2371 424 2434 perieulis
436 2372 552 2436 religionis
562 2371 660 2424 maxime
679 2372 783 2423 eonsislit
796 2372 820 2423 in
834 2373 932 2425 imite-¹

115 2443 176 2494 tione
191 2443 285 2505 Christi,
298 2442 420 2492 seeundum
435 2441 490 2494 illud
505 2445 606 2500 Metti„
615 2444 665 2494 lllll
676 2459 682 2494 :
694 2460 708 2492 «
720 2444 745 2494 Si
757 2444 791 2495 ris
799 2447 932 2509 perlectus!

115 2527 177 2580 esse,
195 2519 251 2579 eto,
266 2525 361 2580 sequere
380 2526 425 2564 nse.
440 2529 454 2561 o
469 2515 515 2567 Seol
534 2515 560 2566 iu
574 2516 667 2567 christo
687 2515 786 2570 maxime
799 2530 921 2571 sommen-

147 2686 180 2750 (1)
189 2691 222 2734 lle
231 2685 383 2735 beneficentia
392 2687 416 2732 in
425 2701 538 2747 psuperes
548 2672 751 2748 expresse'eiesum
761 2703 824 2737 vers.
834 2689 860 2736 ’1.
873 2693 921 2738 sed

114 2751 179 2808 seque
198 2757 274 2808 potest
289 2751 431 2807 quibuslibet
447 2753 500 2798 eliis
511 2754 631 2812 applicari,
647 2755 806 2800 sleutetillnd
821 2755 922 2803 Psalm.

113 2817 179 2860 llll:
195 2814 339 2860 Voluntarie
350 2815 491 2873 sacrificulo
502 2815 558 2866 sibl,
570 2817 585 2862 i
597 2818 706 2876 Gregorio
724 2818 853 2876 epplieetur
868 2819 918 2865 lib.

114 2880 167 2932 ull·
174 2877 359 2938 opereturque
370 2878 450 2926 indies.
461 2879 487 2941 ἰ,
499 2879 568 2938 epist.
579 2878 604 2930 5.
