1917 3317
134 180 181 226 tit
327 188 389 226 ross
403 188 447 236 tn,
462 187 556 233 oum.
573 187 625 237 vn,
641 188 697 225 mr.
714 186 748 224 iv.

431 370 592 422 consotios
606 370 645 419 lv,

338 498 424 541 Uiritus
441 498 468 541 io
477 497 574 543 Christo
583 498 664 552 suerit
678 509 737 553 spes.

166 624 199 673 td
219 626 324 687 quartum
342 624 376 674 sic
390 623 519 687 proceditur
537 624 582 686 (1).
604 624 701 675 Videtur
720 623 778 687 quod
798 624 824 671 tn
841 620 911 673 struo

133 694 202 747 inerit
214 708 276 759 spes.
292 694 379 744 Dicitur
390 695 415 743 in
429 694 498 744 Prot.
514 696 592 757 xxx,
606 708 635 745 cs
649 708 747 759 persono
760 693 858 745 Christi:
873 691 910 739 nin

132 769 166 827 te,
179 766 282 828 Domine,
292 764 390 829 speravi.
402 782 417 812 o
427 766 472 816 Sed
485 766 558 816 virtus
568 766 620 830 spei
630 770 667 817 est
679 779 725 829 quin
738 768 806 816 domo
820 761 912 828 sporatio

132 836 214 889 Deum
228 840 289 900 Ergo
299 837 373 887 vitoe
385 837 435 901 spei
448 838 492 888 init
506 840 531 888 in
544 838 645 889 Christo.

165 914 190 958 t.
205 911 329 970 mirrea,
342 922 395 973 spos
412 912 448 958 eet
460 909 588 972 expectatio
602 909 683 959 toturn
692 906 854 966 beatitudinis,
866 908 887 954 nt
898 904 913 950 iu

132 980 163 1029 li.
178 984 239 1043 part.
257 980 360 1029 hobitum
373 982 410 1029 est
423 980 472 1042 (1,
485 984 516 1042 t,
532 994 571 1043 qn.
593 984 633 1039 17,
650 981 694 1029 ort.
711 979 756 1041 5).
771 980 816 1029 Sed
831 976 913 1027 Ghr'otoi

133 1049 220 1114 aliquid
238 1051 372 1114 expectabat
385 1052 413 1100 ad
431 1050 595 1101 beatitudinem
614 1050 747 1114 pertinens,
761 1050 867 1101 videlicet
882 1046 915 1109 gir

133 1120 191 1172 riom
202 1122 312 1186 corporis.
327 1124 385 1185 Ergo
398 1121 488 1171 videtur
497 1122 557 1185 qnod
570 1122 597 1171 in
605 1134 632 1171 eo
647 1120 716 1172 inerit
730 1134 792 1185 spes.

166 1192 577 1257 o,1›rmcrea,musquisquepooest
590 1205 683 1256 sperare
700 1193 758 1242 illud
772 1194 832 1255 qnod
846 1190 914 1252 ndejn

132 1264 298 1326 perfectionem
314 1265 428 1328 pertinet,
442 1265 464 1313 si
476 1264 507 1313 sit
520 1264 630 1315 totorum.
645 1264 689 1313 Sed
703 1264 792 1327 aliquid
804 1268 854 1314 erat
866 1262 913 1311 intu-

132 1348 184 1383 rnm
197 1336 258 1397 quod
270 1335 299 1384 od
317 1335 479 1399 perfectionem
499 1335 585 1385 Christi
601 1336 720 1399 pertinet,
736 1335 861 1385 sccundirm
879 1328 916 1381 itui

132 1404 236 1468 nptias..
245 1407 290 1455 tv:
305 1422 321 1453 u
329 1407 363 1455 dd
374 1405 596 1455 consummationem
605 1409 737 1471 punctorum
749 1404 846 1470 inopus
858 1402 915 1453 minis·

132 1475 202 1537 terii,
215 1476 239 1525 in
255 1476 426 1527 edificationem
442 1478 543 1541 corporis
556 1476 650 1527 Christi.
665 1494 679 1524 o
695 1478 754 1540 Engo
770 1477 861 1528 uidetur
872 1472 916 1539 quit

133 1546 221 1598 (tunsio
234 1548 379 1612 competebat
391 1549 476 1599 huwe
487 1562 561 1613 spem.
893 1605 898 1618 ι

164 1618 209 1669 Sed
220 1624 297 1670 contro
311 1623 359 1681 est,
374 1620 436 1682 qnod
447 1619 529 1670 dicitur
539 1622 621 1675 Rom„
635 1620 684 1669 Vtil
697 1619 749 1683 (t):
769 1637 783 1668 r
798 1622 864 1679 Quod
873 1618 918 1667 uidi-7

133 1689 199 1752 quis,
214 1692 269 1753 qnid
281 1692 371 1755 sperntt
381 1708 395 1737 o
410 1693 440 1741 nt
453 1692 488 1741 sic
503 1696 568 1755 patet
580 1691 640 1753 qnod
653 1691 713 1740 sicut
732 1692 790 1742 fides
801 1696 839 1743 ost
852 1693 877 1741 de
889 1702 920 1738 nm

136 1759 209 1821 umis,
224 1760 257 1811 itu
270 1767 294 1811 et
305 1775 366 1825 spes.
379 1762 425 1813 Sed
437 1763 495 1813 tides
509 1763 609 1813 oontoit
622 1761 646 1811 in
659 1761 763 1824 Christo,
779 1764 844 1815 sicut
854 1764 920 1813 dictio

38 1861 39 1900 3
133 1835 177 1881 ost.
191 1834 253 1895 Ergo
264 1846 308 1884 nec
318 1848 379 1898 spes.

38 1913 39 1918 ’
168 1905 429 1969 (insonnem-de
443 1907 549 1957 Christos
562 1906 576 1956 d
588 1906 701 1971 principio
719 1920 768 1958 son
781 1908 920 1973 conceptioni

38 2007 39 2014 κ
132 1977 203 2042 plene
220 1978 350 2028 fruitionem
370 1978 472 2029 diuinam
489 1977 763 2041 hahuerit,impossibiie
783 1980 830 2029 init.
848 1982 872 2029 in
887 1979 920 2041 ipss

133 2050 206 2099 tuisse
218 2062 295 2112 spem,
305 2049 351 2099 nisi
363 2062 442 2100 eornm
455 2062 508 2112 pue
522 2062 568 2099 non
584 2049 652 2113 pient
666 2048 740 2099 tuero
755 2052 871 2116 adeptos,
881 2052 916 2101 dcii

133 2121 171 2171 sui
187 2121 289 2183 corporis
304 2121 497 2171 immortalitatem
512 2125 536 2171 ot
551 2122 646 2185 glorium
657 2122 792 2185 sperabat.)

165 2192 302 2256 despondeo
314 2192 452 2252 dicendum',
467 2192 530 2255 qnod
543 2192 602 2242 sicut
615 2193 644 2242 de
656 2192 746 2244 ratione
760 2194 816 2244 fidei
830 2200 868 2245 est
880 2192 918 2256 qut

134 2263 336 2327 otipuisossentiot
346 2264 581 2327 hisquaenonvidet,
591 2264 661 2315 itudo
673 2265 761 2316 rationo
773 2267 828 2331 spei
836 2272 873 2318 est
881 2265 919 2329 qut»-

38 2349 39 2394 t
134 2335 217 2399 uliquis
237 2339 343 2399 expectet
362 2335 388 2384 id
406 2335 467 2398 qnod
486 2337 588 2385 nondum
605 2336 682 2386 habet.
697 2338 727 2385 Et
746 2339 810 2387 sicut
830 2340 901 2395 tides,
913 2358 920 2381 ι

37 2401 39 2434 ⁷
133 2410 244 2471 qnantum
252 2407 370 2456 estuirtus
379 2406 515 2470 theologico,
527 2420 573 2456 oon
585 2410 620 2457 est
631 2408 658 2457 do
667 2421 813 2472 quocumque
823 2424 872 2461 oon
881 2410 919 2457 viso

38 2545 39 2586 3
168 2522 201 2587 (t)
210 2529 243 2571 De
253 2526 368 2571 bisetium
377 2524 448 2583 inirt,
458 2531 502 2570 ort.
514 2524 574 2584 6,ad
586 2525 611 2583 1,
620 2532 643 2571 et
655 2533 698 2573 nrt.
712 2526 736 2585 l,
747 2528 778 2573 nd
788 2530 812 2587 2,
824 2538 851 2576 et
860 2527 919 2575 arod

133 2586 518 2647 nd1;eti,2‚qu.65,urt.5,
535 2588 679 2647 od3;et2,
696 2590 724 2643 2,
742 2592 835 2649 qo.18,
853 2592 916 2639 arti

134 2650 163 2695 nd
175 2650 202 2705 13
219 2656 243 2697 et
256 2654 301 2711 ΠΙ,
316 2652 370 2696 dist.
380 2650 420 2710 26,
435 2663 475 2705 qu.
487 2650 511 2708 2,
527 2658 570 2695 nrt.
581 2650 609 2705 5;
623 2657 646 2697 et
655 2652 709 2696 dist.
719 2652 760 2711 36,
774 2661 818 2699 nrt.
830 2656 856 2712 2,
870 2654 917 2701 add

167 2722 198 2784 (d)
212 2724 258 2769 ooi
271 2724 403 2781 premittit,
422 2734 484 2767 vers.
500 2721 531 2765 nt
546 2739 552 2766 t
567 2722 625 2779 Spes
639 2735 693 2780 puoe
706 2725 823 2776 videtur,
836 2741 888 2772 noc
901 2739 917 2769 er

133 2799 186 2845 opes
193 2802 202 2840 ,¹
217 2787 300 2832 deinde
310 2799 380 2831 mox:
392 2786 456 2832 Nam
469 2784 533 2841 qood
545 2784 611 2831 videt
623 2788 687 2841 pois,
701 2785 762 2843 quid
775 2793 880 2847 speret?
892 2782 922 2843 ito]

133 2860 231 2906 rumque
244 2849 379 2905 subjungit:
394 2847 423 2891 Si
437 2851 517 2892 cittcm
529 2848 593 2904 qood
603 2860 654 2893 non
666 2848 788 2901 videmos,
798 2863 922 2910 speremus

132 2924 181 2970 per
191 2912 339 2971 potientium
352 2913 514 2967 expectemus.
