1917 3317
98 203 144 248 256
294 211 355 249 PARS
370 210 411 261 111,
427 208 522 254 QUAEST
540 211 571 259 ll,
588 207 645 246 nnn.
663 209 699 247 vl.

98 301 140 351 per
156 286 263 338 animam
287 286 338 339 ll'on
352 291 388 338 est
405 291 482 338 antem
495 285 528 337 sie
541 287 569 337 de
590 285 694 337 albedine
700 284 772 349 ,qnia
786 282 847 334 aliud
863 286 899 334 est
948 272 949 326 l

99 374 151 408 sese
164 358 217 413 albi,
234 362 257 408 et
273 359 335 408 alind
346 363 383 409 est
394 374 446 408 esse
455 357 569 422 hominis,
584 358 621 408 cui
634 348 727 407 advenit
742 356 830 407 albedo.
843 357 898 407 Ver-

99 429 154 480 bum
167 433 244 479 autem
256 430 298 479 liei
310 431 338 480 ab
353 434 440 480 eterno
457 444 508 479 esse
522 430 659 492 completum
677 427 758 477 hahuit
778 427 899 478 seeundum

98 501 265 566 hypostasim'
248 515 296 552 snus
305 515 479 566 personam,ex
488 505 589 565 tempore
599 505 675 552 autem
685 499 806 550 aduenit
787 513 809 549 er
820 504 900 550 natura
949 502 950 544 1

99 574 198 623 humana
213 586 259 623 non
271 573 336 637 quasi
349 578 466 638 assumpta
484 574 513 622 ad
523 587 594 622 unum
603 588 671 632 esse,
682 575 749 636 prout
759 576 794 623 est
806 576 901 630 naturae,

101 643 163 694 siem
178 657 260 708 eorpus
281 646 407 696 assumitur
422 647 450 696 ad
468 659 520 695 esse
538 646 634 708 anime,
655 645 695 694 sed
712 644 739 694 ad
759 658 831 694 uuum
852 658 901 694 esse

101 719 168 780 prout
178 720 215 766 est
232 716 363 781 hypostasis
374 718 413 767 nel
424 730 536 780 persona.
547 717 576 767 ut
588 717 639 768 ideo
652 718 752 766 humana
764 720 846 766 natura
857 729 902 766 non
950 732 951 776 l

102 788 181 837 unitur
199 788 369 838 accidentaliter
381 788 441 839 Filio
453 787 502 837 liei.

136 859 170 908 lld
183 857 276 908 tertium
289 859 422 923 dicendum,
438 858 499 922 qudd
516 859 622 910 accidens
636 859 744 909 dividitur
754 864 833 909 eontra
847 860 904 910 sub-

104 930 377 981 stantiamsobstaatia
385 932 610 994 autemutpatetll.
618 930 737 994 Metapa„
747 932 815 995 (text.
826 931 903 996 5111),
951 958 952 994 y

105 1001 226 1065 dupliciter
238 1001 334 1052 dieitur:
348 1015 396 1052 nno
408 1003 474 1052 modo
485 1039 492 1065 ,
505 1016 545 1065 pro
559 1003 666 1052 essentia
679 1002 852 1058 sinensium:
865 1003 907 1052 alio

106 1074 186 1137 modo,
202 1087 243 1138 pro
256 1077 404 1139 supposito,
424 1074 475 1125 sive
489 1074 627 1138 hypostasi.
643 1074 706 1124 Unde
722 1073 806 1123 suffieit
820 1075 849 1124 ad
865 1076 908 1124 hoe

106 1145 165 1208 qudd
177 1159 222 1197 non
234 1145 328 1196 situnio
337 1147 498 1210 accidentalis,
513 1146 575 1210 qnod
587 1145 616 1196 sit
637 1145 697 1195 laeta
715 1144 769 1196 unio
782 1146 906 1197 secundum
952 1195 953 1216 ,

106 1217 258 1282 hypostasim,
272 1218 326 1269 lieet
339 1217 429 1270 nonsit
442 1218 502 1268 taeta
516 1219 640 1268 secundum
654 1220 765 1266 naturam.

138 1290 173 1339 ad
185 1292 290 1353 quartum
307 1289 441 1352 dicendum,
452 1290 510 1353 qnod
532 1303 578 1341 non
591 1302 659 1340 omne
673 1290 733 1352 quod
747 1289 871 1339 assumitur
884 1293 907 1339 ut

106 1359 294 1421 insumentum,
307 1361 407 1423 pertinet
418 1362 447 1410 ad
458 1361 599 1425 hypostasim
608 1359 745 1410 assumentis
755 1397 762 1421 ,
772 1359 833 1409 sieut
844 1363 907 1424 patet

106 1430 134 1480 de
148 1431 222 1480 securi
234 1434 257 1481 et
269 1430 360 1494 gladio,
373 1431 431 1481 nihil
439 1436 517 1482 umen
528 1429 634 1495 prohihet
642 1430 697 1480 illud
708 1430 769 1494 qudd
780 1431 904 1482 assumitur
953 1418 954 1512 1

107 1503 136 1552 ad
155 1503 265 1553 unitatem
285 1502 433 1566 hypostasis,
447 1516 473 1553 se
495 1503 579 1554 hahere
596 1506 621 1551 ut
641 1501 836 1566 instrumentum,
852 1503 910 1553 siunt

107 1587 190 1638 eorpus
205 1574 305 1625 hominis
314 1574 352 1623 nel
364 1575 466 1625 membra
479 1575 538 1638 ejus.
553 1573 673 1625 Nestorius
685 1585 739 1637 ergo
753 1573 830 1636 posuit
845 1573 905 1638 qudd

107 1651 188 1696 natura
200 1647 300 1696 hnmana
313 1649 348 1696 est
360 1650 476 1710 assumpta
496 1645 598 1696 averho
614 1645 686 1696 solnm
702 1659 742 1708 per
761 1645 880 1696 modum
873 1660 907 1696 m·
954 1648 955 1748 1

108 1717 242 1780 strumenti,
261 1731 307 1768 non
326 1720 401 1767 antem
422 1719 450 1767 ad
469 1717 580 1768 unitatem
595 1717 733 1782 hypostasis.
748 1717 777 1766 Et
797 1717 849 1768 ideo
863 1731 908 1768 non

109 1789 248 1840 ooneedebat
265 1788 325 1851 qnod
338 1790 406 1840 homo
419 1788 457 1840 ille
470 1787 525 1839 rere
538 1792 600 1838 esset
612 1787 684 1838 Filius
696 1788 753 1850 liei,
768 1789 808 1838 sed
821 1790 908 1839 instru-

110 1864 213 1911 mentum
226 1861 285 1924 eius.
301 1860 364 1909 Unde
378 1860 476 1924 cyrillus
494 1859 574 1910 dicit
568 1873 593 1909 m
611 1858 713 1922 Epistola
731 1861 765 1910 nd
780 1860 910 1910 Monuclros

110 1931 220 1996 AEpypti
229 1946 238 1980 .·
248 1948 262 1978 ι
273 1932 338 1980 Hune
352 1931 531 1993 Emmanuelem,
541 1947 555 1978 n
565 1931 589 1981 id
598 1935 644 1994 est,
655 1931 770 1982 Christum
781 1931 824 1994 (2),
838 1949 853 1979 ιι
865 1945 910 1982 non

109 2006 217 2068 tanqmm
235 2003 381 2054 instrumenti
397 2004 472 2055 otheio
491 2007 631 2068 assumptum
646 2001 700 2053 dicit
715 2002 850 2066 Scriptura,
871 2004 909 2054 sed

110 2079 218 2139 tanquam
229 2077 300 2126 heum
312 2075 365 2126 vert
382 2077 545 2139 humanatum,
564 2091 578 2122 ιι
590 2074 671 2136 idest,
685 2074 802 2125 hominem
811 2071 906 2124 lactum.

111 2148 263 2197 hamasosnus
275 2150 350 2197 autem
370 2147 447 2212 posuit
460 2151 565 2197 naturam
579 2147 701 2196 humanam
714 2146 738 2195 in
754 2145 844 2197 Christo
858 2159 907 2197 esse

110 2218 170 2269 siem
184 2218 360 2270 instrumentum
373 2221 402 2270 ad
415 2219 524 2269 unitatem
539 2218 667 2283 hypostasis
681 2218 810 2281 pertinens.

145 2337 177 2401 (1)
195 2340 240 2385 Vel
253 2351 305 2396 cap.
321 2337 352 2397 8,
370 2351 442 2397 prope
456 2338 525 2384 finem
540 2337 574 2384 sio
590 2355 595 2383 :
611 2337 708 2384 Accidit
722 2336 815 2383 aeolos
832 2337 911 2382 modis

89 2418 91 2429 ·
112 2403 273 2449 substantiam
286 2401 338 2446 dici
352 2421 360 2446 .·
375 2407 396 2447 et
409 2405 491 2459 ipsam
503 2402 619 2446 ultimam
636 2401 769 2458 subjeetum
783 2401 847 2458 pund
861 2413 910 2446 non

113 2466 252 2511 diciturne
265 2466 332 2514 alio,
346 2469 368 2510 et
379 2465 407 2510 td
424 2465 488 2522 quod
502 2465 559 2509 edm
573 2465 604 2508 stt
623 2464 686 2524 qaod
700 2463 775 2520 pata,
789 2465 863 2508 etiem
876 2476 911 2507 ee-

111 2528 224 2586 porottte
234 2529 328 2586 suern,-
343 2528 390 2572 tote
399 2529 458 2572 perd
471 2528 616 2585 vajaaspaom
629 2528 709 2586 formo
722 2531 743 2572 at
756 2527 856 2584 speeies.
865 2525 909 2572 Uhi

114 2592 177 2648 prior
186 2603 240 2648 pars
254 2591 397 2648 hypostasim
410 2591 446 2636 rel
460 2592 615 2649 suppositum,
629 2589 743 2647 posterior
758 2594 867 2634 naturam
881 2588 910 2633 si-

114 2653 207 2712 gnificat
220 2654 256 2698 rel
270 2654 403 2699 essentiam.

148 2722 182 2786 (2)
196 2726 253 2778 Quia
272 2724 436 2782 intorpretatur
447 2723 600 2787 Emmanuel,
616 2724 740 2772 noliacum
753 2724 834 2778 Deam
852 2721 912 2782 quod

115 2801 157 2847 per
170 2788 354 2835 incarnationem
364 2787 453 2835 laetum
460 2793 505 2834 est.
