1917 3317
167 189 212 236 tte
355 198 418 239 raus
433 201 475 249 nr,
491 200 585 246 unser.
600 200 671 251 xciv,
687 200 742 240 aur.
756 201 775 237 ι.

164 276 311 336 rationalem,
327 276 391 339 pium
406 280 430 326 et
441 279 540 339 justum.
554 293 569 323 ι
583 276 630 327 Sed
647 277 753 327 Christus
763 289 809 328 uou
823 277 919 339 legitur

164 362 210 410 qna
229 348 336 397 miracula
357 349 440 399 lesisse
458 350 519 397 cirea
539 350 640 411 Angelos
657 350 739 400 bonos
758 350 815 413 Ergo
830 362 870 399 uec
886 356 912 397 et:

164 420 222 469 eirea
236 421 350 469 demones
364 420 440 482 aliqua
451 420 561 470 miracula
575 421 652 471 lacere
661 422 749 471 debuit.

196 494 218 540 a.
232 494 358 551 preterea,
370 494 479 542 miracula
492 494 579 543 Christi
599 495 764 544 ordinabantur
775 494 803 543 ad
817 493 905 543 manile:

163 564 214 613 dani
226 563 369 613 diuinitatem
388 565 469 629 ipsius.
482 565 528 614 Sed
544 566 679 615 dinnitatee
692 566 782 616 Cbristi
797 578 842 615 uon
855 572 893 613 ert

164 636 269 684 monibus
288 637 466 699 manifestanda3
479 637 533 699 quia
548 650 591 699 per
603 638 650 687 boc
660 637 798 701 impeditum
808 637 900 687 luisset:

164 707 245 755 terium
261 708 375 769 passionis
398 708 470 770 ejus,
495 708 622 757 secundinus
644 708 703 759 illud
723 711 744 759 l.
764 710 834 764 Cor..
847 709 864 757 u
876 720 922 754 εν

164 779 340 840 cognovissent,
349 792 465 843 nunquam
475 779 596 828 Dominum
608 781 689 843 gloriae
698 780 868 831 crucifixissent
876 796 885 822 u
892 778 911 823 [⁷

164 862 210 899 uon
223 850 302 899 debuit
316 852 377 900 circa
390 852 505 900 demones
515 851 592 913 aliqua
606 851 719 901 miracula
732 852 818 903 lacere.

197 927 219 969 3.
237 924 362 982 Praeterea,
374 922 485 971 miracula
493 922 579 971 Cbristi
590 924 619 972 ad
631 924 731 986 gloriam
747 925 789 973 llei
802 924 916 974 ordinabo*

164 995 225 1045 uude
241 993 323 1042 dicitnr
345 996 448 1050 Mareu„
466 994 509 1055 lX,
523 994 585 1056 qndd
603 994 711 1045 videntes
732 997 806 1047 turbae
822 998 905 1059 puniet·

165 1065 292 1115 sanatumi
306 1066 408 1127 Christo,
424 1083 438 1111 u
448 1066 583 1126 timuerunt,
599 1072 623 1115 et
636 1068 822 1129 glorificaverunt
833 1069 897 1118 brun
914 1079 918 1088 ’

164 1138 228 1185 dedit
246 1140 382 1199 potestatem
404 1136 472 1186 talem
494 1137 635 1188 bominibus.
652 1155 668 1184 u
684 1138 732 1189 Sed
745 1142 775 1189 ad
795 1141 894 1190 munies

164 1208 264 1269 pertinet
287 1208 412 1271 glorificare
429 1208 515 1270 beum;
534 1208 589 1271 qnia
608 1226 623 1256 u
638 1223 687 1260 non
706 1216 743 1261 est
759 1211 856 1276 speciosa
873 1212 907 1259 ln-

164 1294 203 1329 oro
219 1282 359 1345 peccatoris,
377 1298 390 1327 u
408 1284 434 1330 nt
451 1280 534 1330 dicitur
546 1281 650 1339 diocles,
666 1284 718 1333 XV.
730 1285 811 1343 Unde,
823 1289 845 1333 et
857 1284 900 1331 siu·-

164 1350 222 1401 citnr
238 1358 325 1407 Marc,
335 1354 344 1401 l
353 1356 376 1403 et
390 1354 461 1406 due..
475 1354 503 1402 lll
515 1353 561 1415 (l),
572 1367 618 1403 nou
630 1354 723 1405 sinebat
735 1356 845 1407 demonia
858 1356 896 1415 liu:

164 1437 215 1485 quar
236 1426 263 1473 ed
284 1424 377 1487 gloriam
398 1423 471 1486 ipsius
487 1425 641 1487 pertinebant.
658 1427 719 1487 Ergo
733 1428 825 1478 uidetur
840 1438 892 1476 nont

164 1495 313 1554 conveniens,
328 1494 457 1557 quodcirca
469 1497 587 1545 demones
600 1498 677 1560 abque
691 1499 886 1549 miraculassfacero

197 1568 219 1613 t.
234 1567 364 1627 Praeterea,
382 1565 517 1616 miraculai
536 1566 627 1617 Christo
641 1570 719 1631 lecu,
739 1572 769 1619 ad
787 1571 895 1632 salutent

165 1651 218 1685 num
232 1637 373 1687 ordinantur.
389 1638 434 1686 Sed
456 1638 561 1700 quedam
576 1639 690 1690 daemonia
709 1642 741 1691 ab
754 1643 871 1692 nominum
881 1653 906 1697 r:

164 1707 257 1758 bierunt
267 1722 318 1757 eum
330 1708 449 1758 hominnm
461 1708 614 1773 detrimento;
628 1713 768 1775 quandoque
784 1715 865 1777 qubru
877 1725 906 1757 ox

163 1779 219 1841 reli,
232 1779 292 1829 siout
314 1780 395 1830 dicitur
416 1782 507 1836 blare„
522 1782 567 1843 tx,
587 1781 650 1845 qubd
671 1783 765 1835 daeruon
785 1788 815 1835 ad
831 1794 909 1849 praecep·

165 1851 252 1901 Christi
269 1868 283 1899 o
296 1852 425 1901 exclamans
438 1856 460 1901 et
474 1853 569 1903 multum
583 1854 719 1918 discerpens
732 1858 911 1917 bomineu,en.'

164 1935 207 1983 eo,
221 1929 244 1971 et
263 1922 336 1973 lactus
359 1927 395 1971 est
409 1923 469 1973 sicut
482 1927 597 1985 mortuus,
608 1925 643 1974 ita
654 1929 682 1977 ut
695 1928 765 1977 multi
782 1930 893 1980 dicrum,
906 1957 916 1978 ·.

164 1998 267 2044 nonnus
285 1998 336 2055 est3
357 2010 372 2041 u
386 1996 521 2058 quandoque
538 1997 607 2045 etiam
628 2011 683 2047 cunr
703 1999 789 2050 damno
808 2014 911 2049 πωπω)

163 2068 254 2129 quando
268 2067 383 2115 demones
397 2068 425 2115 ad
439 2079 517 2117 eorum
533 2080 614 2130 preces
623 2069 688 2119 misit
700 2070 727 2119 iu
740 2086 831 2135 porros,
843 2085 894 2133 qnos

164 2138 317 2200 cipitaveruut
338 2138 363 2186 in
385 2151 459 2199 rnare3
474 2140 534 2189 unde
557 2139 622 2190 cives
635 2140 698 2192 illins
717 2145 823 2207 regionis
834 2158 897 2205 rogas

164 2222 231 2269 eum,
247 2213 272 2258 ut
285 2210 392 2259 transiret
410 2209 521 2260 itliuibus
535 2224 630 2273 eorum,
647 2217 673 2261 nt
691 2214 779 2277 legitur
791 2217 890 2265 Metti..
905 2213 908 2219 ”

164 2278 223 2341 Ergo
240 2280 331 2329 videtur
342 2280 529 2332 inconvenienter
545 2282 627 2333 lenisse
641 2283 778 2347 hujusmodi
786 2288 899 2336 miracuta.

195 2351 239 2400 Sed
257 2354 334 2399 contra
353 2357 405 2413 est,
424 2352 771 2419 ouddchbar.,Xll1,boo
792 2368 898 2421 praenunt·

163 2420 253 2483 luerat,
266 2421 413 2471 ubidicitur:
425 2440 438 2469 α
450 2424 558 2487 Spiritum
567 2426 709 2483 immundum
719 2431 827 2479 auterens
837 2431 864 2479 de
876 2437 902 2476 o·

198 2494 388 2555 (Concessio—
398 2496 544 2547 Conveniens
552 2496 596 2547 tuit
605 2503 630 2547 nt
641 2499 877 2551 Cbristus'adaeuuoue

163 2562 269 2613 obsessos
287 2563 413 2615 divinitalis
433 2565 518 2617 virtute
532 2567 662 2630 liberaret.)

196 2667 227 2729 (1)
245 2672 282 2717 Sic
300 2673 362 2717 enim
376 2674 464 2729 lllurr„
483 2676 510 2735 1,
525 2688 586 2722 vers.
601 2677 633 2721 ut
643 2684 668 2723 et
681 2678 729 2736 25,
741 2682 834 2738 spiritui
848 2682 905 2725 imm·

162 2734 299 2777 exclamanti
315 2750 321 2777 ι
336 2736 392 2780 Soio
406 2739 451 2794 qua·
464 2738 508 2784 εἰσ.
526 2743 631 2786 sanem
644 2742 700 2788 Det.
713 2744 744 2789 Et
759 2745 913 2789 mutunus

162 2792 262 2838 diem.-
279 2796 423 2843 θὸπιιιωισε.
444 2802 579 2847 depuratius
595 2808 674 2849 antem
691 2806 765 2859 Luc„
779 2810 824 2855 w.
835 2819 894 2851 vers.
913 2823 920 2840 ·

161 2854 270 2922 lietbuini
282 2856 403 2904 domouio
413 2861 524 2908 dmuttie
539 2866 691 2912 rtmneeu:
701 2870 737 2914 Τι
750 2880 779 2916 ce
791 2869 864 2916 Filius
876 2871 913 2911 llo

161 2926 293 2975 increpem
307 2933 358 2967 m
366 2922 461 2983 sinebat
471 2938 501 2972 ω
512 2927 591 2985 loqui.
