1917 3317
215 207 247 246 nr
260 205 350 256 marum
365 207 407 248 nm
422 207 627 247 numennumen.
775 199 822 249 tit

316 391 473 442 iuuentus
488 393 518 441 ΙΙ.

48 508 111 555 [irim
123 511 188 558 irater
198 487 305 559 tior-tom
318 517 342 558 et
351 515 523 572 Josepusuertt
537 529 622 562 oerum
633 516 825 564 matrimonium.

65 637 91 685 id
107 640 230 690 seeundum
252 639 286 690 sie
306 640 437 704 proceditur
457 642 500 703 tt).
516 640 610 692 Videtur
622 643 682 706 quod
699 643 760 695 inter
773 645 822 694 ua-

50 720 84 756 un
99 714 119 759 et
135 710 225 774 Joseph
242 725 288 762 non
309 711 379 762 fuerit
398 725 476 762 verum
495 713 669 763 matrimonium.
684 715 743 764 Dicit
762 715 825 764 enim

51 779 173 846 tleronymus
188 787 265 834 contra
279 783 417 845 Helvidium,
432 783 493 846 quod
506 785 592 848 ioseph
604 785 680 836 uario
694 790 772 835 custos
782 786 826 838 init

58 853 108 914 ium,
123 855 193 918 quim
207 854 361 918 maritusejus
375 854 419 918 (ἱ).
429 854 508 918 Sedsi
524 855 605 906 inisset
613 869 693 906 rerum
706 857 826 908 matrimo-

49 937 96 986 un,
106 924 157 976 rere
167 927 255 988 ioseph
266 927 360 975 maritus
368 925 420 989 ejus
430 925 520 976 inisset.
536 927 595 990 Ergo
605 926 696 978 ridetur
708 929 768 992 quod
778 941 826 979 non

49 995 91 1042 mit
101 1009 177 1046 verum
198 995 368 1049 matrimonium
384 997 444 1046 iuter
457 997 550 1047 Mariam
562 1002 587 1047 et
602 999 698 1062 ioseph.

62 1066 79 1113 i.
91 1067 220 1128 Praeterea,
239 1081 307 1132 super
323 1067 377 1117 iliud
398 1069 504 1128 Mutii„
518 1069 549 1119 t:
566 1069 633 1119 iacob
646 1068 726 1132 genuit
742 1069 827 1131 ioseph

58 1152 95 1186 rum
112 1139 207 1202 itariae,
223 1139 308 1189 edicit
329 1140 499 1204 Hieronymus:
516 1157 530 1187 r
545 1141 604 1190 Cum
617 1141 703 1190 uirum
716 1140 826 1202 audiaris,

55 1209 119 1268 >spicio
136 1210 180 1260 tibi
195 1223 244 1260 non
258 1210 340 1260 subeat
356 1210 502 1274 nuptiarum3
518 1212 558 1262 sed
571 1212 688 1262 recordare
704 1215 827 1262 consuetu·

48 1279 86 1327 uis
98 1283 269 1346 scripturarum
283 1280 344 1344 quid
355 1281 432 1346 spousi
444 1283 515 1344 uiri,
532 1285 557 1332 et
575 1296 665 1346 sponse
679 1297 772 1332 uaeoaos
784 1295 827 1333 ro·

54 1356 108 1402 ,ιιιιιι
119 1353 190 1404 »Sed
203 1365 283 1402 verum
295 1352 462 1402 matrimonium
473 1366 518 1402 non
529 1353 627 1404 eitieitnr
635 1367 664 1402 er
674 1353 827 1416 sponsalibus,

50 1419 69 1466 ut
80 1435 103 1470 er
118 1423 220 1487 nuptiis.
233 1423 293 1484 Ergo
308 1436 353 1473 non
368 1422 411 1472 suit
423 1436 504 1474 verum
517 1423 687 1474 matrimonium
701 1424 762 1473 inter
772 1424 830 1474 baa·

49 1505 71 1539 xm
84 1494 205 1558 Virginem
221 1495 247 1542 et
265 1493 358 1556 ioseph.

62 1567 79 1610 3.
96 1565 225 1626 Praeterea,
241 1563 346 1626 Mutii„
363 1564 387 1629 t,
402 1564 486 1614 dicitur
503 1580 509 1614 :
524 1581 539 1612 ιι
553 1565 639 1628 ioseph
657 1563 694 1612 vir
709 1563 760 1626 ejus
777 1577 830 1614 eum

59 1639 84 1681 ot
94 1635 170 1694 justus
182 1641 208 1686 et
223 1635 295 1685 noltet
309 1647 359 1684 eam
375 1635 492 1685 traducere
505 1635 609 1700 (scilieet
623 1635 647 1685 in
658 1635 750 1686 domum
764 1647 830 1685 suam

68 1707 255 1758 cohabitationem
269 1705 402 1770 assiduam)
419 1708 492 1757 votuit
513 1721 563 1757 eam
577 1706 667 1758 occulte
678 1707 801 1767 dimittere,
813 1722 828 1754 o

50 1782 98 1838 ¹est,
109 1784 204 1842 tempus
220 1778 352 1842 nuptiarum
364 1782 466 1841 mutare,
482 1782 507 1828 ut
521 1778 637 1842 Remigius
650 1779 754 1843 exponit.
770 1779 831 1841 Ergo

62 1855 109 1896 *uun
119 1849 184 1912 quod
196 1847 300 1898 noudum
320 1847 405 1912 nuptiis
415 1848 548 1908 celebratis,
558 1850 659 1898 nondum
675 1854 735 1899 esset
749 1861 830 1898 verum

58 1919 205 1983 stimonium,
221 1919 351 1983 proesertim
365 1917 416 1968 etim
436 1924 488 1982 post
500 1919 670 1970 matrimonium
687 1924 829 1970 contractum

57 2003 71 2036 u
86 1991 152 2042 liceat
168 1991 241 2042 atioui
256 2004 364 2054 sponsam
380 1991 505 2040 dimittere.

60 2065 95 2110 *ei
107 2070 187 2114 eontra
202 2067 257 2122 est,
275 2062 335 2126 quod
347 2063 486 2126 Augustinus
499 2063 552 2112 dicit
565 2062 590 2112 in
604 2063 644 2112 lib.
659 2063 696 2112 De
712 2075 831 2110 consensu

58 2135 252 2196 Ηιιιριίίιτιιινιιιιι
266 2148 275 2181 .·
292 2149 306 2180 u
320 2134 371 2182 Nou
388 2137 436 2182 erat
449 2133 485 2182 tus
498 2139 524 2181 ut
541 2135 626 2197 ioseph
638 2133 667 2182 oti
680 2135 725 2182 hoc
744 2133 758 2182 a
773 2144 833 2181 oon-

58 2201 85 2248 :io
103 2205 182 2256 iterim
201 2204 355 2268 separandum
370 2203 518 2266 Evangetista
536 2208 638 2267 putaret,
657 2203 717 2267 quod
739 2215 785 2252 non
802 2216 833 2252 ex

60 2290 77 2318 s
87 2276 220 2333 concubitu,
229 2275 269 2326 sed
279 2273 353 2335 Virgo
362 2275 453 2337 peperit
461 2273 592 2337 Christum3
603 2276 648 2324 hoe
656 2273 718 2324 onim
728 2274 833 2338 exempto

60 2346 140 2398 renitet
163 2345 298 2396 insinuatur
311 2344 417 2394 fidelibus
436 2345 582 2409 conjugatis,
597 2345 666 2394 etiem
681 2349 770 2395 serrata
783 2343 834 2409 pari

61 2431 132 2468 *sumu
150 2416 310 2477 continentia,
323 2429 391 2479 posse
408 2430 542 2480 permanere
555 2417 677 2480 vocarique
690 2419 833 2482 eonjugium,

58 2499 76 2530 u
88 2489 202 2549 permixto
217 2487 320 2552 eorporis
333 2501 403 2551 seru,
418 2492 463 2538 eto.
478 2504 493 2536 u

66 2601 91 2660 u)
106 2609 138 2652 Ite
149 2607 188 2652 tris
202 2606 276 2651 etiam
289 2605 333 2653 lib.
344 2605 387 2664 tv,
401 2605 478 2654 Semi„
490 2606 544 2650 dist.
555 2605 600 2663 30,
615 2617 656 2662 qu.
667 2604 698 2666 2,
709 2613 753 2652 art.
765 2606 777 2650 1
789 2622 795 2655 ς
811 2611 836 2650 et

61 2672 191 2726 1um.,nx‚
207 2681 262 2724 cop.
275 2668 304 2724 2,
316 2667 364 2712 cot.
375 2667 402 2720 ὃς
414 2675 438 2712 et
451 2669 475 2712 in
491 2669 586 2716 motti..
597 2670 618 2727 1,
632 2669 679 2712 eot.
689 2668 729 2725 10,
743 2671 768 2713 in
779 2666 834 2714 fine.

68 2737 95 2797 Ὺ)
108 2744 143 2786 Er
155 2753 216 2798 rap.
228 2741 250 2784 11
264 2739 394 2796 conigium,
407 2741 448 2784 ubi
462 2747 509 2784 tres
519 2752 603 2784 causas
614 2740 664 2795 iam
680 2737 785 2796 superuis
800 2741 837 2783 in·

60 2809 112 2846 muas
125 2815 168 2850 eur
185 2803 330 2858 desponsari
344 2803 466 2856 debuerit,
482 2803 618 2860 assignans,
634 2802 694 2846 trano
706 2801 749 2857 pro
767 2802 836 2845 tertia

61 2865 106 2920 nti,
119 2871 148 2912 ut
168 2867 201 2911 in
216 2865 352 2922 AEqppaum
369 2865 469 2924 (uptam
485 2865 581 2910 tutaret
593 2864 708 2910 antatium
730 2862 837 2908 custodia

52 2927 110 2972 ¹otiiu
122 2930 199 2986 quoae
211 2928 312 2977 meriti.
