1917 3317
558 137 644 182 ³284
711 146 922 182 suenum
954 145 1202 194 suentense,
1232 146 1415 188 QuAEsr.
1447 144 1723 192 ccxxxvnr,
1751 144 1855 180 Αιιτ.
1882 141 1917 176 vi

560 240 590 269 «
624 221 708 271 Cui
734 221 838 271 dedi
864 220 912 268 in
939 220 1185 269 solitudine
1214 221 1427 275 domum,
1452 235 1479 265 »
1504 228 1607 283 cap.
1640 223 1719 277 33,
1748 218 1842 267 sive
1865 220 1917 266 12

558 292 744 356 prodest
771 290 966 341 solitudo
987 292 1215 355 corporiS‚
1240 290 1280 340 si
1301 290 1495 341 solitudo
1518 290 1713 341 defuerit
1732 289 1917 340 cordis?

559 363 651 411 vita
683 362 864 411 socialis
893 362 1145 411 necessaria
1172 366 1241 411 est
1259 361 1315 411 ad
1336 360 1603 412 exercitium
1628 359 1912 424 perfectionis

559 437 711 482 autem
733 432 951 497 competit
970 434 1066 497 jam
1094 432 1339 496 perfecti33
1362 433 1480 483 unde
1503 433 1811 496 Hieronymus
1826 431 1917 482 dicit

563 505 723 553 ticum
755 504 1058 553 monachum
1097 504 1275 567 (Epist.
1306 504 1449 567 1v)·
1438 542 1449 553 .
1483 520 1511 552 «
1538 503 1796 554 Solitariam
1841 502 1917 551 vita

561 575 836 626 heudimus?
866 576 1080 636 minime,
1109 576 1277 640 quippe
1313 590 1449 639 quam
1486 576 1610 641 saepe
1637 575 1917 625 laudavimus

559 646 666 697 ludo
696 646 1073 697 monasteriorum
1097 647 1416 709 huJuscemodi
1433 648 1644 697 volumus
1660 647 1816 709 egredi
1838 644 1917 695 mil

566 718 708 767 eremi
741 718 853 768 dura
880 718 1132 768 rudimenta
1158 731 1250 767 non
1281 721 1516 775 terreant,
1544 718 1623 780 qui
1654 717 1887 781 specimen

558 789 701 839 tionis
750 804 841 839 suu:
869 790 1012 840 multo
1046 794 1252 852 tempore
1289 788 1557 839 dederint.»
1581 786 1839 849 Sicutergo
1865 787 1910 837 id

568 861 815 924 perfectum
830 866 907 911 est
922 899 936 920 ‚
955 861 1250 925 pra-eminent
1270 861 1313 909 ei
1342 860 1462 923 quod
1482 859 1539 909 ad
1558 859 1884 923 perfec-tionem
1906 873 1917 907 ε

576 936 627 981 ta
655 933 750 981 vita
775 932 1078 983 solitariorum
1096 971 1107 993 ,
1138 932 1177 983 si
1204 933 1354 983 debite
1378 936 1651 993 assumatur,
1668 930 1917 994 praeeminet

568 1002 690 1053 ciali.
730 1004 788 1059 Si
829 1014 981 1054 autem
1014 1006 1185 1067 absque
1227 1002 1500 1068 praecedenti
1526 1003 1742 1053 exercitio
1784 1002 1917 1052 talis·

573 1079 739 1136 matur,
756 1080 826 1125 est
846 1076 1236 1138 periculosissima
1252 1115 1264 1133 ‚
1282 1075 1374 1125 nisi
1391 1088 1473 1139 per
1489 1075 1688 1125 divinam
1706 1074 1917 1137 gratiam:

577 1147 697 1207 quod
727 1146 776 1195 in
811 1146 912 1196 aliis
947 1161 1027 1210 per
1056 1146 1326 1197 exercitium
1352 1146 1623 1210 acquiritur,
1646 1145 1765 1196 sicut
1795 1149 1917 1210 patet

579 1216 776 1267 Antonio
797 1222 842 1268 et
868 1220 1131 1270 Benedicto.

635 1290 701 1339 Ad
735 1289 930 1352 primum
950 1303 1059 1354 ergo
1086 1289 1355 1351 dicendum,
1385 1290 1507 1355 qudd
1534 1290 1750 1340 Salomon
1783 1294 1917 1340 osten

573 1371 674 1409 esse
695 1358 816 1422 quod
844 1360 934 1410 sint
968 1363 1057 1413 duo
1080 1361 1219 1411 simul
1244 1361 1377 1424 quam
1405 1374 1555 1420 unus,
1590 1364 1779 1423 propter
1812 1360 1917 1410 auxi

573 1444 692 1481 unus
724 1431 862 1481 habet
897 1432 952 1481 ab
987 1433 1074 1484 alio
1095 1471 1108 1495 ,
1138 1432 1215 1482 vel
1240 1430 1303 1482 ad'
1323 1433 1676 1493 sublevandum,
1703 1432 1780 1481 vel
1801 1433 1861 1481 ad
1899 1432 1917 1481 f

574 1503 650 1553 vel
672 1503 729 1553 ad
755 1503 1045 1565 spiritualiter
1063 1505 1448 1567 calefaciendum
1466 1517 1556 1568 quo
1570 1502 1753 1566 quidem
1771 1504 1916 1554 auxili

576 1573 780 1636 indigent
811 1575 889 1637 qui
918 1581 1025 1627 sunt
1052 1575 1382 1641 perfectionem
1408 1575 1622 1625 assecuti.

642 1646 707 1695 Ad
726 1646 973 1695 secundum
1001 1647 1243 1697 dicendum
1264 1685 1275 1707 ,
1304 1646 1425 1710 quod
1452 1644 1617 1696 dicitur
1642 1646 1679 1695 1.
1709 1646 1877 1701 Joan„
1904 1645 1917 1694 1

577 1722 732 1766 manet
757 1715 806 1764 iu
839 1718 1055 1770 charitate
1070 1758 1082 1780 ‚
1104 1718 1155 1767 in
1180 1719 1272 1767 Deo
1298 1722 1469 1780 manet,
1493 1722 1540 1767 et
1563 1716 1683 1766 Deus
1702 1715 1753 1765 in
1775 1729 1849 1767 eo.
1870 1732 1904 1763 »x

578 1787 783 1837 Christus
803 1793 874 1837 est
899 1787 948 1838 in
974 1791 1124 1841 medio
1152 1802 1307 1840 eorum
1333 1791 1411 1853 qui
1439 1788 1526 1839 sibi
1552 1788 1755 1837 invicem
1779 1800 1862 1851 per
1886 1789 1914 1836 d

576 1858 777 1921 proximi
805 1860 1063 1924 sociantur,
1089 1862 1151 1912 ita
1182 1860 1428 1911 habitatin
1463 1861 1599 1911 corde
1631 1860 1733 1925 ejus
1758 1859 1837 1923 qui
1866 1859 1917 1909 di

579 1929 867 1993 templationi
891 1931 1063 1983 insistit
1082 1946 1167 1997 per
1190 1931 1483 1982 dilectionem
1511 1931 1609 1982 Dei.

644 2002 712 2051 Ad
749 2002 932 2051 tertium
970 2004 1241 2063 dicendum,
1270 2002 1390 2067 qued
1417 2008 1523 2054 actu
1562 2001 1742 2054 obedire
1771 2005 1844 2051 est
1869 2015 1917 2052 n«

581 2072 655 2122 his
680 2073 762 2136 qui
801 2071 1010 2136 indigent
1035 2074 1240 2127 exerceri
1277 2075 1529 2126 secundum
1566 2074 1859 2125 directionem
1902 2087 1917 2123 ε

582 2142 909 2206 perfectionem
933 2148 1215 2211 capiendam
1236 2148 1317 2198 sed
1343 2146 1413 2195 illi
1431 2145 1511 2210 qui
1524 2147 1620 2211 jam
1638 2143 1830 2209 perfecti
1857 2159 1917 2195 su:

583 2215 664 2264 Dei
687 2213 967 2265 sufficienter
1000 2223 1217 2282 aguntur,
1243 2232 1295 2268 ut
1327 2230 1420 2268 non
1445 2218 1680 2280 indigeant
1710 2220 1817 2265 actu
1850 2215 1917 2265 ali:

582 2287 754 2338 habent
781 2291 934 2338 tamen
960 2290 1265 2341 obedientiam
1288 2290 1338 2340 in
1356 2289 1681 2354 praeparatione
1703 2287 1863 2338 animi.

647 2360 715 2409 Ad
749 2363 958 2423 quartum
988 2362 1245 2425 dicendum,
1270 2361 1390 2426 quod
1408 2362 1528 2411 sicut
1551 2359 1829 2423 Augustinus
1856 2359 1917 2409 di«

587 2432 659 2480 De
699 2431 859 2481 civit.
905 2432 1002 2481 Dei
1031 2434 1171 2499 (cap.
1191 2438 1250 2483 10
1273 2434 1308 2498 )‚
1338 2451 1364 2481 α
1385 2433 1412 2483 a
1430 2432 1581 2483 studio
1608 2431 1917 2495 cognoscendi

585 2514 721 2552 nemo
748 2502 1035 2569 prohibetur,
1066 2506 1183 2569 quod
1221 2507 1278 2555 ad
1311 2505 1538 2570 laudabile
1565 2504 1767 2567 pertinet
1794 2502 1917 2553 otiun

586 2578 738 2624 autem
775 2573 940 2637 aliquis
975 2589 1110 2639 super
1139 2576 1456 2627 candelabrum
1503 2579 1726 2639 ponatur,
1764 2586 1860 2623 non
1893 2588 1917 2637 p

585 2645 865 2709 ipsum,.sed
887 2647 942 2696 ad
966 2648 1065 2711 ejus
1082 2648 1353 2712 superiores.
1383 2649 1532 2706 «Quae
1554 2645 1729 2695 sarcina
1749 2644 1790 2695 si
1811 2658 1907 2694 non

587 2720 674 2782 (ut
695 2718 974 2781 Augustinus
1003 2719 1171 2770 ibidem
1198 2719 1402 2782 subdit),
1424 2716 1782 2781 contemplandis
1815 2715 1917 2767 verit

587 2794 694 2843 dnm
725 2794 822 2853 est3
858 2807 885 2837 »
916 2791 971 2839 ad
1013 2805 1147 2854 quam
1176 2789 1419 2854 plurimum
1453 2789 1575 2839 valet
1596 2788 1901 2839 solitudo.-Et

588 2865 668 2928 qui
687 2865 931 2916 solitariam
952 2864 1089 2917 vitam
1110 2867 1273 2927 agunt,
1294 2862 1484 2911 multum
1508 2862 1641 2910 utiles
1660 2864 1767 2910 sunt
1786 2874 1917 2923 gener
