1917 3317
154 165 185 214 ab
245 173 499 223 mocissenorum,
516 173 717 224 eumcum,
734 175 787 214 ner.
803 174 852 214 vm.

156 251 219 318 (cap.
231 251 269 316 ll)
280 269 286 302 :
299 251 458 302 «intromittis
472 264 509 301 me
516 251 541 300 in
551 251 658 302 allectum
668 250 765 302 mollium
775 249 933 302 iouuilalumiu·

152 324 293 386 horsus,ad
303 322 457 386 nescioquam
469 323 624 386 dulcedinem
635 324 675 374 sed
689 323 764 375 recido
773 324 797 372 io
807 325 852 374 hec
862 335 933 373 erom-

152 394 216 446 nosie
229 395 375 458 ponderibus.
391 411 405 442 u
420 394 542 457 Gregorius
549 394 619 445 eliam
632 394 656 444 in
667 395 695 445 V.
708 395 799 445 diorol.
812 396 819 459 (
830 407 878 458 cop.
887 394 933 453 ιι),

155 479 273 529 exponens
286 465 341 516 iilud
358 465 419 522 lob,
440 467 469 516 lv
483 481 489 515 :
507 483 522 514 u
535 466 591 517 Cim
605 467 698 532 spiritus
711 481 747 518 me
759 472 867 530 presente
879 471 933 516 trau·

157 537 211 588 siret
216 573 223 600 ,
235 554 248 584 n
264 537 336 588 dieii:
354 555 368 586 o
380 539 408 587 lo
422 538 535 589 suauitate
547 539 744 603 contemplationis
756 539 839 590 intime
851 551 895 588 noo
906 536 933 587 dh

154 622 220 660 meus
235 609 317 672 ligitur,
329 607 382 672 quia
396 610 422 658 ad
434 610 582 673 semetipsam
591 610 641 673 ipsa
651 608 804 660 immensitate
812 609 899 659 luminis
910 619 933 656 m

151 681 284 744 verberata,
301 683 428 732 revocatur.
445 696 459 729 o
474 681 533 744 Ergo
547 681 594 731 uita
608 679 784 746 contemplativa
794 694 839 733 oon
851 685 887 731 est
899 680 933 730 dio·

152 754 228 803 torna.
870 756 874 776 ¹

185 827 208 874 s.
223 824 350 885 Praeterea,
364 823 419 874 illud
437 825 497 888 qnod
513 837 560 874 oon
577 829 613 875 eet
630 823 720 875 homini
732 823 888 886 conualmale,
902 832 933 871 nol

152 897 228 960 potest
242 909 293 946 esse
307 895 445 945 diuturnum.
460 896 512 946 Vita
525 900 602 947 autem
611 896 786 959 contemplativo
795 899 830 945 est
842 911 856 941 u
869 895 933 944 melio

153 967 221 1032 quam
234 967 359 1017 secundnm
374 969 489 1018 homiuem
506 968 557 1031 (i),
571 984 586 1015 u
601 973 627 1018 ut
645 967 797 1031 Philosophus
817 965 869 1015 dicit
883 964 933 1016 inii

154 1038 236 1088 isthic.
247 1039 305 1101 Ergo
317 1037 406 1088 uidetur
414 1037 475 1101 quod
487 1038 536 1088 eila
551 1031 725 1103 contemplativa
734 1051 780 1088 ooo
793 1037 823 1086 sit
835 1037 933 1086 diuturna

186 1110 230 1160 Sed
240 1114 316 1160 contra
329 1113 376 1171 est,
388 1111 447 1173 qood
459 1110 567 1160 Dominus
579 1110 647 1173 dicit,
658 1109 758 1166 Luc.‚li
772 1125 778 1158 :
790 1126 804 1156 u
812 1109 879 1159 idaria
893 1106 933 1172 opii

154 1193 214 1232 mam
228 1187 315 1244 partem
327 1180 405 1245 elegit,
419 1195 470 1244 que
479 1194 526 1231 ooo
534 1180 648 1232 auferetur
658 1181 687 1230 ab
696 1193 740 1240 ea3
751 1197 765 1227 ιι
780 1180 845 1243 quia,
858 1186 885 1230 ul
896 1181 933 1229 Gru

154 1252 230 1316 genus
243 1253 299 1304 dicit
311 1267 387 1317 super
398 1251 486 1302 Ezeeb.
501 1252 600 1317 (Homii.
616 1253 677 1313 xlv,
691 1252 752 1306 sicot
762 1251 858 1315 sopri),
874 1270 888 1300 (ι
897 1264 933 1301 ooo

153 1323 284 1387 templaliua
299 1323 337 1374 bie
350 1323 458 1388 incipitur
470 1326 497 1373 ul
509 1325 535 1374 iu
548 1324 636 1374 scelesti
646 1325 719 1388 patria
733 1323 871 1386 perficiatur.
882 1341 896 1370 n

186 1395 341 1460 (concussio.
355 1421 385 1432 -
399 1396 449 1446 Vita
462 1395 637 1459 contemplativa
656 1408 701 1445 uou
715 1393 804 1444 molum
822 1395 933 1445 secundis

153 1479 188 1529 se,
202 1468 242 1518 sed
250 1471 359 1530 quantum
372 1467 400 1517 ad
410 1481 460 1530 uos,
475 1467 648 1518 diuturnitatem
658 1467 742 1516 habere
752 1465 858 1530 potest.)

185 1539 318 1602 despondeo
338 1539 471 1602 dicendum,
487 1537 547 1603 codd
569 1539 655 1604 aliquid
669 1543 744 1603 potest
759 1537 804 1588 dici
821 1536 933 1588 diuluruur

154 1609 273 1672 dupliciter
292 1625 298 1660 :
315 1622 360 1659 uuo
378 1611 445 1661 modo
461 1610 586 1661 secunddm
607 1623 672 1660 eoam
689 1615 808 1671 natumm,
824 1608 869 1658 aiio
887 1607 933 1659 mod

153 1681 227 1744 quoad
243 1693 293 1732 nos.
307 1680 434 1732 &cundum
450 1695 475 1732 se
491 1681 583 1744 quidem
604 1681 750 1732 manifestum
772 1684 807 1730 est
825 1679 887 1743 quood
908 1679 933 1728 vii

155 1752 329 1816 contemplativa
345 1753 451 1803 diuturna
466 1757 502 1807 est
520 1752 642 1816 dupliciter
661 1768 667 1801 ι
686 1765 733 1802 uno
746 1751 827 1814 modo,
845 1763 874 1800 eo
891 1749 933 1815 qod

156 1828 258 1874 uersatur
275 1823 334 1874 circe
350 1824 530 1888 incorruptibilia
549 1827 573 1874 el
584 1823 725 1886 immobilia3
738 1822 782 1873 alio
799 1822 879 1885 modo,
903 1835 933 1886 qo

156 1907 203 1945 uon
216 1896 284 1946 habel
297 1895 493 1946 contrarietatem:
506 1895 672 1948 «delectationi
680 1895 742 1946 enim
753 1908 805 1958 que
815 1897 851 1944 est
863 1894 889 1943 in
901 1905 933 1944 cor

155 1964 274 2017 sideraudo
288 1967 345 2018 nihil
362 1972 397 2018 est
409 1967 561 2031 contrariom,
577 1984 591 2014 ιι
606 1971 632 2017 ιιι
647 1968 731 2018 dicitur
742 1966 765 2016 io
776 1967 794 2016 1.
811 1967 895 2029 Topic.
915 1967 933 2016 Si

156 2039 230 2102 quoad
245 2052 287 2090 uos
302 2040 369 2089 etiarn
388 2041 434 2090 rita
449 2039 626 2104 contemplativa
646 2039 752 2090 diuturna
771 2041 819 2101 est,
836 2044 885 2087 tum
906 2051 933 2102 qu

156 2109 265 2174 competit
273 2111 339 2162 nobis
346 2110 470 2162 secuudum
479 2111 592 2163 notionem
599 2111 773 2176 incorruptibilis
779 2110 855 2174 partis
863 2110 933 2160 anino

156 2180 242 2232 scilicet
254 2183 377 2234 secondiom
394 2183 550 2248 intellectum,
565 2185 626 2235 uode
641 2188 718 2247 potest
735 2187 788 2247 post
804 2183 865 2232 banc
888 2183 933 2232 viu

156 2253 251 2310 durare;
264 2258 312 2304 tum
322 2255 389 2305 etiam
401 2255 454 2318 quia
467 2255 491 2304 iu
500 2255 607 2319 operibus
617 2255 796 2318 contemplative
810 2254 933 2316 corporaill

155 2335 201 2374 non
212 2324 348 2389 laboramus,
357 2326 416 2377 uode
425 2325 497 2390 magio
504 2325 663 2390 inhujusmodi
670 2325 777 2388 operibus
784 2322 896 2374 continue
908 2335 933 2388 pe

55 2463 57 2466 Ι
154 2395 235 2446 sistere
246 2409 374 2460 possumus,
388 2397 448 2448 sicut
460 2397 612 2461 Philosophus
620 2397 676 2446 dicit
686 2397 711 2446 iu
722 2397 751 2446 li.
766 2396 855 2445 Elinia.
871 2405 875 2412 ·

185 2468 220 2518 dd
231 2468 328 2532 primum
337 2481 390 2536 erpo
403 2470 539 2532 dicendum,
555 2467 616 2532 qood
630 2467 711 2518 modus
723 2464 899 2530 contemplandi
915 2481 933 2516 n

154 2541 190 2590 est
200 2538 261 2590 idem
274 2539 312 2590 hic
326 2544 349 2592 et
361 2541 384 2592 in
401 2541 487 2606 putria„
496 2541 541 2591 Sed
556 2540 603 2589 uita
614 2539 791 2602 contemplativa
808 2538 896 2589 dicitur
910 2553 933 2587 m

154 2624 209 2662 uero
220 2611 306 2664 rabone
319 2614 444 2677 obantalis,
451 2613 475 2663 io
485 2625 531 2677 qua
541 2613 610 2662 habet
621 2616 645 2661 el
655 2611 793 2676 principium
804 2614 830 2662 et
839 2610 925 2661 finem.

154 2682 198 2734 ho'c
212 2685 321 2749 estquod
335 2685 456 2749 Gregorius
467 2684 523 2736 dicit
533 2697 611 2748 cuper
618 2683 710 2734 Exoche
718 2685 754 2747 (ul
764 2681 861 2747 suprdl:
875 2700 890 2731 u
899 2683 933 2733 Co

186 2827 219 2892 (1)
234 2831 261 2876 Id
274 2835 311 2877 est
323 2831 411 2878 melior
427 2829 501 2888 pudere
514 2829 611 2876 moces
621 2835 700 2889 procel
717 2829 787 2875 bomo
801 2834 855 2880 eet,
872 2841 933 2876 eone

154 2893 224 2946 mol,
238 2907 267 2942 ex
281 2906 355 2952 prum
366 2894 444 2952 phrasi
455 2891 570 2963 »pteron
581 2891 632 2948 dus
644 2898 666 2944 τ’
682 2893 813 2962 ἂιθριιιιιι.
836 2892 839 2897 ’
