1917 3317
136 217 164 252 ur
178 219 354 256 renrrnuusmus
369 221 401 257 ,ro
417 221 510 258 suumin
527 222 703 259 srmcuroumr.
767 214 814 260 lod

46 293 89 336 suut
103 289 263 356 irregularibus
276 295 443 360 observantiis,
456 311 507 361 que
519 311 567 347 nou
583 298 709 362 impediant
721 297 815 362 pontili-

46 359 84 406 erle
96 361 195 427 officium,
208 367 248 416 sed
262 367 335 432 magis
348 367 438 418 valeant
459 370 489 419 ud
506 369 654 432 perfectiouis
670 369 814 429 custodiam,

46 429 92 478 siml
106 437 137 498 est
151 437 295 502 coutinentia,
310 443 435 502 paupertas
453 443 475 489 et
494 440 538 489 elia
556 441 703 505 huiusmodi,
723 440 750 491 ed
763 442 816 490 lraee

46 508 128 552 remanet
142 507 264 572 religiosus,
276 510 345 559 etiam
356 511 430 560 laetus
443 511 580 574 episeopus,
595 511 726 574 obligatus,
740 515 764 562 et
774 523 816 574 per

47 584 165 638 rtouseqnens
174 581 199 628 sd
206 582 341 644 portandum
352 581 452 631 habitum
461 596 508 632 suae
517 581 642 644 religionis,
652 583 692 645 qni
702 586 737 631 est
745 582 816 645 hujus

47 642 163 704 obligationis
175 651 315 718 signumss).
327 652 352 700 Si
363 665 409 714 qua
419 652 473 704 verb
487 658 540 702 sunt
550 653 574 702 in
583 652 734 704 observantiis
746 651 813 716 regu·

48 711 170 781 laribusque
186 722 259 772 officio
278 722 402 786 pontilieali
415 728 557 787 repugnant,
571 725 630 775 sieut
647 727 683 774 est
701 724 815 786 solitudo,

47 783 136 837 silentium
147 796 169 840 et
181 794 261 856 aliqnae
274 793 421 844 abstinentiae
434 795 471 844 uel
484 795 570 858 uigilis
584 808 680 857 graues,
693 795 817 858 exquibus

44 853 133 930 impotens
145 875 232 928 mrpere
254 865 389 914 redderetur
402 865 430 914 ad
446 868 606 930 exequendum
621 866 751 930 pontificale
765 863 816 914 old·

43 939 98 989 rium,
111 931 136 980 ad
151 934 278 998 hujusmodi
293 936 494 986 observandarum
514 941 614 987 tenetur.
627 937 653 986 ln
670 936 722 986 aliis
740 939 815 984 numm

43 1003 100 1054 intest
117 1003 278 1066 dispensatione
299 1005 350 1068 uti,
361 1007 486 1057 secuudirm
505 1009 565 1071 qnod
579 1008 674 1072 requirit
691 1006 816 1057 necessitas

42 1081 123 1126 bursone
139 1075 174 1124 rel
188 1077 269 1140 eliieii,
286 1081 310 1126 et
327 1078 426 1129 redditio
438 1079 559 1128 hominnm
573 1093 624 1128 eum
642 1077 724 1142 quibus
741 1077 814 1139 uiuit,

43 1151 73 1196 pu
84 1143 162 1194 modum
170 1160 212 1210 gno
222 1149 294 1198 etiam
306 1149 394 1212 praeleti
403 1150 536 1214 religionum
551 1150 576 1200 in
588 1150 672 1200 talibus
681 1161 759 1198 seeum
770 1147 817 1198 dis-

43 1217 128 1266 pessunt.

69 1281 95 1330 td
110 1286 199 1348 primum
216 1304 269 1352 ergo
284 1290 419 1351 dicendum,
434 1291 494 1354 quod
509 1292 547 1340 ille
561 1291 601 1354 qni
618 1291 644 1341 fit
660 1290 688 1341 de
705 1291 818 1346 monacho

47 1351 153 1419 erisippei,
162 1360 282 1411 absolvitur
292 1361 305 1411 i
314 1360 372 1425 jugo
382 1361 512 1412 monastice
520 1362 684 1426 professionis,
691 1374 737 1410 uon
747 1373 820 1423 quan-

49 1427 83 1469 ruu
94 1427 116 1474 ad
127 1431 209 1489 omnia,
222 1434 262 1482 sed
274 1437 387 1496 quantum
397 1432 427 1482 ad
438 1433 476 1482 illa
486 1447 538 1498 que
554 1433 631 1484 uideio
644 1431 769 1498 pontificali
783 1445 820 1481 re·
832 1458 835 1462 -

51 1502 141 1558 trimani,
152 1506 175 1550 ut
188 1504 272 1552 dietum
287 1508 332 1554 est.
420 1507 423 1510 '

75 1567 212 1622 blseemdum
222 1576 354 1639 dicendum,
366 1575 425 1640 quod
436 1582 491 1628 rota
501 1577 617 1627 secularis
631 1576 684 1626 ritae
698 1587 723 1625 se
734 1575 821 1624 babent

50 1633 72 1680 sd
81 1642 123 1686 rote
128 1641 232 1706 religionis
245 1647 305 1696 sieut
319 1647 453 1710 particulare
467 1648 496 1697 ed
509 1647 640 1696 uniuersale
649 1685 655 1706 ,
663 1650 690 1695 ut
701 1643 770 1708 suprl
779 1645 820 1694 lie-

46 1703 104 1756 bimm
116 1715 205 1778 esthu.
220 1721 259 1780 88,
272 1722 314 1767 art.
326 1716 383 1778 12).
397 1717 443 1768 Sed
456 1722 510 1768 vota
522 1717 638 1779 religionis
652 1729 677 1766 se
691 1716 778 1766 babent
790 1715 819 1764 ad

45 1780 169 1835 bontidealem
177 1787 320 1850 dignitatem,
337 1789 396 1838 sieut
409 1788 530 1852 dispositio
542 1789 570 1837 ad
581 1787 754 1851 perlectionem.
763 1787 820 1834 Per-

45 1851 119 1902 brulsre
139 1862 210 1908 sutem
234 1859 357 1923 superfluit
376 1860 454 1910 habito
474 1858 613 1922 uniuersali;
636 1859 679 1909 sed
698 1855 818 1921 dispositio

45 1922 102 1972 adbuc
113 1933 226 1982 necessaria
240 1937 290 1994 est,
305 1932 445 1996 perlectione
455 1930 556 1982 obtenti.
798 1997 804 2008 Ι

68 1996 95 2042 ld
104 2000 182 2050 tertium
196 2002 334 2065 dicendum,
345 2002 405 2066 qubd
415 2004 459 2053 boe
469 2007 506 2053 est
519 2015 560 2066 per
569 2001 682 2062 ueeidens,
696 1999 757 2062 qudd
768 2010 819 2062 epr-

46 2065 92 2127 supi
104 2069 190 2134 religiosi
204 2075 297 2124 obedire
309 2073 410 2137 praeletis
423 2086 515 2123 suerum
528 2073 663 2134 religionum
678 2083 725 2120 non
736 2074 818 2119 tenen·

47 2139 82 2197 tui,
96 2141 140 2201 quia
153 2144 233 2194 seilicet
250 2145 338 2194 subditi
356 2157 407 2194 esse
428 2146 563 2206 desierunt,
570 2144 629 2193 sieut
640 2146 664 2193 et
675 2141 721 2206 ipsi
733 2140 820 2220 prelati

50 2209 160 2269 'illitorum
174 2215 250 2266 ldanet
264 2221 341 2266 tumen
359 2215 433 2266 adhue
452 2215 559 2277 obligatio
574 2214 623 2264 ruti
634 2212 772 2273 virtualiter,
786 2213 819 2260 ria

54 2280 170 2346 :rilimtgubd
183 2288 203 2336 si
216 2287 250 2338 eis
263 2285 369 2350 legitime
381 2286 462 2348 aliquis
473 2285 642 2350 praelieeretur,
656 2283 747 2334 obedire
755 2285 821 2332 tene-

57 2355 147 2411 irrisi„
162 2363 271 2422 quantum
286 2361 397 2410 tenentur
409 2357 501 2407 obedire
518 2355 612 2406 statutis
624 2354 708 2417 regulae
720 2366 762 2415 per
772 2364 820 2400 mo
834 2373 840 2385 ·

61 2427 92 2466 llll
102 2427 233 2492 predictum,
251 2433 276 2479 et
294 2429 344 2478 suis
358 2427 526 2492 superioribus,
544 2425 564 2476 si
583 2438 641 2489 quos
658 2424 752 2474 liabent.
766 2424 821 2472 Pro-

63 2499 175 2549 lssttrmtem
187 2501 250 2552 nullo
260 2501 330 2551 modo
344 2499 429 2550 hebere
442 2500 554 2562 possunt3
569 2511 616 2548 non
629 2497 691 2546 enim
701 2499 820 2559 paternam

81 2607 100 2670 ll]
110 2619 165 2663 luxu
176 2619 310 2664 Innocentii
324 2619 359 2662 111
372 2617 528 2672 Decretelem,
543 2618 624 2662 Eoetru
635 2615 664 2660 de
677 2615 730 2659 vitu
742 2618 764 2658 et
773 2613 822 2656 bo-

63 2681 116 2722 resim
127 2681 286 2732 clericorum,
300 2693 354 2737 cop.
377 2677 468 2724 Clerici
485 2680 581 2738 officia,
594 2678 635 2723 ubi
654 2675 762 2733 expresse
777 2675 821 2719 hoe

64 2739 112 2783 rirrisit
124 2743 142 2787 in
154 2745 253 2790 doneilio
272 2743 378 2802 generali
397 2743 562 2797 lateranensi,
574 2741 654 2785 dicens
669 2757 676 2783 ι
693 2738 822 2794 Pontifices

66 2801 101 2841 tib
109 2805 190 2859 publicu
205 2811 227 2852 et
239 2809 269 2851 ὄπ
284 2805 388 2850 ecelesia
409 2801 636 2862 reperiodlememtie
651 2801 726 2846 timete
741 2809 822 2842 omnes

67 2863 141 2917 “litu
150 2871 197 2915 uisi
210 2869 327 2914 moriundi
336 2867 450 2926 suerint,
460 2878 519 2925 quoe
530 2868 623 2924 oportet
636 2863 746 2908 tamem
754 2862 822 2919 (erre

68 2929 187 2978 mmmm,
