1917 3317
214 168 246 208 nn
262 168 394 213 onsnrrsru
411 166 504 207 cnnrsrr
520 160 690 209 msoncbnrss.
808 164 847 215 ιιι

39 250 147 299 luatur
161 245 188 297 in
201 245 357 311 ignobilitate,
374 248 451 309 surget
464 245 490 295 in
503 246 582 309 gloria.
596 262 610 293 o
624 246 701 310 Unde,
716 246 768 299 obm
782 262 844 305 canu

39 328 48 369 t
67 321 166 384 potior
175 322 287 383 causato,
298 322 321 369 et
331 318 447 381 exemplar
459 318 599 382 exemplato,
607 318 678 369 multb
688 319 760 383 magis
768 334 844 385 corpus

35 394 126 445 bristi
146 390 290 453 resurgentis
303 390 346 440 luit
357 390 491 453 gloriosum.
507 389 621 450 Secundb,
631 389 684 453 quia
697 405 739 453 per
758 392 846 447 bombi.

36 471 105 515 utem
132 460 252 528 passionis
268 461 352 513 meruit
371 461 666 525 gloriam-resurrectionis3
683 463 743 514 unde
762 466 785 514 et
802 463 845 529 ipse

36 537 152 599 icebat,
166 536 253 593 Ioco„
267 534 325 585 XII:
341 534 430 583 «Nunc
441 533 518 584 anima
533 547 583 583 urea
597 534 687 584 turbata
703 538 777 597 est‚u
792 541 845 599 quod

37 610 145 659 ertinet
166 608 197 659 ad
215 605 360 671 passionem,
376 608 400 656 et
419 609 500 669 postea
513 605 588 655 subdit
605 620 612 654 ε
632 622 646 652 ι
661 606 740 669 Pater,
755 606 846 663 clarite

34 694 124 731 tomen
135 683 216 743 tuum,
227 677 273 727 uiu
282 689 327 741 quo
337 677 396 741 petit
404 678 501 741 gloriam
510 676 690 728 resurrectionis.
698 677 843 748 nereidum,

34 753 92 801 tout
114 748 194 815 suprd
214 749 318 800 habitum
333 753 369 799 est
387 749 440 813 (qn.
465 752 564 807 310,ert.
587 749 632 811 t),
646 749 724 799 anima
739 748 844 806 Cbnstil

38 821 158 886 uincipio
175 834 224 873 sue
237 818 393 882 conceptionis
414 819 458 869 luit
471 818 569 883 gloriosa
587 832 628 883 per
641 818 770 870 fruitionem
792 820 844 873 divi-

36 893 119 945 <itatis
134 893 272 958 perfectam.
287 892 327 942 Est
341 896 418 942 autem
431 890 587 954 dispensative
598 890 700 952 factum,
711 892 770 942 sicut
782 895 845 957 supet

34 966 129 1015 dutum
149 969 186 1017 est
200 966 249 1027 (ou.
264 967 303 1023 dt,
318 967 361 1013 art.
374 967 384 1013 t
393 1001 402 1027 ‚
417 964 443 1015 ad
459 962 493 1026 l),
509 966 535 1013 ut
547 963 575 1012 ab
587 963 662 1012 anima
675 962 745 1025 gloria
759 976 845 1016 nonre-

40 1037 161 1087 tuudaret
173 1036 199 1085 iu
217 1049 314 1100 corpus,
332 1035 415 1086 adhoc
429 1034 491 1098 qubd
502 1034 634 1098 mysterium
647 1038 730 1085 nostra
743 1034 844 1099 redemp-

32 1108 106 1157 :iouis
129 1108 175 1157 sud
190 1107 299 1171 passione
318 1106 433 1170 impleret.
448 1106 478 1155 Et
493 1106 557 1165 ideo,
573 1110 664 1169 peracto
679 1106 723 1157 boc
740 1107 843 1171 mysterio

31 1176 162 1237 pussionis
176 1182 199 1229 et
212 1177 290 1229 mortis
306 1176 401 1239 Christi,
416 1177 494 1227 statim
507 1177 532 1226 et
547 1176 623 1226 arima
636 1176 661 1225 in
678 1189 762 1241 corpus
776 1177 800 1226 in
813 1190 844 1229 re·

33 1250 187 1301 surrectione
201 1252 358 1312 resumptum,
369 1262 433 1300 suam
444 1249 538 1315 gloriam
548 1248 671 1299 derivavit.
683 1249 712 1298 nt
721 1248 754 1299 ita
765 1249 843 1302 factm

31 1324 69 1367 cst
81 1335 175 1387 corpus
189 1320 244 1371 illud
259 1320 391 1384 gloriosum.

66 1394 103 1441 bd
125 1392 228 1457 priunum
243 1404 299 1454 ergo
318 1391 453 1453 dicendum,
476 1389 536 1453 qudd
558 1402 651 1441 somne
664 1390 725 1453 quod
740 1387 844 1455 recipitur

35 1462 57 1510 iu
71 1463 164 1529 aliquo,
180 1462 287 1527 recipitur
298 1463 322 1513 in
332 1474 360 1514 eo
374 1460 500 1513 secundbm
511 1462 602 1512 modum
615 1460 757 1525 recipientis.
769 1480 783 1510 o
791 1464 844 1522 Quia

36 1534 110 1595 igitur
133 1535 206 1599 gloria
221 1536 321 1599 corporis
335 1535 450 1585 derivatur
464 1532 492 1583 ab
502 1533 577 1583 anima
587 1572 593 1595 ,
605 1537 632 1583 ut
646 1534 784 1597 Augustinus
795 1533 844 1587 dicit

38 1606 60 1654 in
75 1607 156 1671 Epist.
176 1608 235 1657 LVI.
255 1607 290 1657 ad
305 1608 471 1665 Dioscorum,
484 1605 560 1669 fulgor
576 1618 617 1655 seu
637 1605 729 1656 claritas
746 1608 843 1669 corporis

38 1678 137 1738 gloriosi
148 1682 183 1730 est
196 1677 321 1729 secunddm
331 1676 428 1729 colorem
437 1678 538 1727 hunuano
544 1676 634 1739 corpori
643 1677 779 1741 naturalem,
788 1676 843 1731 siut

41 1751 129 1801 nitrum
147 1748 297 1801 diversimode
311 1751 434 1801 coloratum
449 1747 529 1811 recipit
545 1748 689 1811 splendorem
706 1760 736 1799 ex
748 1749 843 1802 illustra-

43 1820 105 1872 tione
120 1821 185 1883 solis,
200 1820 324 1871 secundbm
344 1821 435 1871 modum
448 1819 486 1871 sui
499 1818 591 1869 coloris.
602 1818 666 1869 Sicut
680 1821 755 1869 autem
768 1820 791 1869 in
803 1832 844 1885 po-

43 1894 129 1944 testate
139 1887 238 1943 boiuinis
250 1892 369 1955 glorificati
380 1896 424 1953 est,
439 1895 465 1941 nt
474 1904 559 1955 corpus
568 1890 619 1954 ejus
630 1890 742 1953 videatur,
752 1891 789 1942 vel
799 1904 845 1943 non

46 1962 158 2024 videatur,
171 1964 230 2015 elcut
246 1963 331 2015 dictum
344 1966 380 2014 est
395 1964 447 2028 (art.
459 1966 488 2024 1,
504 1963 532 2013 ad
542 1964 577 2024 b),
591 1962 623 2012 its
638 1961 663 2011 in
672 1965 786 2025 potestate
796 1962 847 2027 ejus

46 2037 87 2094 est,
103 2034 165 2099 quod
176 2034 266 2085 claritas
277 2034 329 2097 ejus
338 2035 450 2099 videatur,
463 2033 501 2084 vel
513 2032 682 2084 denudentur.
694 2033 758 2084 Unde
770 2034 845 2097 potest

47 2104 68 2152 iu
77 2119 121 2157 suo
135 2107 208 2157 colore
220 2105 269 2157 siue
281 2106 358 2169 aliqua
368 2105 470 2157 claritate
479 2104 563 2155 videri.
571 2105 600 2155 nt
609 2106 654 2157 boc
663 2105 730 2156 modo
741 2101 844 2157 curtus

49 2176 92 2226 sniis
103 2176 221 2242 discipule
234 2180 288 2241 post
297 2176 484 2229 resurrectionem
494 2189 558 2227 suam
572 2174 688 2241 apparuit.

78 2250 112 2300 dd
131 2252 255 2301 secundum
270 2249 406 2313 dicendum,
418 2250 479 2315 qubd
500 2262 582 2314 corpus
597 2248 689 2314 aliquod
701 2247 783 2300 dicitnr
794 2260 843 2303 esse

50 2319 167 2386 palpabile,
183 2335 228 2372 non
239 2321 312 2373 solium
323 2322 411 2372 ratione
420 2321 566 2385 resistentie,
581 2322 622 2371 sed
631 2320 716 2373 ratione
726 2334 773 2372 sua
784 2322 842 2387 spis-

51 2390 160 2443 situdinis.
176 2395 208 2444 dd
219 2406 295 2444 rarum
304 2398 381 2444 autem
390 2397 414 2444 et
424 2392 525 2458 spissum
536 2397 662 2457 sequuntur
670 2404 738 2457 grave
748 2394 772 2443 et
784 2391 841 2458 leve,

50 2463 142 2515 calidum
157 2468 180 2516 et
196 2466 315 2530 trigidum,
331 2468 354 2515 et
372 2465 416 2515 alie
433 2465 565 2529 hujusmodi
580 2464 709 2525 contraria,
726 2477 778 2528 qne
790 2469 843 2517 mut

54 2535 160 2602 principia
172 2535 323 2602 oomuptiouis
331 2549 452 2601 corporum
461 2536 644 2588 elementarium.
656 2536 720 2587 llnde
729 2539 752 2587 et
762 2547 842 2601 corpus

54 2607 108 2666 qribd
121 2613 156 2660 est
167 2609 278 2675 palpabile
291 2610 390 2660 bumauo
404 2613 483 2672 tactu,
494 2612 530 2660 est
544 2608 679 2660 naturaliter
688 2606 840 2673 oonuptlbile.

54 2676 76 2724 dt
90 2684 162 2731 autem
171 2681 201 2731 sit
213 2682 302 2745 aliquod
313 2695 396 2745 corpus
407 2681 610 2750 ιιιιιιιιιιιιιιιί,
620 2682 682 2746 quod
694 2679 783 2732 nonsit
795 2680 842 2732 dis·

56 2752 147 2808 positum
165 2753 289 2805 secundbm
303 2754 422 2818 pradictus
440 2754 528 2833 quali
522 2758 594 2816 tates,
608 2766 660 2817 qua
680 2756 734 2804 suut
753 2753 845 2819 propria
865 2744 887 2812 2

57 2820 138 2885 objecta
149 2824 221 2875 tactim
237 2825 344 2887 humani,
357 2826 416 2875 sicut
433 2828 470 2876 est
486 2839 569 2891 corpus
578 2824 686 2889 caeleste,
698 2825 744 2876 tale
760 2834 844 2889 corpus

59 2902 99 2944 ton
107 2898 202 2961 potestd
204 2895 235 2949 ici
247 2864 369 2967 palpabile.
376 2899 465 2965 corpus
478 2903 556 2952 autem
563 2894 650 2951 Christi
662 2900 716 2963 post
727 2906 840 2950 ιιιιιιιιι·
