1917 3317
169 159 214 207 itt
252 169 504 220 summasunmna,
519 165 612 215 consu.
627 166 745 220 cum,
759 169 816 208 aar.
830 169 873 208 rm.

168 245 244 296 omnia
263 246 390 310 implenda,
404 246 528 297 ssmuddm
552 249 690 310 preceptum
708 246 845 316 superioris,
860 259 906 309 que
921 255 934 290 a

167 318 298 368 exercitium
311 317 459 382 perlectionis
467 319 590 384 pertinent.
603 319 663 384 Eupo
673 318 843 389 mmdtvomm
857 316 930 369 otedie

166 390 206 442 tie
221 390 305 454 absque
319 389 370 440 aliis
382 391 470 442 duobus
483 391 552 442 uotis.
934 424 940 541 4

200 465 224 512 t.
233 465 355 524 Preteroa,
367 464 394 513 ad
404 463 517 513 exteriora
525 462 585 513 bona
595 461 711 525 pertinent
725 473 772 512 nou
783 461 856 513 soldm
867 458 933 511 diutia

168 535 208 586 aed
221 535 289 586 etiam
302 536 408 586 honores.
422 535 445 586 Si
456 547 510 600 ergo
520 547 560 600 per
570 537 648 585 uotum
657 534 798 598 paupertatis
809 533 902 597 religiosi
911 537 940 589 terp

167 619 233 657 renas
248 607 338 657 diuitias
355 605 472 668 abdicant,
484 609 574 671 oportet
591 618 642 656 esse
665 604 735 656 οιίιιρ
749 605 813 656 aliud
824 610 900 656 uotum
914 594 940 665 pl

165 677 225 742 quod
238 679 336 729 honores
348 678 474 730 mundanos
486 681 642 730 contemnant.

196 749 240 801 Sed
250 753 327 801 souma
338 753 381 812 est,
393 749 454 814 quod
463 749 545 801 dicitur
558 750 643 799 Estne
653 747 686 798 de
694 750 764 798 stulu
774 748 940 868 monoclerum

167 822 227 889 qudd
236 839 251 870 u
260 822 359 874 custodia
374 820 484 874 camisiis
497 825 522 872 et
535 821 646 872 abdicatio
658 820 804 886 proprietutis
813 826 871 873 suut
879 834 916 873 aaa
934 835 936 837 ’

166 895 251 958 regulo
266 893 426 946 monachali.»

202 967 360 1031 (Concessio.
372 993 404 1004 -
416 964 543 1030 Religionis
560 967 650 1029 status,
666 967 780 1028 quatenus
800 970 839 1016 est
855 965 928 1030 qnoddc

166 1038 321 1089 holocaustum
335 1051 380 1102 quo
394 1036 445 1100 quis
462 1051 487 1088 so
500 1041 573 1086 totum
586 1037 633 1086 ileo
646 1036 712 1087 ollert
729 1039 752 1087 et
764 1038 834 1100 quasi
848 1037 932 1090 immolat

166 1125 196 1162 ex
212 1111 284 1162 tubus
296 1109 370 1169 uotis,
385 1108 520 1159 obedientie
533 1107 654 1170 videlicet,
665 1107 811 1160 continentie
828 1115 856 1162 et
869 1120 934 1176 paupe

166 1183 219 1234 tatis
233 1183 370 1246 integratur,
383 1179 407 1230 iu
418 1179 492 1244 iisque
504 1179 565 1230 uotis
577 1180 694 1242 religionis
705 1179 818 1244 perlectis
833 1180 930 1235 consistit.

197 1253 334 1318 Respondes
352 1251 487 1312 dicendum,
503 1250 562 1315 qudd
576 1250 692 1315 religionis
710 1254 782 1302 status
796 1258 878 1318 potest
894 1266 914 1303 co
932 1249 935 1254 ’

166 1325 239 1377 derari
260 1324 395 1389 tripliciter:
411 1335 457 1374 omo
473 1324 556 1384 modo,
572 1322 697 1373 secuuddm
716 1322 777 1386 qudd
797 1330 836 1376 est
856 1325 922 1391 quodd

166 1396 297 1448 exercitium
317 1395 424 1446 tendendi
446 1395 469 1443 iu
489 1394 652 1458 perlectionem
667 1395 802 1459 otamtatis3
817 1397 867 1450 alio
886 1395 935 1448 molo

166 1467 289 1520 secuuddm
300 1465 358 1530 qudd
372 1467 459 1530 quietat
471 1466 572 1516 animum
583 1467 708 1516 humanum
719 1467 746 1517 ah
757 1469 936 1521 exterioribusst

165 1537 328 1599 licitudiniltus,
338 1537 461 1589 secordiam
474 1537 530 1588 illud
539 1539 560 1587 Ι.
571 1537 607 1586 ud
618 1538 689 1598 Cor„
702 1539 742 1587 illl
756 1553 788 1588 :u
797 1540 858 1592 Volo
867 1555 906 1592 uos
916 1538 930 1588 si

165 1609 315 1662 sollicitudine
325 1622 385 1660 esse.
401 1627 415 1658 u
425 1609 587 1672 'lertiomodo‚
596 1608 718 1659 secuuddm
732 1608 792 1673 qudd
807 1615 847 1662 est
856 1612 934 1677 quodda

165 1681 333 1741 holocaustum,
348 1695 389 1744 per
404 1681 465 1746 quod
478 1679 560 1744 aliquis
573 1681 674 1731 totaliter
689 1692 714 1731 se
730 1682 754 1730 ot
770 1694 813 1731 sua
827 1683 898 1734 citeri

164 1753 192 1802 Et
208 1751 330 1803 secuuddm
344 1753 393 1802 ltaec
404 1765 433 1803 ou
444 1751 481 1802 his
494 1751 567 1801 tritus
579 1751 641 1800 rotis
650 1751 928 1817 integratur-religioniss

165 1826 211 1873 tus.
228 1822 303 1874 Primd
320 1823 396 1887 euim,
408 1824 518 1886 quantum
532 1823 560 1872 ad
570 1821 703 1872 exercitium
713 1823 904 1889 perfectionis,r

165 1895 221 1944 nitur
234 1894 294 1958 qudd
305 1893 387 1957 aliquis
402 1895 415 1944 a
427 1907 452 1944 se
464 1897 583 1944 removeat
596 1893 635 1943 illa
650 1907 692 1958 per
704 1906 756 1958 quae
771 1901 853 1958 posset
864 1898 922 1962 impe
934 1893 937 1902 '

165 1978 196 2016 ue
209 1965 307 2016 totaliter
318 1965 369 2030 ejus
378 1965 471 2014 allectas
479 1965 559 2015 tendat
568 1964 594 2014 in
607 1965 694 2026 Deum,
708 1965 732 2014 iu
743 1979 789 2029 quo
800 1969 908 2020 consistit

164 2036 232 2086 lectio
245 2035 370 2086 charitatis.
382 2034 517 2100 liujusmodi
529 2038 605 2085 autem
620 2039 674 2106 aput
684 2035 727 2085 tria
737 2050 745 2085 ι
755 2036 859 2100 primum
867 2041 931 2104 quide

165 2107 279 2170 cupiditas
293 2108 430 2158 exteriorum
448 2107 574 2168 honorum,
585 2121 635 2170 quae
650 2107 737 2157 tollitur
749 2121 790 2170 per
799 2115 890 2161 votum
898 2126 930 2176 po

164 2181 287 2243 pentatic-
302 2179 426 2229 secuudum
436 2183 512 2228 autem
524 2182 559 2230 est
573 2179 759 2244 concupiscentia
766 2181 915 2234 sensiltilium

164 2250 325 2314 luctationem,
335 2249 395 2300 inter
407 2263 464 2314 quas
478 2250 610 2314 precedunt
622 2251 783 2302 delectationes
793 2265 911 2318 venerem,
938 2308 940 2321 ,

164 2322 316 2372 excluduntur
325 2335 365 2385 per
377 2325 464 2372 votum
478 2322 636 2372 continentiae
643 2338 652 2386 ,·
666 2322 758 2372 tertium
772 2327 849 2375 numm
860 2332 900 2377 est
911 2324 940 2374 in'

165 2392 251 2443 dinatio
265 2393 388 2444 voluntatis
403 2393 523 2456 humane,
537 2407 588 2455 qum
605 2392 732 2444 excluditm
743 2404 891 2459 pernotum
910 2335 940 2459 ot]

165 2464 278 2514 dc'entic'e.
296 2464 405 2516 similiter
425 2468 501 2516 autem
518 2463 676 2516 sollicitudinis
696 2467 811 2516 secularis
830 2462 940 2532 inquietat¹

165 2535 281 2601 praecipue
290 2536 400 2600 ingeritur
409 2536 497 2586 homini
512 2535 642 2587 encomia:
654 2536 836 2602 primiquidem
846 2541 912 2590 circa
921 2534 940 2589 di

164 2607 320 2672 pensationem
334 2607 470 2658 exteriorum
484 2621 574 2671 renum,
588 2611 611 2659 et
621 2610 672 2659 haec
686 2609 813 2661 sollicitudo
824 2623 868 2674 per
882 2610 940 2662 ootd

164 2679 324 2743 paupertatis
338 2677 426 2729 homini
438 2679 553 2744 aufertur3
568 2680 685 2741 secundo,
700 2680 759 2730 circa
781 2662 940 2753 gubernationi¹

166 2749 405 2813 crementorum,
423 2763 473 2812 quae
488 2754 618 2815 amputatur
630 2765 672 2815 per
690 2755 779 2801 votum
789 2753 940 2805 continentie

164 2819 248 2882 tertii,
259 2820 317 2870 circa
325 2820 498 2885 dispositionem
508 2822 649 2887 propriorum
662 2826 768 2888 actuum,
780 2836 829 2888 que
837 2826 940 2888 amputat

165 2903 206 2956 per
227 2895 315 2944 votem
336 2892 497 2955 obedientie,
510 2907 556 2960 quo
571 2893 653 2960 atquo
668 2907 697 2947 so
717 2895 809 2948 alterim
821 2893 940 2959 dispositio
