1917 3317
44 233 45 246 ¹
135 237 181 282 622
321 247 383 283 raas
399 247 439 296 nr,
456 247 551 292 oomsu.
567 247 630 293 m,
647 242 705 285 anm
720 249 746 284 ιι.

44 291 46 404 ἱ
134 321 216 372 dieitur
234 323 316 380 lione,
334 321 363 372 X.
385 321 432 370 Nec
447 326 523 371 tamen
543 323 693 386 proeteritoe
714 321 796 385 aliquis
813 312 902 382 nauum

134 397 229 530 :3335
242 393 337 457 gratiam
355 393 454 456 trahem,
475 394 516 443 sed
536 393 580 443 suit
603 407 682 445 reram
703 394 771 444 tidem
788 402 845 450 esse,
857 393 904 448 quun

44 759 46 830 l

44 847 46 914 l

44 919 47 972 t

429 580 588 631 annicetus
602 580 634 629 ll.

193 705 279 751 vorem
292 705 445 750 annuntiatio
460 705 532 813 Zetae
539 704 716 811 ‘Viroina'sfleri
729 703 829 748 &deterit
836 711 873 757 pel

494 781 538 824 noe
547 780 599 812 um.

167 893 200 943 td
214 893 337 942 seeundum
358 891 391 943 sio
403 892 534 957 proceditur
548 890 591 954 (l).
608 890 705 943 Videtur
718 892 779 956 quot
790 892 859 942 teate
873 884 908 929 l'tf·

134 962 181 1027 gini
201 976 246 1012 nou
265 961 368 1012 debuerit
386 963 529 1012 aunrrrrtiatio
552 962 601 1012 fieri
621 976 664 1026 per
686 964 806 1026 Angelum.
821 963 907 1029 Surium·

133 1033 194 1084 enim
211 1034 301 1096 Angelis
309 1034 334 1082 tlt
348 1033 457 1084 revelatio
469 1032 625 1082 immediatdl
640 1035 696 1097 lieo,
710 1039 737 1084 ut
749 1034 865 1098 Dionysius
876 1028 904 1073 d

44 1115 45 1128 ¹
133 1103 185 1153 vlt.
201 1105 298 1154 Celeri.
314 1105 438 1154 hierarch.
452 1105 496 1154 Sed
512 1104 583 1153 llaler
596 1105 638 1154 liei
656 1109 693 1154 est
709 1120 780 1168 super
797 1116 869 1156 omues
882 1104 911 1145 t·.·

134 1175 197 1238 gelos
215 1177 321 1224 exaltata.
337 1175 396 1237 Ergo
412 1174 502 1224 uidetur
514 1173 574 1236 uudd
591 1174 725 1225 immediati
742 1176 815 1226 illeo
834 1173 893 1223 delur

133 1245 167 1296 illi
180 1246 311 1296 annuntiari
329 1246 494 1296 incarnationis
508 1246 652 1308 mysterium,
663 1249 688 1295 et
701 1261 748 1297 non
761 1259 801 1310 per
815 1246 890 1307 lugeto

166 1321 189 1367 ι.
204 1319 335 1380 l‘raeterea,
350 1317 371 1366 si
383 1317 406 1366 iu
427 1317 470 1366 lroo
484 1317 602 1378 oportebat
615 1315 704 1365 serrari
716 1331 857 1368 communem
873 1328 894 1361 m

133 1401 203 1448 nem,
219 1387 342 1438 seouodirm
354 1401 421 1450 quem
436 1387 512 1437 diviua
525 1386 656 1436 homiuibus
670 1401 712 1450 per
722 1389 820 1451 nugetos
832 1385 900 1438 rerelu

133 1464 180 1519 tur,
192 1459 297 1510 similiter
308 1457 388 1507 divina
403 1459 429 1508 ad
445 1459 561 1508 mulierem
575 1471 616 1520 oer
629 1457 705 1506 uirum
716 1458 858 1515 deferentem
872 1469 896 1501 ιτ.

134 1535 158 1582 et
169 1532 290 1595 Apostolus
304 1529 357 1580 dicit
377 1531 396 1578 1.
411 1529 447 1578 od
461 1531 529 1585 Cor„
545 1529 594 1578 xlv
610 1543 615 1576 :
632 1546 647 1576 u
665 1529 777 1579 Mulieres
794 1531 819 1580 in
838 1529 901 1579 Enete

133 1603 239 1663 taceeut3
256 1601 275 1650 si
294 1600 348 1662 quid
369 1604 445 1650 antem
460 1600 540 1649 volunt
556 1599 662 1659 discere,
676 1599 740 1649 domi
757 1601 821 1650 rims
836 1612 882 1650 suris
895 1633 905 1640 .-

134 1675 258 1736 lerrogent.
273 1686 287 1718 u
304 1674 362 1734 Ergo
376 1672 468 1721 videtur
478 1671 538 1733 quod
554 1672 626 1720 neate
637 1670 726 1732 Virgini
736 1672 839 1722 deluerit
849 1684 895 1720 auur

133 1743 186 1792 tiari
201 1742 335 1806 mysterium
349 1741 514 1792 iucarnationis
527 1755 569 1805 per
585 1740 684 1804 aliquem
706 1742 798 1806 virum,
813 1751 897 1806 oraeseu

134 1813 187 1877 quia
199 1814 283 1877 loseph
298 1814 334 1863 uir
348 1815 398 1878 ejus
410 1825 482 1877 super
495 1815 539 1864 hoc
554 1812 598 1861 luit
609 1811 637 1860 ab
651 1813 746 1876 ringeln
763 1813 892 1870 instructus,

126 1879 334 1948 demirandam..
351 1887 369 1935 l.

167 1959 190 2004 t.
201 1957 319 2018 Praeterea,
329 1956 405 2006 nullus
414 1959 490 2020 potest
505 1953 604 2016 congrue
619 1956 755 2006 annuntiare
766 1958 826 2020 quod
839 1959 889 2020 igue

135 2028 178 2078 Sed
194 2027 261 2076 etiam
285 2027 386 2090 supremi
407 2026 485 2089 lngeli
502 2039 547 2075 non
569 2025 637 2089 plene
657 2032 817 2088 cognoverunt
835 2031 893 2078 lnrur

133 2097 205 2148 tionis
226 2097 372 2162 mysterium3
388 2098 450 2148 unde
464 2095 519 2146 dicit
535 2097 658 2160 lliouysius
678 2098 729 2147 Vll.
744 2098 842 2149 celest.
863 2098 894 2144 lu

135 2181 164 2218 ex
180 2181 256 2218 eorum
273 2181 370 2232 persona
390 2182 441 2218 esse
456 2167 625 2230 intelligendam
641 2167 812 2231 questionem,
829 2182 877 2231 quar

134 2239 196 2289 nitur
209 2241 280 2294 lsoi„
295 2239 363 2288 Llltll
377 2253 382 2286 ε
393 2239 470 2296 «Quis
483 2245 518 2287 est
529 2239 572 2287 iste
586 2236 625 2295 uui
638 2237 704 2286 venit
715 2239 745 2288 de
761 2239 849 2290 Edoml
858 2259 870 2282 n
882 2238 898 2284 l'.

134 2308 224 2358 videtur
243 2310 304 2373 qudd
326 2323 368 2373 per
388 2310 473 2360 utillum
491 2308 602 2370 Angelum
619 2309 696 2372 notuit
715 2310 877 2360 oonreuieuter

136 2379 249 2430 nuntiatio
259 2380 421 2430 incarnationis
434 2379 492 2430 lieri.

168 2454 190 2500 l.
203 2451 330 2510 Praeterea,
342 2452 428 2514 majora
439 2455 493 2500 sunt
504 2464 545 2513 per
556 2452 654 2514 majores
668 2450 766 2502 nuutios
777 2452 892 2502 annuntius

137 2520 182 2571 Sed
198 2521 329 2584 mysterium
345 2521 510 2572 incantationis
523 2523 558 2571 est
577 2519 700 2570 maximum
722 2522 786 2574 inter
800 2524 872 2574 omnia

135 2605 177 2656 per
191 2593 289 2656 Angelos
302 2595 356 2641 sunt
368 2591 497 2642 hominibus
516 2591 658 2641 annuntiate.
672 2592 734 2653 ergo
747 2594 850 2652 uidetur,
867 2607 883 2640 s:

136 2664 234 2726 aliquem
256 2662 369 2726 Angelum
387 2661 465 2714 debuit
481 2661 625 2724 annuntiari,
642 2661 703 2726 qudd
721 2663 762 2714 ille
776 2664 874 2716 debuerit
889 2683 895 2703 r

136 2733 164 2784 de
176 2747 283 2797 supremo
297 2733 385 2782 ordine.
403 2731 446 2782 Sed
463 2731 552 2782 Gabriel
565 2745 612 2782 oon
630 2738 667 2784 est
681 2733 711 2783 de
729 2747 840 2798 supreme
852 2746 887 2782 orn

137 2949 160 2989 et
170 2883 201 2988 9)
216 2887 248 2930 ua
269 2873 305 2932 uls
322 2886 392 2931 uuum
403 2887 449 2946 ιιι,
465 2885 518 2932 ursa.
530 2885 554 2946 a,
568 2897 609 2943 qu.
623 2885 649 2949 a,
665 2892 710 2934 rra.
732 2885 757 2949 1,
773 2888 895 2947 mutu
