1917 3317
511 136 598 181 186
706 144 922 183 saeuum
950 146 1210 193 sisennus,
1244 145 1428 187 ouaesr.
1462 144 1695 192 cmxxxix,
1725 143 1822 180 Ant.
1858 143 1891 176 1.

1107 326 1431 377 ARTICULUS
1466 327 1501 376 1.

586 453 763 499 mrem
781 454 860 498 im
874 454 958 510 qm·
977 465 1074 497 non
1094 456 1206 497 sune
1225 453 1278 495 in
1294 435 1535 508 praeceptis
1553 452 1796 497 exercitati
1818 450 1917 494 deae

1051 515 1241 572 inqu-edi
1261 515 1553 572 religionem.

566 644 634 694 Ad
669 642 865 707 primum
890 641 959 693 sic
977 640 1252 706 proceditur.
1284 640 1473 691 Videtur
1492 640 1616 703 quod
1642 655 1733 692 non
1760 640 1917 691 debean

503 715 683 777 gionem
710 714 912 777 ingredi,
934 712 1024 763 nisi
1047 712 1113 761 illi
1132 712 1211 775 qui
1238 717 1343 762 sunt
1368 712 1418 760 in
1444 714 1686 777 praeceptis
1716 711 1917 763 exercitat

507 788 656 838 minus
677 786 797 837 enim
817 783 1056 836 consilium
1080 783 1374 848 perfectionis
1388 785 1512 835 dedit
1530 785 1802 836 adolescenti
1814 784 1891 845 qui
1914 803 1917 825 ι

499 873 550 909 se
579 863 809 922 praecepta
839 858 866 907 a
894 858 1135 922 juventute
1164 868 1368 906 servasse
1384 856 1470 919 (1).
1504 857 1599 907 Sed
1636 857 1664 907 a
1696 856 1871 907 Christo
1897 868 1917 903 s

503 930 684 981 initium
709 929 857 980 omnis
883 927 1060 990 religio.
1094 928 1213 990 Ergo
1236 926 1417 978 videtur
1448 927 1571 991 quod
1589 941 1683 978 non
1708 928 1798 977 sint
1824 927 1882 976 ad
1907 940 1917 973 1

499 1013 606 1051 nem
623 998 893 1050 admittendi
918 998 1008 1048 nisi
1028 997 1107 1061 qui
1134 1002 1241 1047 sunt
1265 998 1315 1048 in
1339 999 1580 1062 praeceptis
1604 997 1852 1050 exercitati.

559 1075 608 1121 2.
638 1072 896 1131 Praeterea,
922 1068 1167 1131 Gregorius
1192 1067 1317 1119 dicit·
1334 1084 1488 1133 super
1515 1071 1694 1121 Ezech.
1719 1068 1910 1135 (Homil.

499 1161 531 1189 ιι
546 1144 689 1193 Nemo
716 1140 903 1206 repente
931 1140 983 1190 fit
1008 1153 1228 1195 summus,
1250 1140 1331 1191 sed
1355 1141 1406 1190 in
1430 1142 1550 1192 bona
1570 1140 1908 1193 conversatione

499 1213 633 1262 nimis
667 1212 743 1275 qui
787 1212 1001 1275 inchoat,
1031 1215 1083 1261 ut
1116 1213 1171 1262 ad
1207 1225 1371 1275 magna
1404 1212 1658 1276 perveniat.
1690 1231 1717 1261 »
1764 1212 1852 1263 Sed
1905 1227 1917 1257 ω

495 1288 599 1333 sunt
624 1283 836 1345 consilia,
869 1297 972 1346 quae
1014 1282 1243 1346 pertinent
1273 1284 1329 1333 ad
1367 1284 1693 1348 perfectionem
1726 1283 1862 1346 vitae3
1891 1297 1917 1330 n

495 1364 645 1406 autem
669 1358 894 1418 praecepta
924 1359 1031 1404 sunt
1048 1390 1061 1416 ,
1081 1368 1183 1418 quae
1208 1355 1437 1418 pertinent
1456 1356 1514 1405 ad
1532 1369 1818 1406 communem
1834 1355 1917 1419 jus1

499 1429 612 1490 Ergo
638 1426 819 1475 videtur
843 1424 964 1489 qnod
1000 1438 1090 1474 non
1117 1425 1312 1475 debeant
1338 1426 1473 1490 aliqui
1503 1427 1559 1476 ad
1583 1426 1913 1477 observantiam

499 1497 658 1549 [iorum
682 1496 945 1560 religionem
962 1498 1147 1558 intrare,
1176 1497 1267 1546 nisi
1284 1497 1411 1561 prius
1432 1497 1601 1547 fueriut
1624 1498 1675 1547 in
1695 1496 1917 1562 praeceptis

499 1567 640 1617 nitati.

557 1644 604 1687 3.
629 1640 848 1688 Praeterea
865 1676 877 1699 ,
898 1638 1017 1688 sicut
1044 1638 1224 1688 ordines
1252 1639 1371 1689 sacri
1398 1639 1568 1690 habent
1592 1640 1837 1703 quamdam
1864 1652 1917 1689 ex

499 1709 604 1759 tiam
631 1710 680 1759 in
703 1708 932 1771 Ecclesia,
953 1710 1019 1759 ita
1046 1712 1093 1759 et
1117 1709 1349 1772 religionis
1377 1715 1539 1761 status,
1565 1711 1673 1774 Sed,
1695 1711 1817 1761 sicut
1841 1713 1917 1762 (ἂι-ε

495 1780 655 1830 scribit
686 1778 860 1842 Siagrio
905 1781 1133 1831 Gallorum
1168 1781 1387 1845 Episcopo
1401 1817 1414 1842 ,
1465 1785 1513 1831 et
1549 1782 1742 1833 habetur
1777 1782 1830 1832 in
1868 1784 1917 1831 D«

495 1853 601 1904 dist.
633 1856 712 1914 48,
745 1868 773 1899 «
791 1853 995 1904 ordinate
1023 1854 1077 1903 ad
1096 1853 1278 1904 ordines
1305 1855 1637 1905 ascendendum
1672 1858 1770 1917 est3
1794 1869 1901 1905 nam

499 1924 671 1989 appetit
697 1922 776 1986 qui
810 1925 866 1973 ad
887 1923 1055 1973 summi
1079 1924 1168 1975 loci
1188 1924 1372 1987 fastigia
1390 1963 1404 1987 ,
1434 1924 1702 1989 postpositis
1730 1926 1915 1989 gradibu

495 1997 687 2060 abrupta
727 1996 1180 2059 quaerit‘ascensum.
1207 1996 1384 2047 Scimus
1418 2000 1569 2047 autem
1601 1996 1721 2059 quod
1758 1999 1917 2047 aedifica

499 2069 635 2118 rietes
660 2078 751 2117 non
779 2065 908 2129 prius
937 2068 1170 2131 tignorum
1196 2069 1373 2132 pondus
1402 2066 1659 2132 accipiunt,
1683 2068 1783 2138 'nisi
1808 2068 1838 2119 a
1871 2082 1917 2118 n<

499 2153 590 2189 snae
624 2141 814 2188 humore
851 2137 1105 2200 siccentur,
1133 2151 1193 2188 ne
1220 2138 1260 2188 si
1286 2142 1391 2188 ante
1430 2140 1629 2202 pondera
1664 2140 1799 2201 quam
1842 2140 1917 2190 sol]¹

499 2211 719 2275 accipiant
733 2212 990 2271 ‚cunctam
1021 2209 1157 2260 simul
1182 2209 1399 2260 fabricam
1426 2212 1674 2274 deponant.
1705 2226 1733 2257 »
1758 2212 1878 2274 Ergo
1914 2226 1917 2231 ·

495 2282 618 2345 quod
655 2294 749 2332 non
783 2280 977 2331 debeant
1002 2281 1142 2344 aliqui
1168 2282 1225 2331 ad
1262 2281 1523 2345 religionem
1548 2282 1760 2345 transire,
1790 2283 1880 2333 nisi
1907 2283 1917 2331 i

499 2354 646 2418 neptis
671 2352 764 2402 sint
787 2352 1041 2402 exercitati.
1086 2414 1091 2418 .

559 2429 606 2474 4.
642 2426 900 2485 Praeterea,
927 2436 1063 2488 super
1088 2423 1198 2473 illud
1235 2424 1375 2474 Psal.
1407 2425 1667 2475 cxxxvlu
1693 2440 1704 2475 :
1739 2443 1768 2474 «
1794 2426 1917 2475 Sicut

566 2541 628 2603 (1)
662 2544 735 2590 Sic
763 2542 1039 2587 Ambrosius
1058 2574 1071 2599 ,
1097 2542 1180 2588 lib.
1209 2543 1278 2588 De
1310 2543 1478 2588 viduis
1497 2563 1510 2587 :
1547 2544 1604 2588 Ut
1625 2545 1877 2602 intelliyas
1911 2563 1917 2587 ι

499 2609 618 2650 :iam
642 2604 875 2663 proecepti
903 2609 1042 2661 atque
1061 2606 1280 2655 consilii,
1300 2606 1410 2651 cam
1436 2606 1709 2651 recorderis
1737 2608 1820 2651 cui
1847 2608 1906 2651 in

503 2669 628 2725 pelio
665 2672 776 2712 ame
804 2667 1153 2721 praescribitur
1189 2680 1248 2712 ne
1286 2668 1609 2713 homicidium
1634 2669 1814 2727 facim,-
1846 2674 1913 2713 etc

499 2731 614 2775 nero
640 2742 689 2775 se
713 2734 952 2786 proecepta
978 2733 1278 2775 memorasset
1299 2730 1517 2787 implesse
1533 2764 1550 2779 ,
1578 2732 1841 2776 consilium
1868 2733 1913 2774 ei

503 2797 554 2837 ut
574 2792 751 2839 vendat
769 2792 935 2834 omnia
963 2797 1007 2837 et
1030 2796 1260 2849 sequatur
1289 2792 1566 2838 Dominum.
1587 2794 1696 2838 Hoec
1715 2796 1844 2839 enim
1873 2806 1917 2837 n«

495 2858 738 2912 praeceploy
761 2852 965 2900 dantia-r,
984 2858 1069 2897 etc.
