1917 3317
163 203 193 243 DE
207 201 342 249 Qlffllffl'!
356 205 450 245 mim
466 206 636 248 mmmm.
755 200 802 247 959

15 281 27 329 ,t
39 278 123 330 dicitnr
134 280 219 339 loom,
230 282 272 333 XX
284 282 329 347 (1).
342 284 402 347 Ergo
411 284 502 335 videtur
514 284 576 348 quod
587 285 692 337 christos
701 290 756 350 post
768 300 804 338 re-

15 350 167 404 surectionem
186 366 232 403 non
250 355 354 407 hahuerit
366 369 445 406 vcmm
459 369 551 420 corpus.

32 426 57 472 u.
72 424 201 488 Preteree,
219 438 299 476 rerum
319 440 402 492 corpus
416 440 465 478 non
478 429 594 479 euanescit
612 431 640 479 uh
654 434 748 495 aspectu
763 430 804 480 in-

15 495 132 560 sontium,
147 496 192 547 nisi
205 497 263 549 forto
277 502 440 564 corrumpatur.
456 500 500 551 Sed
513 512 595 565 corpus
609 502 697 552 Christi
709 504 804 554 euanuit

15 567 29 616 h
43 566 116 618 oculis
130 568 294 633 discipulorum
316 584 368 621 eum
382 572 529 634 intuentium,
540 576 567 623 nt
579 572 662 623 dicitnr
672 575 742 632 Luc„
759 575 803 626 uit.

15 640 62 703 ‘rgo
73 640 165 690 videtur
178 641 238 705 quod
251 642 355 693 Christus
367 646 420 708 post
435 644 626 696 resurrectionem
640 658 686 695 non
700 645 806 696 hahuerit

15 724 81 763 erum
96 725 186 776 corpus.

33 788 58 833 3.
72 782 546 852 Preteren,cn1ushhetuericorporisest
557 786 707 839 determinate
721 790 801 852 figure.

15 855 46 905 ed
64 868 146 919 cerpus
156 857 243 908 Christi
261 859 367 923 apperuit
378 860 497 925 discipulis
507 858 532 908 in
545 858 590 910 etia
602 860 695 924 ethpie,
707 863 805 923 utpotet

15 930 94 984 tare„
109 928 151 979 uit.
166 930 225 993 Ergo
243 930 333 981 uidetur
347 931 407 995 quod
425 932 528 981 Christus
549 936 602 995 post
614 932 805 983 resurrectionem

16 1010 49 1049 on
63 999 170 1050 hahuerit
185 1014 263 1051 uerum
278 1014 360 1067 eorpus
374 1004 508 1053 humanum.

33 1070 81 1119 Sed
94 1074 172 1121 contre
186 1076 235 1134 est,
250 1074 310 1136 qnod
324 1072 407 1123 dicitur
419 1075 494 1135 tue,
510 1074 565 1135 uit,
580 1074 639 1137 quoo
653 1073 744 1125 Christo
758 1074 804 1125 dis·

15 1141 88 1206 ipulis
105 1148 243 1208 apparente,
259 1144 385 1196 conturbati
404 1149 428 1196 et
448 1145 579 1210 conterriti,
598 1145 760 1196 existimabant
779 1160 803 1197 se

15 1214 108 1278 piritum
117 1216 210 1279 ridere,
225 1232 253 1269 uo
271 1218 291 1269 si
302 1232 348 1270 non
361 1219 455 1269 haheret
467 1233 546 1270 verum
566 1231 662 1283 corpus,
676 1219 717 1269 set
731 1220 807 1282 phen-

15 1286 118 1338 ustieum.
131 1290 165 1339 hd
178 1290 238 1353 quot
253 1290 416 1342 removendum
425 1291 475 1356 ipse
488 1295 569 1356 postea
580 1290 656 1342 subdit
668 1304 675 1339 :
687 1291 805 1355 «Potpute

15 1364 24 1410 t
42 1358 122 1411 uidete
138 1362 192 1425 quia
209 1361 304 1427 spiritns
322 1376 414 1415 curnem
432 1368 455 1415 et
471 1377 523 1415 osso
536 1376 583 1414 non
602 1362 685 1426 hehet,
699 1363 758 1413 sicut
771 1376 808 1413 me

14 1432 88 1483 idetis
102 1434 194 1485 hahere.
214 1436 290 1486 »Non
305 1448 358 1500 engo
375 1435 455 1486 hahuit
469 1448 552 1501 eorpus
571 1434 750 1498 phantasticum,
767 1435 807 1485 seo

15 1516 94 1555 erum.

31 1576 293 1641 (concursio-oum
308 1590 362 1629 reru
376 1577 445 1629 fuerit
462 1576 546 1628 Christi
563 1576 711 1641 resurrectio,
724 1588 808 1640 corpus

16 1646 90 1699 hristi
100 1653 152 1711 post
162 1652 352 1701 resurrectionem
360 1649 403 1701 init
416 1662 498 1701 uenum
505 1663 597 1714 corpus,
611 1649 807 1713 ejusdemnuturae

16 1721 72 1787 ujus
87 1720 161 1771 iuerat
177 1722 273 1788 prihs)

32 1792 173 1856 Respondeo
192 1794 314 1846 dicendum
322 1832 331 1859 ,
345 1794 405 1860 qnod
419 1795 479 1845 sicut
494 1795 646 1845 humescenus
660 1794 716 1844 ‹ticit
728 1794 754 1843 in
766 1794 805 1847 itt.

16 1867 58 1926 h.,
69 1864 125 1915 illud
136 1880 254 1930 resurgere
268 1867 358 1929 dicitur,
367 1867 428 1931 quod
435 1866 526 1919 cecidit.
535 1869 623 1931 Corpus
631 1869 710 1916 autern
719 1865 808 1915 Christi

16 1952 45 1989 er
60 1940 156 1988 mortem
172 1939 273 2003 cecidit;
288 1938 435 2004 inquantum
450 1938 537 1989 scilieet
549 1938 593 1988 fnit
602 1939 631 1989 eh
642 1950 670 1988 eo
683 1936 759 1987 eninm
770 1950 808 1987 se·

16 2012 100 2072 aratu,
115 2024 167 2073 quoe
183 2017 232 2062 eret
248 2013 299 2076 ejus
314 2011 416 2063 turmulis
427 2011 549 2077 perfectio.
566 2011 631 2060 Unde
649 2008 761 2074 oportuit,
779 2010 807 2059 ed

16 2094 48 2132 oc
63 2079 124 2145 quod
137 2087 198 2133 osset
211 2096 264 2134 uere
274 2083 358 2134 Christi
368 2083 510 2145 resurreetio,
521 2088 549 2133 ut
560 2082 621 2132 idem
630 2094 713 2146 corpus
723 2080 808 2130 Christi

16 2152 90 2204 crath
103 2152 177 2205 eidem
191 2156 272 2207 enimse
286 2155 397 2205 uniretur.
408 2157 436 2205 nt
447 2154 500 2219 quin
511 2155 597 2205 ueritus
608 2157 696 2203 nuturae
708 2152 809 2215 corporis

16 2229 37 2275 st
52 2236 82 2275 ox
100 2225 173 2277 torma
180 2264 189 2290 ‚
201 2227 346 2291 consequens
359 2230 395 2278 est
405 2226 466 2292 quod
477 2240 562 2291 corpus
571 2225 655 2276 Christi
672 2228 724 2289 post
735 2237 808 2275 resur-

17 2296 143 2355 ectionem,
156 2302 180 2349 et
198 2312 276 2350 rerum
290 2313 372 2364 corpus
385 2300 469 2363 tuerit,
487 2302 512 2349 et
524 2298 628 2363 ejusdem
643 2301 730 2347 notum
743 2296 810 2359 nujus

17 2372 82 2420 reret
95 2368 170 2433 priirs.
184 2369 208 2421 Si
221 2374 297 2421 numm
312 2371 363 2435 ejus
378 2384 461 2435 corpus
474 2370 556 2421 inisset
568 2368 750 2433 phantasticum,
763 2380 809 2419 non

17 2442 90 2493 nisset
105 2454 160 2491 uera
176 2442 327 2507 resurrectio,
341 2444 382 2494 sed
397 2456 518 2508 opponens.

34 2512 72 2563 ho
91 2512 190 2575 primum
207 2526 262 2576 ergo
280 2514 413 2578 dicendum,
429 2513 490 2579 quod
503 2527 584 2578 corpus
601 2512 686 2565 Christi
706 2515 758 2577 post
771 2524 808 2563 re-

17 2585 185 2651 surectionem,
196 2599 243 2637 non
250 2599 283 2637 en
293 2587 411 2649 miraculo,
421 2588 462 2637 sed
472 2599 502 2637 en
510 2586 640 2637 conditione
647 2586 734 2648 porto,
747 2585 808 2635 sicut

17 2656 100 2708 uidem
113 2657 194 2708 dicunt
202 2694 210 2722 ,
227 2658 312 2711 eleusis
323 2659 401 2724 juonis
416 2660 446 2711 ad
464 2658 589 2724 discipulos
601 2656 719 2720 introivit,
738 2656 808 2708 simul

38 2819 77 2884 (t)
91 2822 264 2879 AEquivutenter
277 2826 321 2871 suh
331 2825 366 2869 his
375 2824 468 2870 uerbis:
488 2823 549 2871 Cium
560 2824 626 2884 fores
635 2821 809 2869 arenceium

19 2886 50 2933 hi
58 2890 133 2931 eruet
141 2886 262 2947 discipuli
272 2890 427 2946 eoeprcputt,
442 2889 510 2934 oepit
522 2890 606 2939 Jews,
619 2892 674 2941 etc„
689 2897 750 2931 rere.
765 2882 804 2939 193

18 2947 118 3009 rpressh
127 2955 206 2995 entem
219 2963 280 2997 vers.
288 2950 336 2997 26:
354 2951 425 2999 Venit
433 2952 525 3011 jumeris
539 2952 639 2998 euscio.
