1917 3317
104 233 131 271 nr
143 231 242 274 mmmm
258 232 289 272 mr
305 231 387 272 venus
402 233 490 272 unum.
507 230 599 273 mem.
616 232 644 274 ur
659 231 749 274 eun.
794 225 826 272 t't

43 321 103 359 cesum
111 311 132 360 in
142 311 216 375 alium
229 309 401 375 permutatione
411 321 456 362 non
467 311 545 362 babet.
559 327 575 359 o
587 312 633 362 Sed
643 312 714 363 virtus
726 315 826 376 estque

42 381 164 432 immobiliter
176 383 235 434 facit
248 380 354 446 operari,
365 385 391 431 nt
401 381 484 432 dicitnr
493 383 520 433 in
531 385 560 434 ll.
576 384 659 439 Μαίη.
672 385 731 448 Ergo
739 384 828 435 videtur

39 452 89 514 quod
101 467 127 504 er
139 455 199 506 omni
213 452 352 518 operatione
368 454 469 504 viduosa
482 453 564 518 uliquis
580 459 664 505 emtum
678 456 825 518 adipiscetur.

65 529 85 573 ³.
99 526 218 590 interea,
234 539 321 577 nornen
335 525 409 576 ststds
417 527 506 577 ridetur
514 528 544 576 ad
551 529 671 591 mandam
682 528 825 578 altitudinem

38 595 150 660 pertinere;
160 612 212 648 nam
223 613 254 648 ex
264 593 402 661 hoc'aliquis
413 602 470 661 stet,
480 598 541 662 qubd
548 600 573 648 iu
585 601 655 649 cltum
665 599 767 663 origitur.
778 599 825 649 sed

40 679 76 728 per
89 668 164 720 diuersa
177 670 256 721 oiiicia
269 670 353 732 aliquis
366 668 392 719 tir
405 670 471 720 altior
485 670 556 721 altero
566 685 572 719 :
584 671 689 721 similiter
701 671 770 721 etiam
783 682 826 734 per

43 740 111 797 crodos
122 742 155 792 rel
172 743 268 792 ordines
287 741 388 792 diversos
400 741 553 792 diversimodo
566 742 672 792 homines
683 742 709 792 iu
726 743 824 806 madum

39 809 141 862 altitudine
159 814 345 864 constituuntur.
365 813 423 876 Ergo
440 814 488 863 sola
510 813 629 864 diversitas
648 815 772 877 gmdunm,
787 815 825 865 uel

34 883 135 946 ordinum,
147 886 184 936 rel
195 885 326 936 ciliciorum
336 885 420 935 suffieit
429 885 457 934 ad
465 885 666 936 diversificaudnm
682 889 775 936 statum

58 955 98 1004 Sed
105 961 181 1006 contra
190 961 241 1018 est,
257 957 317 1020 quod
327 957 352 1006 in
365 957 485 1013 Decretis,
500 956 574 1006 Consi
584 956 618 1018 ll,
629 970 668 1020 qu.
682 963 712 1018 o,
722 955 822 1007 dicitur:

31 1027 78 1076 «Si
90 1029 179 1091 qnando
195 1030 220 1080 iu
237 1041 307 1079 musa
324 1029 415 1093 capitali
431 1030 467 1079 vel
482 1042 550 1080 cansa
566 1029 639 1079 statds
654 1029 825 1092 interpellatum

29 1099 161 1160 luent,non
175 1115 215 1166 per
228 1107 400 1166 procuratores,
416 1102 456 1151 sed
467 1115 510 1164 per
524 1101 611 1165 seipsos
625 1102 823 1164 satagendum»

28 1172 63 1220 ubi
76 1187 148 1222 reeca
156 1175 244 1222 stolas
257 1173 384 1237 appellator
395 1173 511 1236 pertinens
522 1173 553 1222 ad·
562 1174 688 1223 libertatem
702 1172 738 1222 rei
753 1173 826 1222 sorri-

27 1247 103 1292 tutcm.
118 1243 177 1304 Ergo
188 1244 282 1293 ridetur
300 1243 359 1307 qnbd
372 1243 505 1293 nonnariet
515 1247 599 1292 statam
612 1243 727 1307 bominis,
741 1241 787 1293 niel
799 1243 824 1294 id

28 1317 83 1376 quod
95 1318 195 1378 pertinet
208 1317 238 1366 ad
253 1315 379 1365 libertatem
394 1316 430 1366 rel
443 1315 585 1366 servitutem.

16 1395 31 1434 r
59 1388 217 1449 (doscunsro.
231 1413 266 1425 -
277 1387 356 1436 Status
369 1385 459 1451 proprie
478 1387 578 1451 pertinet
595 1389 622 1438 ad
642 1387 768 1438 libertatem
787 1388 823 1439 rel

29 1460 167 1520 serrimtem,
179 1460 229 1510 sire
242 1459 269 1508 iu
283 1458 454 1522 spiritualibus,
466 1460 516 1510 sire
529 1459 554 1509 in
563 1459 685 1522 civilibus,
701 1460 825 1511 secundirm

30 1544 124 1591 musone
134 1529 322 1593 conditionem.)

62 1603 190 1666 despondeo
201 1602 339 1663 dir-endum,
350 1601 407 1666 qued
417 1602 613 1667 stomaponti
622 1603 744 1667 loquendo,
754 1603 825 1666 sigm-

28 1674 77 1723 tcat
90 1678 207 1738 quamdam
227 1674 350 1739 positionis
364 1675 531 1738 differentiam,
552 1675 678 1727 secuudum
697 1689 765 1740 quam
779 1675 826 1726 ali-
896 1685 899 1690 '

26 1747 215 1811 qoiddisponitur
225 1744 352 1796 secuudum
362 1747 452 1796 modum
463 1760 510 1797 suas
521 1751 684 1809 naturae,quasi
695 1746 719 1796 in
728 1748 825 1810 quadem

25 1820 190 1870 irumobilitate.
202 1819 245 1869 list
257 1817 320 1866 enim
334 1819 433 1868 uatumle
446 1815 546 1880 bomini,
554 1822 579 1867 ut
590 1821 657 1881 caput
665 1819 716 1881 ejus
724 1818 748 1866 iu
759 1831 825 1880 supe·

23 1893 78 1940 riora
97 1894 193 1952 tendat,
210 1895 236 1942 et
255 1888 328 1954 pedes
340 1888 364 1938 iu
380 1893 438 1940 terra
452 1889 577 1952 firmentur,
587 1893 611 1940 et
627 1894 709 1940 catera
725 1891 825 1940 membru

23 1965 92 2012 modia
103 1961 348 2014 convenientiordine
359 1961 588 2023 domnoniensem
603 1962 693 2024 quidem
708 1975 753 2012 nou
762 1953 823 2010 occi-

23 2037 68 2094 dit,
83 2036 103 2086 si
121 2037 193 2085 bomo
211 2034 312 2098 jaceat,
328 2033 364 2082 rel
381 2033 475 2095 sedeat,
492 2033 530 2083 uel
548 2033 679 2095 accumbat,
692 2033 731 2083 sed
752 2031 826 2084 solbm

25 2111 108 2168 quando
123 2113 218 2160 erectim
230 2108 287 2156 stat.
303 2105 351 2154 Nec
363 2117 440 2156 rursus
449 2111 509 2155 stara
521 2103 633 2154 dicitursi
646 2109 775 2167 mereatur,
786 2105 826 2156 sed

26 2181 107 2239 quaudo
116 2178 230 2245 quiescit.
244 2178 275 2227 Et
288 2176 341 2226 iude
349 2181 383 2227 est
393 2177 454 2241 quiid
465 2177 533 2228 etiem
546 2176 570 2226 in
580 2176 639 2240 ipsis
647 2178 774 2228 actionibus
783 2179 825 2228 bn·

29 2253 92 2301 uranio
111 2252 201 2302 dicitur
225 2248 345 2312 negotium
363 2248 460 2312 aliquem
482 2252 565 2298 statum
582 2249 681 2310 babere,
702 2248 825 2300 secundbm

34 2326 118 2374 *oscinem
137 2321 244 2388 propria
258 2318 418 2382 dispositionis
428 2358 434 2381 ,
443 2333 494 2370 curu
509 2320 605 2383 quadam
615 2319 772 2372 immobilitate
786 2335 827 2372 seu

38 2401 101 2451 orire.
117 2396 185 2446 Unde
201 2397 227 2444 et
237 2392 301 2442 circa
315 2391 417 2442 homines
430 2405 456 2442 ea
471 2405 522 2456 quas
533 2392 563 2441 de
580 2391 643 2440 taciti
653 2391 712 2442 circa
724 2403 765 2442 eos
780 2405 827 2443 ra-

40 2475 103 2517 runur
114 2473 137 2519 et
150 2465 293 2516 extrinseca
302 2468 363 2526 sunt,
375 2477 421 2513 non
434 2465 574 2514 constituunt
584 2468 682 2521 statum,
699 2464 753 2528 pulla
765 2465 826 2528 qrrbd

39 2535 100 2595 riori
111 2543 141 2591 sin
155 2540 228 2590 dives
245 2535 284 2585 vel
298 2547 395 2598 pauper,
410 2535 556 2598 indignitate
570 2536 707 2586 constitutus
720 2535 758 2584 vel
772 2536 826 2600 ple-

38 2601 98 2670 bom,
109 2613 142 2662 rel
156 2610 178 2662 si
198 2607 259 2672 quid
276 2606 337 2655 alind
349 2611 384 2656 est
396 2607 532 2671 brrjusmodi.
546 2607 609 2657 llnde
623 2610 647 2658 et
657 2606 681 2655 in
695 2607 748 2657 ture
762 2607 827 2656 cirili

38 2676 108 2740 diriter,
117 2683 178 2746 qnod
197 2697 213 2728 o
225 2681 250 2730 ei
260 2677 301 2742 qni
310 2679 322 2727 t
330 2683 410 2728 senatu
425 2682 544 2730 arnovetor
555 2679 627 2740 magis
640 2678 749 2741 dignitas,
758 2677 826 2740 onim

40 2756 95 2802 rarus
105 2755 208 2805 amemur
218 2753 268 2814 (t).
286 2765 300 2796 r>
314 2749 358 2800 Sed
370 2749 442 2800 sotim
456 2750 478 2802 io
488 2751 577 2801 ridetur
590 2750 618 2799 ad
630 2753 716 2800 matum
729 2749 827 2799 nominis

70 2902 91 2962 {ll
105 2909 137 2954 sie
149 2910 174 2954 in
186 2909 216 2954 li.
232 2905 298 2966 (troc
308 2911 344 2950 est
359 2902 490 2964 bipertit),
503 2905 547 2951 lib.
559 2907 595 2965 11,
607 2904 645 2950 tit.
660 2903 685 2962 t,
697 2901 737 2959 qui
746 2901 777 2945 de
789 2899 829 2945 Se·

42 2969 310 3027 sammonicum,
327 2967 373 3026 lep
386 2970 494 3018 candeo
