1917 3317
105 193 132 230 mr
146 191 338 232 mundarent
353 193 418 232 mres
433 191 530 232 tonsu
544 193 579 232 nn
595 192 758 235 mmmm.
803 185 831 234 tt

46 267 99 330 quim
108 270 195 332 actiae,
210 269 266 334 qnia
277 271 327 320 hec
341 269 366 320 in
382 283 425 320 usu
438 271 559 334 presentie
574 272 650 336 operis
662 273 762 338 laborat,
780 275 834 326 ain

44 354 78 401 qm
89 340 174 392 scihcet
187 355 286 392 necesse
295 345 331 392 est
343 341 452 405 proximis
463 344 598 407 subvenire3
608 344 647 394 ille
656 344 710 394 verb
722 361 737 393 e
749 359 831 410 sapore

42 411 110 462 intimo
124 416 245 464 uenturam
260 413 310 477 jam
321 411 424 476 requiem
438 415 578 478 degustata
592 415 679 466 scilicet
689 416 713 464 in
725 421 832 468 oontem-

40 484 128 546 piatione
136 485 185 535 liei.
200 487 372 536 Potesttamen
382 486 513 550 contingere
520 487 583 550 quhd
592 487 672 550 ahquia
686 487 710 536 in
725 489 832 552 operibns

40 557 88 605 rite
98 557 171 607 actirre
184 557 239 622 plne
258 559 373 608 mereatur
391 556 458 620 qulam
472 559 531 608 alins
546 559 570 608 iu
586 559 695 622 operibus
707 560 760 612 rite
775 573 835 611 con-

42 627 182 692 templatire3
198 629 257 692 path
276 627 297 678 si
311 631 405 692 propter
426 628 588 680 abundantiam
607 629 678 680 diuini
695 630 794 693 amoris,
809 636 836 683 ut

46 697 90 759 ejus
101 700 199 752 voluntas
211 701 343 765 impleatur,
355 704 449 764 propter
457 701 532 765 ipsius
546 701 648 765 gloriam,
657 702 770 753 interdum
783 718 836 756 sne

46 770 93 820 tinet
103 771 116 822 h
126 773 249 824 dulcedine
263 771 350 823 divinar
364 772 563 838 contemplationis
573 774 601 823 ad
618 779 709 838 tempus
719 776 834 838 separari,

40 842 92 891 sicut
101 845 224 908 ,Apostolus
240 843 345 904 dicebat,
365 843 401 893 ad
415 845 496 904 liom„
514 845 565 895 ix:
581 863 595 894 a
605 845 715 911 Optabam
730 859 773 908 ego
787 846 838 910 ipss

39 917 149 964 anathema
166 929 218 966 csse
231 914 347 965 iChristo
363 925 405 978 pro
418 915 525 965 iratribus
538 916 630 968 meis.»
646 918 708 977 Quod
716 930 835 980 exponens

37 986 207 1050 chrysostomus
221 988 247 1036 in
258 987 300 1036 lib.
317 988 335 1036 l.
349 987 387 1036 De
398 989 599 1051 companctione,
609 989 680 1040 dicit:
697 990 753 1039 «lta
765 992 837 1038 totam

37 1062 131 1108 mentem
149 1059 200 1124 ejus
215 1059 358 1109 demerserat
369 1070 431 1108 amor
447 1059 543 1123 Christi,
558 1064 584 1109 ut
599 1059 668 1111 etiam
681 1062 725 1110 hoc
742 1060 801 1123 quod
815 1059 838 1110 ei

36 1142 79 1190 pre
91 1131 176 1180 ceteris
189 1129 300 1180 omnihus
315 1129 435 1179 amabilius
446 1134 506 1193 erat,
522 1144 573 1182 esse
586 1145 637 1181 cum
651 1131 748 1192 Christo,
760 1144 837 1181 rursus

34 1201 205 1266 idipsum,quia
214 1201 249 1252 ita
263 1201 364 1266 placeret
374 1200 471 1263 Christo,
486 1205 647 1253 mntemneret.
658 1219 673 1248 a

67 1275 99 1323 hd
110 1274 209 1338 primum
220 1287 276 1336 ergo
288 1273 421 1336 dicendum,
437 1271 496 1336 quod
507 1274 570 1324 labor
579 1274 676 1324 exterior
690 1276 795 1337 operatur
808 1273 838 1323 ad

39 1349 181 1407 augmentum
196 1344 286 1408 praemii
305 1343 465 1407 accidentalis3
480 1345 521 1396 sed
535 1348 679 1406 augmentum
695 1343 772 1395 meriti
786 1357 838 1395 res·

39 1421 102 1478 pecta
120 1417 209 1480 praemii
225 1414 357 1466 essentialis
375 1416 478 1466 consistit
497 1415 652 1480 principaliter
665 1415 691 1465 in
710 1415 837 1478 charitate,

38 1489 101 1550 cujus
118 1489 231 1552 quoddam
251 1489 344 1552 signum
364 1491 399 1537 eet
419 1487 482 1538 labor
500 1487 599 1539 exterior
620 1488 728 1538 toleratas
746 1490 839 1551 propter

41 1560 162 1624 Chrismm3
172 1563 213 1614 sed
222 1560 296 1612 multh
312 1559 443 1622 expressiirs
456 1561 508 1624 ejus
523 1561 613 1622 siguum
623 1563 672 1623 est,
685 1559 745 1622 qubd
754 1559 836 1622 aliquis

40 1633 192 1694 pretermissis
212 1631 319 1683 omnibus
334 1643 384 1694 quc
403 1632 431 1681 ad
445 1633 505 1682 hanc
517 1631 587 1682 vitam
600 1631 728 1696 pertinent,
743 1631 785 1682 soli
799 1631 839 1681 di-

37 1705 95 1756 rinae
109 1703 300 1769 contemplationi
313 1716 394 1754 uacare
408 1703 540 1754 delectetur.
880 1691 892 1712 ⁹

64 1779 98 1828 Ad
118 1779 248 1828 secundum
268 1775 404 1836 dicendum,
424 1775 486 1839 quod
504 1776 529 1824 in
552 1779 612 1826 stetu
629 1774 744 1825 felicitatis
760 1775 841 1826 future

35 1852 103 1900 homo
118 1849 228 1915 pervenit
246 1849 276 1898 ad
291 1846 428 1912 perfeetum.
449 1849 478 1898 llt
497 1847 548 1898 ideo
566 1861 612 1899 non
631 1846 765 1911 relinquitur
780 1848 842 1899 locus

35 1923 166 1985 proficiendi
179 1935 221 1987 per
230 1919 354 1984 meritum;
369 1919 389 1969 si
400 1923 476 1970 tamen
493 1919 672 1983 relinqueretur,
687 1923 749 1969 esset
761 1920 839 1970 ethea-

36 1997 83 2044 rius
96 1995 209 2046 meritum
225 1996 321 2058 propter
340 1993 448 2057 majorem
464 1992 606 2042 charitatem.
620 1991 667 2041 Sed
682 1991 841 2056 contemplatio

36 2065 151 2128 presentis
164 2066 221 2116 rite
236 2076 291 2114 cum
299 2063 397 2126 quadam
406 2063 577 2126 imperfectione
589 2068 639 2124 est,
651 2066 674 2113 et
687 2063 760 2112 adhuc
772 2063 843 2114 babet

38 2153 78 2200 quo
89 2137 206 2202 proiciat.
222 2137 252 2186 Et
267 2134 320 2185 ideo
333 2147 379 2185 uon
393 2135 453 2186 tollit
468 2138 580 2186 rabonem
594 2133 709 2196 merendi,
723 2135 764 2185 sed
784 2149 840 2199 aug-

38 2216 134 2262 mentum
151 2207 234 2260 meriti
253 2206 310 2257 facit
319 2210 412 2271 propter
429 2208 502 2271 majus
521 2207 655 2258 exercitium
670 2207 786 2258 charitatis
802 2207 840 2257 di-

42 2296 101 2334 rma.

71 2357 97 2404 td
115 2354 218 2408 tertium
242 2351 380 2414 dicendum,
399 2350 458 2414 qubd
478 2350 612 2402 sacrificium
634 2350 779 2415 spiritualiter
796 2351 843 2401 beo

52 2424 132 2490 edatur,
147 2426 207 2478 cium
223 2422 314 2487 aliquid
332 2422 354 2470 ei
373 2423 499 2474 exhibetur.
519 2426 580 2474 luter
597 2423 674 2474 omnia
691 2426 767 2473 autem
783 2423 844 2474 bona

54 2493 143 2560 hunis,
158 2493 348 2577 beas2maxime
370 2498 472 2560 acceptat
487 2497 571 2546 bouum
589 2497 695 2545 humane
707 2494 803 2555 anime,
815 2498 843 2545 ut

53 2564 86 2613 hot
94 2569 130 2620 abi
143 2571 170 2622 in
185 2565 331 2620 sacrificinm
348 2565 462 2616 otieratur.
480 2567 568 2618 Offerre
582 2571 657 2617 autem
674 2567 741 2618 debet
760 2565 841 2630 aliquis

53 2635 101 2688 beo:
114 2642 187 2706 primo
205 2640 306 2704 quidem
320 2635 418 2687 animem
430 2651 510 2700 suam,
523 2636 648 2689 secundirm
663 2639 719 2688 illud
738 2637 839 2693 Erotem,

55 2707 100 2762 lix
113 2727 119 2762 :
133 2713 274 2765 alliserere
290 2707 374 2760 anima
385 2711 430 2760 tua
438 2747 445 2773 ,
454 2710 546 2773 placens
555 2711 637 2773 be03u
653 2708 753 2760 securrdh
765 2712 842 2758 autem

60 2873 91 2916 pn
99 2882 180 2916 mm
193 2867 254 2916 nisi
265 2866 360 2913 anunm
373 2869 394 2910 et
403 2865 463 2923 qnid
469 2877 516 2924 por
526 2877 625 2925 perenne
638 2867 690 2912 nim
700 2863 848 2921 comancio-

63 2928 100 2974 ἢκ
107 2935 153 2980 cita
169 2929 317 2992 siquam
