1917 3317
147 183 190 228 tot
244 191 351 230 sueonos
367 192 497 240 succinum,
513 193 604 238 onmem.
620 192 740 240 mannus,
757 193 809 230 snr.
827 194 843 228 r.

147 267 303 325 haereditatem
313 265 432 316 vendicant
443 267 508 330 quasi
517 267 644 331 propriam,
655 270 696 318 sed
708 271 773 332 quasi
784 267 884 320 Eeclesie

146 339 227 390 bitem.
242 338 305 388 Unde
316 337 399 388 ibidem
408 339 511 388 subditur
518 338 579 401 qudd
591 357 605 386 u
616 345 738 403 postquam
753 342 891 405 episcopuso
910 343 911 350 ’

146 415 214 461 uetur
227 411 254 460 ad
265 410 347 472 attare,
361 411 389 460 ad
402 411 461 474 quod
473 409 625 461 sanctificatur
638 414 662 460 et
672 411 808 474 intitulatur,

137 493 221 532 sacros
237 493 350 540 canones,
365 481 424 542 quod
438 479 553 544 nequiere
565 481 777 545 poteritrestituat.
790 483 906 533 »Tmtam

145 555 194 600 lum
208 555 283 600 eutem
297 552 358 602 nollo
368 553 435 603 modo
451 551 525 602 lacere
539 557 628 617 potest,
642 554 695 616 onia
707 554 757 604 sola
768 555 790 605 ei
804 553 881 618 disper
924 598 925 601 ,

85 676 89 684 ,
146 622 295 672 committitur
309 637 384 674 rerum
401 621 670 687 ecclesiasticarumque
680 629 754 675 morte
765 625 850 688 linitur,
860 637 885 674 er
897 643 911 665 r

144 693 226 757 incipit
239 697 398 744 testamentum
413 695 501 753 ualere,
515 700 542 744 ut
555 695 675 759 Apostolus
686 695 742 746 dicit
755 697 791 747 nd
803 696 885 753 Hedr„
895 695 911 741 l
926 727 927 734 κ

146 764 170 814 Si
185 769 260 816 temen
277 779 305 815 ex
320 767 465 817 concessione
477 768 543 830 Papae
555 771 716 818 testamentum
731 767 809 828 lacet.
823 759 930 831 nonintd7

145 837 222 900 ligitur
235 851 262 887 er
277 838 367 902 proprio
378 839 453 889 lacere
468 841 642 899 testamentum
656 839 695 888 sed
710 840 834 901 apostolica
846 832 931 888 auctori.

148 911 195 958 tate
209 907 344 972 inteligitur
358 921 409 960 esse
422 907 528 970 ampliata
541 912 641 973 potestas
654 921 702 958 sue
717 906 932 973 dispensationem,

137 978 198 1041 -ejns
211 980 353 1044 dispensatio
365 979 438 1044 possit
452 980 529 1030 ualere
542 983 593 1044 post
603 984 707 1030 mortem.

355 1325 522 1395 timonio
538 1325 729 1391 ttxxxvl.

178 1471 211 1514 De
231 1470 265 1513 r's'e
285 1470 314 1512 in
326 1467 413 1526 poitur
426 1469 558 1527 religionis
575 1472 652 1514 statos
670 1459 772 1525 proprie
792 1465 910 1512 comittit.

363 1542 393 1586 e'rr
406 1541 485 1586 decem
497 1541 616 1587 articulos
629 1540 717 1584 diotre.

177 1689 260 1740 Deinde
278 1689 466 1740 considerandum
480 1693 516 1740 cst
529 1690 558 1739 de
569 1690 606 1739 nis
618 1701 668 1751 orne
687 1687 804 1752 pertinent
817 1689 845 1740 ad
862 1687 930 1736 statum

146 1759 271 1823 religionis.
283 1760 345 1811 Circa
360 1762 420 1824 qood
434 1761 532 1811 occurrit
543 1759 683 1824 quadruplex
696 1759 851 1810 consideratio
866 1775 872 1808 z
887 1763 931 1818 qur

147 1847 197 1882 rum
205 1832 279 1895 prima
294 1835 329 1882 est
342 1834 370 1882 de
381 1833 418 1882 his
431 1833 455 1881 in
468 1831 550 1894 quibus
562 1831 720 1896 principaliter
732 1832 840 1882 consistit
851 1826 931 1905 religio·

144 1903 183 1953 nis
205 1907 294 1964 status3
310 1905 425 1966 secunda,
440 1905 467 1953 de
486 1903 523 1954 his
543 1918 595 1968 que
610 1903 722 1966 religiosis
741 1902 806 1954 licite
824 1905 932 1972 conreurrt

147 1978 258 2039 possunt3
273 1975 353 2038 tertia,
373 1976 401 2026 de
414 1974 560 2026 distinctione
578 1974 725 2038 religionnm3
741 1978 836 2038 quarta,
851 1974 879 2024 de
893 1967 932 2018 10¹¹·

140 2047 219 2108 igionis
233 2047 345 2109 ingressu.

177 2119 206 2167 Et
223 2117 282 2166 circa
298 2118 395 2181 primum
410 2123 540 2182 queruntur
556 2119 649 2167 decem:
662 2120 689 2166 1⁰
698 2116 776 2168 Utrdm
788 2117 933 2182 religiosorum

146 2191 218 2238 status
238 2188 267 2238 sil
288 2190 409 2252 perlectus.
430 2193 458 2238 2⁰
471 2188 552 2239 iltrirm
570 2189 670 2250 religiosi
683 2191 805 2238 teneantur
822 2190 853 2238 ad
868 2182 933 2238 omnit

144 2260 248 2310 consilia.
266 2265 293 2309 3⁰
307 2259 385 2310 Utrinm
398 2264 520 2324 paupertas
532 2259 660 2310 uoluntaria
673 2259 798 2322 requiratur
812 2260 843 2308 ad
856 2254 935 2318 religir

118 2367 122 2378 .
145 2343 208 2380 nem.
232 2334 258 2379 t‘·
271 2330 351 2380 Uirium
371 2331 497 2394 requiratur
516 2330 665 2380 continentia.
681 2334 707 2378 5⁰
722 2329 802 2379 Utrdm
819 2331 935 2394 requiram

144 2401 283 2452 obedientia.
299 2409 325 2451 60
345 2402 424 2452 Utrlrm
440 2403 569 2465 requiratur
585 2401 646 2466 qudd
659 2403 710 2452 inec
724 2402 806 2450 cadent
824 2403 868 2452 sub
882 2403 934 2450 roto-

146 2478 172 2522 7⁰
186 2474 217 2523 lie
229 2473 366 2523 sufficientia
378 2475 459 2524 trorum
473 2478 586 2524 votorum.
600 2479 626 2522 8⁰
640 2473 672 2522 lie
686 2471 854 2536 comparatione
867 2476 935 2522 eorum

145 2545 300 2595 adinvicem.
319 2549 346 2593 90
364 2543 442 2594 Uirium
461 2545 580 2608 religiosus
601 2557 690 2608 semper
708 2543 831 2593 mortaliter
849 2539 936 2615 peccel,

143 2618 235 2679 qnando
245 2616 409 2680 transgreditur
422 2619 532 2667 statutum
544 2630 591 2668 sne
602 2617 694 2680 regule.
703 2619 746 2665 1Θο
753 2613 832 2664 Utrlrm
841 2654 848 2677 ,
857 2617 936 2665 catam

143 2687 250 2751 paribus,
265 2689 289 2738 in
308 2689 386 2739 eodeni
400 2701 483 2752 genere
494 2687 581 2754 peccati
589 2689 642 2752 plns
655 2689 735 2752 peccet
748 2686 869 2750 religiosus
878 2682 936 2748 oraim

144 2759 271 2810 securioris.
