1917 3317
279 174 311 211 DE
327 174 395 213 ΙΟΒΟ
410 174 517 214 usionis.

287 358 449 411 numatius
466 360 503 411 111.

27 477 28 517 1
37 476 103 519 'trior
110 478 211 528 maraste
218 485 396 541 personalitate
405 496 450 541 per
456 486 614 543 intellectum,
625 491 715 533 omaro
724 490 799 545 possit

333 560 462 593 assumere.

49 667 81 714 al
94 666 166 720 tatium
180 672 211 722 sic
224 673 358 737 proceditur
371 673 417 737 (l).
432 675 527 725 Videtur
539 677 601 739 quod
613 677 725 727 abstracta
745 692 799 743 per·
864 731 867 744 ,

36 739 169 805 3313333133
177 742 334 803 intelectum,
345 750 426 795 natura
436 758 482 797 uon
492 748 566 811 possit
575 762 700 799 assumere.
709 749 800 801 Dictum

33 820 48 854 a
69 811 125 861 enin
138 815 190 877 quid
206 820 295 867 naturae
312 816 420 867 convenit
439 831 555 869 assumere
574 820 663 870 ratione
681 834 798 884 persone.

43 891 55 928 r
72 884 124 944 quod
137 888 237 938 convenit
250 889 320 939 alicui
331 889 418 939 ratione
432 891 543 955 alicujus,
554 896 643 942 remoto
656 904 684 943 eo
697 906 745 943 non
759 907 799 958 po-

36 966 51 999 u
69 953 88 1002 ei
103 958 228 1022 comeuire;
244 959 307 1009 siout
320 972 403 1023 corpus
417 961 478 1023 quod
497 966 533 1011 est
550 961 640 1012 visibile
654 963 743 1015 ratione
758 978 798 1015 co-

40 1024 71 1086 is,
92 1025 138 1077 sine
154 1030 228 1080 colore
243 1030 319 1081 sideri
333 1044 380 1081 nou
391 1035 474 1096 potest.
489 1033 549 1096 Ergo
561 1033 674 1083 abstracti
689 1048 799 1099 persona-

46 1106 64 1144 re
78 1111 113 1159 per
122 1098 275 1165 intellectum,
291 1106 374 1152 natura
387 1116 505 1154 assumere
516 1118 563 1154 non
574 1108 659 1167 potest.

40 1172 59 1214 t.
73 1169 189 1234 Preterea,
203 1173 332 1237 assumptio
345 1173 454 1237 importat
467 1177 591 1225 terminum
603 1176 704 1238 unionis,
714 1181 740 1225 ut
752 1177 799 1227 dic·

38 1252 49 1284 u
66 1246 106 1291 est.
122 1242 165 1295 Sed
178 1244 233 1295 unio
250 1258 298 1295 non
314 1249 391 1308 potest
410 1246 457 1297 fieri
472 1246 497 1295 in
511 1251 606 1310 natura,
623 1248 665 1298 set
683 1247 797 1298 solinneio

46 1324 100 1361 aaa.
110 1314 166 1379 Ergo
183 1315 298 1367 abstracta
310 1316 490 1380 personalitate,
505 1322 586 1368 natura
604 1318 683 1369 divim
694 1333 741 1370 non
755 1333 798 1384 po-

32 1396 46 1427 ·[
60 1398 175 1438 assumere.

37 1464 55 1501 a.
69 1459 181 1523 praterea,
197 1462 222 1511 in
237 1463 257 1511 l.
270 1464 331 1526 part
346 1461 432 1511 dictum
446 1465 484 1512 est
501 1464 557 1527 (qu.
570 1466 614 1526 ta,
626 1467 669 1514 art.
683 1463 723 1526 3),
737 1464 799 1526 quot

27 1566 28 1569 ,
45 1528 116 1580 lirinis
132 1532 251 1583 abstracti
264 1532 436 1596 personalitate,
447 1532 507 1583 nihil
519 1539 605 1585 manet.
617 1535 663 1585 Sed
676 1548 798 1586 mamers

33 1609 37 1619 ’
54 1600 136 1663 aliquit.
155 1606 218 1668 Ergo
237 1604 353 1655 abstracti
371 1605 548 1670 personalitate,
562 1619 610 1657 nou
627 1610 704 1671 potest
720 1606 797 1656 divina

34 1680 74 1720 *arra
88 1687 210 1729 asnmere·
235 1735 237 1740 ,

32 1746 67 1793 eol
77 1750 153 1798 contra
161 1751 213 1809 est,
223 1746 286 1811 quid
296 1744 322 1796 in
331 1745 414 1797 divinis
423 1746 571 1810 personalitas
580 1748 664 1799 dicitur
671 1749 798 1813 pmprietas

40 1818 130 1883 tlss'll'dlis;
142 1834 196 1884 quae
210 1818 297 1883 triplex
308 1823 357 1880 est,
369 1818 457 1869 scilicet
470 1819 611 1883 paternitas,
621 1821 699 1871 filiatio
712 1825 736 1872 et
744 1835 798 1886 pro·

28 1904 75 1952 ¹-u,
90 1898 114 1942 ut
127 1892 153 1942 in
166 1894 259 1957 l.part.
270 1890 402 1940 dictumest
413 1893 471 1954 (qu.
485 1896 524 1955 30,
535 1897 578 1943 art.
591 1894 632 1957 3).
645 1894 688 1944 Sed
699 1894 795 1945 remotis

52 1978 84 2023 rior
103 1964 266 2025 intellectum,
280 1964 357 2013 adhuc
376 1968 480 2014 remanet
500 1964 542 2013 uei
562 1964 742 2029 omnipotentia,
755 1979 798 2029 per

35 2050 57 2080 :r
69 2040 100 2084 est
114 2038 174 2087 facta
185 2034 317 2087 incarnatio
328 2073 334 2095 ,
344 2034 403 2083 sicut
414 2035 508 2097 augelus
520 2035 587 2095 dicit,
602 2037 670 2094 Luc„
683 2039 736 2087 lzs
746 2038 797 2087 Nou

51 2108 185 2169 „inpossibile
196 2108 261 2172 apud
273 2107 346 2156 Deum
356 2118 424 2156 omne
432 2106 538 2157 verbum.
548 2124 561 2154 o
570 2107 629 2170 Ergo
640 2108 729 2159 vitetur
736 2109 798 2171 quoa

45 2199 57 2222 ,ι
68 2179 151 2229 ferrrott
161 2178 339 2243 personalitate,
349 2180 429 2227 natura
439 2178 517 2228 divina
527 2180 599 2243 possit
612 2192 736 2231 assumere.

45 2264 174 2301 ¹trenusio.
186 2276 219 2288 -
231 2246 353 2300 abstracti
367 2262 407 2312 per
421 2248 560 2301 intellectum
579 2264 620 2301 suo
633 2252 700 2302 modo
718 2251 796 2301 divina

52 2324 214 2385 ‹sssenlentem
228 2320 411 2387 personalitate,
424 2325 501 2385 potest
512 2327 593 2374 natura
606 2322 682 2374 divina
696 2323 798 2386 intelligi

49 2408 150 2446 milliens.

35 2396 299 2528 spandeohicendum,
309 2463 371 2528 quod
383 2463 512 2515 intellectus
524 2466 645 2529 dupliciter
655 2480 679 2517 se
690 2468 760 2518 habet
770 2468 798 2517 ad

46 2551 66 2583 m
76 2556 81 2585 ;
92 2552 136 2589 uno
151 2538 230 2598 modo,
242 2541 271 2587 ut
280 2538 484 2598 cognoseatueum
497 2537 564 2587 sicuti
571 2540 623 2601 est·,
639 2542 662 2589 et
671 2539 705 2587 sie
713 2538 798 2603 impos-

44 2622 59 2653 ε
70 2610 169 2673 estquod
184 2607 390 2660 circumscribatur
402 2621 445 2671 per
456 2608 597 2659 intellectum
612 2609 721 2673 aliquidi
734 2612 796 2675 lieo,

47 2726 63 2779 l,
79 2728 104 2771 [e
116 2729 151 2774 his
165 2730 241 2775 etiarn
255 2726 281 2772 in
292 2728 335 2784 111,
351 2726 430 2776 Seot„
440 2726 495 2773 dist.
513 2724 542 2784 5,
556 2739 595 2783 qu.
611 2728 640 2787 3,
653 2734 697 2774 art.
709 2728 733 2774 3.
746 2731 792 2774 sub

27 2801 34 2823 r
42 2800 45 2825 l
54 2788 186 2849 ineruptione
197 2809 204 2837 ι
218 2790 310 2837 Uirium
320 2800 443 2835 warnere
455 2793 553 2835 nutura
560 2792 686 2836 conueniat
695 2792 793 2836 remotis

27 2854 138 2963 ptam
145 2870 193 2966 :pto
207 2849 330 2902 maeoti
339 2852 404 2898 omni
414 2853 579 2911 personalitate
588 2854 738 2911 intelligatur,
748 2852 792 2897 sed
