<?xml version="1.0" encoding="UTF-8"?>
<!DOCTYPE html PUBLIC "-//W3C//DTD XHTML 1.0 Transitional//EN"
    "http://www.w3.org/TR/xhtml1/DTD/xhtml1-transitional.dtd">
<html xmlns="http://www.w3.org/1999/xhtml" xml:lang="en" lang="en">
 <head>
  <title>
</title>
<meta http-equiv="Content-Type" content="text/html;charset=utf-8" />
  <meta name='ocr-system' content='tesseract 3.04.00' />
  <meta name='ocr-capabilities' content='ocr_page ocr_carea ocr_par ocr_line ocrx_word'/>
</head>
<body>
  <div class='ocr_page' id='page_1' title='image "./summatheologica02nicogoog_0076.png"; bbox 0 0 1917 3317; ppageno 0'>
   <div class='ocr_carea' id='block_1_1' title="bbox 102 207 800 260">
    <p class='ocr_par' dir='ltr' id='par_1_1' title="bbox 102 207 800 260">
     <span class='ocr_line' id='line_1_1' title="bbox 102 207 800 260; baseline 0.006 -6"><span class='ocrx_word' id='word_1_1' title='bbox 102 207 259 257; x_wconf 71' lang='lat' dir='ltr'>liminum.</span> <span class='ocrx_word' id='word_1_2' title='bbox 277 219 304 256; x_wconf 80' lang='lat' dir='ltr'>tit</span> <span class='ocrx_word' id='word_1_3' title='bbox 320 215 414 256; x_wconf 67' lang='lat' dir='ltr'>subiti!</span> <span class='ocrx_word' id='word_1_4' title='bbox 429 218 544 258; x_wconf 71' lang='lat' dir='ltr'>Pttmct.</span> <span class='ocrx_word' id='word_1_5' title='bbox 561 219 587 258; x_wconf 84' lang='lat' dir='ltr'>nu</span> <span class='ocrx_word' id='word_1_6' title='bbox 602 218 722 260; x_wconf 74' lang='lat' dir='ltr'>coum.</span> <span class='ocrx_word' id='word_1_7' title='bbox 768 211 800 258; x_wconf 63' lang='lat'>09</span> 
     </span>
    </p>
   </div>
   <div class='ocr_carea' id='block_1_2' title="bbox 289 389 505 454">
    <p class='ocr_par' dir='ltr' id='par_1_2' title="bbox 289 389 505 454">
     <span class='ocr_line' id='line_1_2' title="bbox 289 389 505 454; baseline 0.009 -2"><span class='ocrx_word' id='word_1_8' title='bbox 289 389 450 454; x_wconf 84' lang='lat' dir='ltr'>nnrrcnnus</span> <span class='ocrx_word' id='word_1_9' title='bbox 465 403 505 454; x_wconf 85' lang='lat' dir='ltr'>ur.</span> 
     </span>
    </p>
   </div>
   <div class='ocr_carea' id='block_1_3' title="bbox 45 516 799 588">
    <p class='ocr_par' dir='ltr' id='par_1_3' title="bbox 45 516 799 588">
     <span class='ocr_line' id='line_1_3' title="bbox 45 516 799 588; baseline 0.021 -26"><span class='ocrx_word' id='word_1_10' title='bbox 45 516 107 565; x_wconf 72' lang='lat' dir='ltr'>dodo</span> <span class='ocrx_word' id='word_1_11' title='bbox 117 535 183 572; x_wconf 76' lang='lat' dir='ltr'>omnes</span> <span class='ocrx_word' id='word_1_12' title='bbox 194 527 291 584; x_wconf 68' lang='grc' dir='ltr'><strong><em>ρνωῑαίἱ</em></strong></span> <span class='ocrx_word' id='word_1_13' title='bbox 307 526 459 572; x_wconf 75' lang='lat' dir='ltr'>ecclesiastici</span> <span class='ocrx_word' id='word_1_14' title='bbox 468 526 516 573; x_wconf 85' lang='lat' dir='ltr'>citrt</span> <span class='ocrx_word' id='word_1_15' title='bbox 527 528 555 573; x_wconf 79' lang='lat' dir='ltr'>io</span> <span class='ocrx_word' id='word_1_16' title='bbox 563 532 630 575; x_wconf 76' lang='lat' dir='ltr'>statio</span> <span class='ocrx_word' id='word_1_17' title='bbox 639 531 799 588; x_wconf 65' lang='lat' dir='ltr'>perfectiorum</span> 
     </span>
    </p>
   </div>
   <div class='ocr_carea' id='block_1_4' title="bbox 42 645 800 866">
    <p class='ocr_par' dir='ltr' id='par_1_4' title="bbox 42 645 800 866">
     <span class='ocr_line' id='line_1_4' title="bbox 54 645 799 722; baseline 0.017 -25"><span class='ocrx_word' id='word_1_18' title='bbox 54 713 56 722; x_wconf 37' lang='grc' dir='ltr'>Ι</span> <span class='ocrx_word' id='word_1_19' title='bbox 67 645 89 721; x_wconf 81' lang='lat' dir='ltr'>id</span> <span class='ocrx_word' id='word_1_20' title='bbox 96 653 162 704; x_wconf 81' lang='lat' dir='ltr'>amium</span> <span class='ocrx_word' id='word_1_21' title='bbox 173 655 204 705; x_wconf 87' lang='lat' dir='ltr'>sic</span> <span class='ocrx_word' id='word_1_22' title='bbox 213 653 355 722; x_wconf 77' lang='lat' dir='ltr'>proceditur.</span> <span class='ocrx_word' id='word_1_23' title='bbox 364 653 457 704; x_wconf 86' lang='lat' dir='ltr'>Videtur</span> <span class='ocrx_word' id='word_1_24' title='bbox 465 654 525 718; x_wconf 79' lang='lat' dir='ltr'>pudd</span> <span class='ocrx_word' id='word_1_25' title='bbox 535 668 616 707; x_wconf 83' lang='lat' dir='ltr'>omnes</span> <span class='ocrx_word' id='word_1_26' title='bbox 624 658 713 721; x_wconf 72' lang='lat' dir='ltr'>prelati</span> <span class='ocrx_word' id='word_1_27' title='bbox 724 662 799 711; x_wconf 86' lang='lat' dir='ltr'>eccle·</span> 
     </span>
     <span class='ocr_line' id='line_1_5' title="bbox 44 719 800 795; baseline 0.028 -36"><span class='ocrx_word' id='word_1_28' title='bbox 44 719 143 773; x_wconf 79' lang='lat' dir='ltr'>stastrcisint</span> <span class='ocrx_word' id='word_1_29' title='bbox 151 725 172 774; x_wconf 91' lang='lat' dir='ltr'>in</span> <span class='ocrx_word' id='word_1_30' title='bbox 181 731 243 776; x_wconf 89' lang='lat' dir='ltr'>statu</span> <span class='ocrx_word' id='word_1_31' title='bbox 256 725 413 789; x_wconf 75' lang='lat' dir='ltr'>perfectionis.</span> <span class='ocrx_word' id='word_1_32' title='bbox 424 727 486 776; x_wconf 81' lang='lat' dir='ltr'>Dicit</span> <span class='ocrx_word' id='word_1_33' title='bbox 495 727 555 777; x_wconf 90' lang='lat' dir='ltr'>enim</span> <span class='ocrx_word' id='word_1_34' title='bbox 563 727 713 794; x_wconf 75' lang='lat' dir='ltr'>Hieronymus</span> <span class='ocrx_word' id='word_1_35' title='bbox 722 745 800 795; x_wconf 79' lang='lat' dir='ltr'>cuper</span> 
     </span>
     <span class='ocr_line' id='line_1_6' title="bbox 42 784 800 866; baseline 0.029 -35"><span class='ocrx_word' id='word_1_36' title='bbox 42 784 146 849; x_wconf 78' lang='lat' dir='ltr'>lpobtolcm</span> <span class='ocrx_word' id='word_1_37' title='bbox 158 797 190 846; x_wconf 86' lang='lat' dir='ltr'>ad</span> <span class='ocrx_word' id='word_1_38' title='bbox 205 799 293 847; x_wconf 78' lang='lat' dir='ltr'>Titum</span> <span class='ocrx_word' id='word_1_39' title='bbox 305 813 314 847; x_wconf 94' lang='lat'><em>:</em></span> <span class='ocrx_word' id='word_1_40' title='bbox 328 797 409 847; x_wconf 82' lang='lat' dir='ltr'>nolim</span> <span class='ocrx_word' id='word_1_41' title='bbox 427 797 487 848; x_wconf 89' lang='lat' dir='ltr'>idem</span> <span class='ocrx_word' id='word_1_42' title='bbox 499 800 699 864; x_wconf 69' lang='lat' dir='ltr'>presbyterumet</span> <span class='ocrx_word' id='word_1_43' title='bbox 712 802 800 866; x_wconf 86' lang='lat' dir='ltr'>episcc-</span> 
     </span>
    </p>
   </div>
   <div class='ocr_carea' id='block_1_5' title="bbox 24 869 810 3013">
    <p class='ocr_par' dir='ltr' id='par_1_5' title="bbox 39 869 800 937">
     <span class='ocr_line' id='line_1_7' title="bbox 39 869 800 937; baseline 0.008 -20"><span class='ocrx_word' id='word_1_44' title='bbox 39 869 129 918; x_wconf 70' lang='lat' dir='ltr'>llitiet</span> <span class='ocrx_word' id='word_1_45' title='bbox 142 873 215 931; x_wconf 84' lang='lat' dir='ltr'>pmtea</span> <span class='ocrx_word' id='word_1_46' title='bbox 230 869 309 919; x_wconf 79' lang='lat' dir='ltr'><strong>subdit</strong></span> <span class='ocrx_word' id='word_1_47' title='bbox 326 885 361 919; x_wconf 86' lang='lat' dir='ltr'>:o</span> <span class='ocrx_word' id='word_1_48' title='bbox 380 869 442 920; x_wconf 83' lang='lat' dir='ltr'>Sicut</span> <span class='ocrx_word' id='word_1_49' title='bbox 459 883 513 932; x_wconf 81' lang='lat' dir='ltr'>ergo</span> <span class='ocrx_word' id='word_1_50' title='bbox 531 871 656 934; x_wconf 72' lang='lat' dir='ltr'>presbyteri</span> <span class='ocrx_word' id='word_1_51' title='bbox 672 872 747 922; x_wconf 84' lang='lat' dir='ltr'>sciunt</span> <span class='ocrx_word' id='word_1_52' title='bbox 760 887 800 937; x_wconf 62' lang='lat' dir='ltr'>ses</span> 
     </span>
    </p>

    <p class='ocr_par' dir='ltr' id='par_1_6' title="bbox 31 930 805 1342">
     <span class='ocr_line' id='line_1_8' title="bbox 37 930 802 1005; baseline 0.026 -29"><span class='ocrx_word' id='word_1_53' title='bbox 37 930 116 986; x_wconf 77' lang='lat' dir='ltr'>leciesie</span> <span class='ocrx_word' id='word_1_54' title='bbox 125 941 296 998; x_wconf 81' lang='lat' dir='ltr'>consuetudine,</span> <span class='ocrx_word' id='word_1_55' title='bbox 307 939 376 1003; x_wconf 74' lang='lat' dir='ltr'>eiam</span> <span class='ocrx_word' id='word_1_56' title='bbox 388 939 431 990; x_wconf 82' lang='lat' dir='ltr'>sibi</span> <span class='ocrx_word' id='word_1_57' title='bbox 439 942 577 1005; x_wconf 85' lang='lat' dir='ltr'>praepositus</span> <span class='ocrx_word' id='word_1_58' title='bbox 586 942 668 1004; x_wconf 86' lang='lat' dir='ltr'>inerit,</span> <span class='ocrx_word' id='word_1_59' title='bbox 681 956 731 994; x_wconf 85' lang='lat' dir='ltr'>esee</span> <span class='ocrx_word' id='word_1_60' title='bbox 745 947 802 996; x_wconf 84' lang='lat' dir='ltr'>snb·</span> 
     </span>
     <span class='ocr_line' id='line_1_9' title="bbox 33 1001 800 1079; baseline 0.025 -32"><span class='ocrx_word' id='word_1_61' title='bbox 33 1001 87 1066; x_wconf 85' lang='lat' dir='ltr'>ditos;</span> <span class='ocrx_word' id='word_1_62' title='bbox 103 1006 128 1058; x_wconf 89' lang='lat' dir='ltr'>ita</span> <span class='ocrx_word' id='word_1_63' title='bbox 147 1011 249 1076; x_wconf 83' lang='lat' dir='ltr'>Episcopi</span> <span class='ocrx_word' id='word_1_64' title='bbox 266 1012 373 1062; x_wconf 78' lang='lat' dir='ltr'><strong>noverint</strong></span> <span class='ocrx_word' id='word_1_65' title='bbox 395 1025 434 1073; x_wconf 83' lang='lat' dir='ltr'>se,</span> <span class='ocrx_word' id='word_1_66' title='bbox 452 1012 525 1073; x_wconf 72' lang='lat' dir='ltr'>magis</span> <span class='ocrx_word' id='word_1_67' title='bbox 544 1014 708 1065; x_wconf 88' lang='lat' dir='ltr'>consuetudine</span> <span class='ocrx_word' id='word_1_68' title='bbox 732 1017 800 1079; x_wconf 81' lang='lat' dir='ltr'>qndm</span> 
     </span>
     <span class='ocr_line' id='line_1_10' title="bbox 34 1075 801 1150; baseline 0.022 -29"><span class='ocrx_word' id='word_1_69' title='bbox 34 1075 156 1137; x_wconf 73' lang='lat' dir='ltr'>dispositionis</span> <span class='ocrx_word' id='word_1_70' title='bbox 168 1084 290 1134; x_wconf 81' lang='lat' dir='ltr'>dominicae</span> <span class='ocrx_word' id='word_1_71' title='bbox 303 1083 414 1145; x_wconf 82' lang='lat' dir='ltr'>recitate,</span> <span class='ocrx_word' id='word_1_72' title='bbox 428 1085 568 1150; x_wconf 71' lang='lat' dir='ltr'>presbyteris</span> <span class='ocrx_word' id='word_1_73' title='bbox 582 1098 634 1137; x_wconf 86' lang='lat' dir='ltr'>esce</span> <span class='ocrx_word' id='word_1_74' title='bbox 654 1087 763 1150; x_wconf 80' lang='lat' dir='ltr'>majores,</span> <span class='ocrx_word' id='word_1_75' title='bbox 776 1091 801 1138; x_wconf 90' lang='lat' dir='ltr'>et</span> 
     </span>
     <span class='ocr_line' id='line_1_11' title="bbox 34 1145 802 1221; baseline 0.023 -30"><span class='ocrx_word' id='word_1_76' title='bbox 34 1145 51 1192; x_wconf 90' lang='lat' dir='ltr'>in</span> <span class='ocrx_word' id='word_1_77' title='bbox 62 1154 154 1204; x_wconf 87' lang='lat' dir='ltr'>conmuni</span> <span class='ocrx_word' id='word_1_78' title='bbox 165 1157 247 1208; x_wconf 85' lang='lat' dir='ltr'>debere</span> <span class='ocrx_word' id='word_1_79' title='bbox 259 1155 385 1206; x_wconf 80' lang='lat' dir='ltr'>Ecclesium</span> <span class='ocrx_word' id='word_1_80' title='bbox 399 1169 485 1219; x_wconf 78' lang='lat' dir='ltr'>regere.</span> <span class='ocrx_word' id='word_1_81' title='bbox 501 1173 515 1203; x_wconf 85' lang='lat' dir='ltr'>n</span> <span class='ocrx_word' id='word_1_82' title='bbox 529 1156 573 1207; x_wconf 83' lang='lat' dir='ltr'>Sed</span> <span class='ocrx_word' id='word_1_83' title='bbox 589 1156 696 1221; x_wconf 80' lang='lat' dir='ltr'>Episcopi</span> <span class='ocrx_word' id='word_1_84' title='bbox 709 1162 764 1208; x_wconf 85' lang='lat' dir='ltr'>aaut</span> <span class='ocrx_word' id='word_1_85' title='bbox 777 1158 802 1210; x_wconf 88' lang='lat' dir='ltr'>in</span> 
     </span>
     <span class='ocr_line' id='line_1_12' title="bbox 31 1224 805 1292; baseline 0.01 -20"><span class='ocrx_word' id='word_1_86' title='bbox 31 1224 77 1268; x_wconf 79' lang='lat' dir='ltr'>stain</span> <span class='ocrx_word' id='word_1_87' title='bbox 91 1225 234 1286; x_wconf 79' lang='lat' dir='ltr'>perfectionis.</span> <span class='ocrx_word' id='word_1_88' title='bbox 251 1229 313 1292; x_wconf 81' lang='lat' dir='ltr'>Ergo</span> <span class='ocrx_word' id='word_1_89' title='bbox 330 1229 354 1276; x_wconf 87' lang='lat' dir='ltr'>ei</span> <span class='ocrx_word' id='word_1_90' title='bbox 376 1227 504 1292; x_wconf 75' lang='lat' dir='ltr'>presbyteri</span> <span class='ocrx_word' id='word_1_91' title='bbox 523 1229 633 1279; x_wconf 83' lang='lat' dir='ltr'>babentes</span> <span class='ocrx_word' id='word_1_92' title='bbox 653 1242 730 1279; x_wconf 85' lang='lat' dir='ltr'>cnrann</span> <span class='ocrx_word' id='word_1_93' title='bbox 750 1231 805 1280; x_wconf 88' lang='lat' dir='ltr'>ani-</span> 
     </span>
     <span class='ocr_line' id='line_1_13' title="bbox 32 1301 104 1342; baseline 0.139 -10"><span class='ocrx_word' id='word_1_94' title='bbox 32 1301 104 1342; x_wconf 80' lang='lat' dir='ltr'>iditum.</span> 
     </span>
    </p>

    <p class='ocr_par' dir='ltr' id='par_1_7' title="bbox 25 1364 807 1866">
     <span class='ocr_line' id='line_1_14' title="bbox 55 1364 800 1434; baseline 0.005 -16"><span class='ocrx_word' id='word_1_95' title='bbox 55 1364 72 1409; x_wconf 79' lang='lat' dir='ltr'>i.</span> <span class='ocrx_word' id='word_1_96' title='bbox 83 1365 191 1433; x_wconf 84' lang='lat' dir='ltr'>Ptaterea,</span> <span class='ocrx_word' id='word_1_97' title='bbox 203 1371 266 1422; x_wconf 88' lang='lat' dir='ltr'>sicut</span> <span class='ocrx_word' id='word_1_98' title='bbox 275 1369 378 1434; x_wconf 79' lang='lat' dir='ltr'>episcopi</span> <span class='ocrx_word' id='word_1_99' title='bbox 390 1369 515 1434; x_wconf 87' lang='lat' dir='ltr'>suscipiunt</span> <span class='ocrx_word' id='word_1_100' title='bbox 524 1383 601 1420; x_wconf 84' lang='lat' dir='ltr'>curam</span> <span class='ocrx_word' id='word_1_101' title='bbox 612 1370 738 1420; x_wconf 86' lang='lat' dir='ltr'>animarum</span> <span class='ocrx_word' id='word_1_102' title='bbox 748 1385 800 1422; x_wconf 86' lang='lat' dir='ltr'>cnm</span> 
     </span>
     <span class='ocr_line' id='line_1_15' title="bbox 32 1441 804 1506; baseline 0.019 -27"><span class='ocrx_word' id='word_1_103' title='bbox 32 1443 180 1502; x_wconf 79' lang='lat' dir='ltr'>consecratione,</span> <span class='ocrx_word' id='word_1_104' title='bbox 195 1443 229 1494; x_wconf 84' lang='lat' dir='ltr'>ita</span> <span class='ocrx_word' id='word_1_105' title='bbox 244 1442 316 1494; x_wconf 87' lang='lat' dir='ltr'>etiam</span> <span class='ocrx_word' id='word_1_106' title='bbox 329 1442 457 1506; x_wconf 73' lang='lat' dir='ltr'>presbyteri</span> <span class='ocrx_word' id='word_1_107' title='bbox 471 1441 547 1492; x_wconf 84' lang='lat' dir='ltr'>curati</span> <span class='ocrx_word' id='word_1_108' title='bbox 559 1447 583 1492; x_wconf 88' lang='lat' dir='ltr'>et</span> <span class='ocrx_word' id='word_1_109' title='bbox 593 1441 758 1503; x_wconf 77' lang='lat' dir='ltr'>archidiaconi,</span> <span class='ocrx_word' id='word_1_110' title='bbox 775 1444 804 1494; x_wconf 89' lang='lat' dir='ltr'>de</span> 
     </span>
     <span class='ocr_line' id='line_1_16' title="bbox 34 1504 802 1576; baseline 0.025 -30"><span class='ocrx_word' id='word_1_111' title='bbox 34 1504 93 1561; x_wconf 79' lang='lat' dir='ltr'>pibus</span> <span class='ocrx_word' id='word_1_112' title='bbox 102 1525 159 1576; x_wconf 86' lang='lat' dir='ltr'>snper</span> <span class='ocrx_word' id='word_1_113' title='bbox 168 1515 223 1566; x_wconf 86' lang='lat' dir='ltr'>iilud</span> <span class='ocrx_word' id='word_1_114' title='bbox 235 1518 302 1568; x_wconf 73' lang='lat' dir='ltr'>Act„</span> <span class='ocrx_word' id='word_1_115' title='bbox 312 1515 341 1564; x_wconf 82' lang='lat' dir='ltr'>tu</span> <span class='ocrx_word' id='word_1_116' title='bbox 353 1529 359 1564; x_wconf 77' lang='grc' dir='ltr'><strong>ε</strong></span> <span class='ocrx_word' id='word_1_117' title='bbox 374 1531 387 1563; x_wconf 86' lang='lat' dir='ltr'>n</span> <span class='ocrx_word' id='word_1_118' title='bbox 396 1513 556 1567; x_wconf 83' lang='lat' dir='ltr'>Considerate,</span> <span class='ocrx_word' id='word_1_119' title='bbox 567 1513 662 1574; x_wconf 84' lang='lat' dir='ltr'>iratres,</span> <span class='ocrx_word' id='word_1_120' title='bbox 675 1513 737 1564; x_wconf 80' lang='lat' dir='ltr'>viros</span> <span class='ocrx_word' id='word_1_121' title='bbox 746 1515 802 1565; x_wconf 92' lang='lat' dir='ltr'>boni</span> 
     </span>
     <span class='ocr_line' id='line_1_17' title="bbox 34 1577 805 1650; baseline 0.026 -33"><span class='ocrx_word' id='word_1_122' title='bbox 34 1577 128 1634; x_wconf 83' lang='lat' dir='ltr'>testimonii</span> <span class='ocrx_word' id='word_1_123' title='bbox 138 1591 241 1650; x_wconf 83' lang='lat' dir='ltr'>sepiem,</span> <span class='ocrx_word' id='word_1_124' title='bbox 255 1602 269 1633; x_wconf 86' lang='lat' dir='ltr'>o</span> <span class='ocrx_word' id='word_1_125' title='bbox 281 1589 326 1636; x_wconf 88' lang='lat' dir='ltr'>etc.</span> <span class='ocrx_word' id='word_1_126' title='bbox 339 1585 393 1636; x_wconf 88' lang='lat' dir='ltr'>dicit</span> <span class='ocrx_word' id='word_1_127' title='bbox 402 1585 479 1635; x_wconf 85' lang='lat' dir='ltr'>Glosca</span> <span class='ocrx_word' id='word_1_128' title='bbox 493 1602 500 1632; x_wconf 90' lang='lat'><strong>:</strong></span> <span class='ocrx_word' id='word_1_129' title='bbox 512 1583 574 1634; x_wconf 79' lang='lat' dir='ltr'>«liic</span> <span class='ocrx_word' id='word_1_130' title='bbox 582 1584 733 1634; x_wconf 80' lang='lat' dir='ltr'>decernebant</span> <span class='ocrx_word' id='word_1_131' title='bbox 745 1592 805 1650; x_wconf 77' lang='lat' dir='ltr'>Apo·</span> 
     </span>
     <span class='ocr_line' id='line_1_18' title="bbox 32 1647 807 1720; baseline 0.026 -32"><span class='ocrx_word' id='word_1_132' title='bbox 32 1647 70 1694; x_wconf 65' lang='lat' dir='ltr'>¹&lt;toli</span> <span class='ocrx_word' id='word_1_133' title='bbox 84 1664 115 1712; x_wconf 88' lang='lat' dir='ltr'>per</span> <span class='ocrx_word' id='word_1_134' title='bbox 123 1655 244 1708; x_wconf 83' lang='lat' dir='ltr'>Ecclesiam</span> <span class='ocrx_word' id='word_1_135' title='bbox 255 1655 363 1708; x_wconf 83' lang='lat' dir='ltr'>constitui</span> <span class='ocrx_word' id='word_1_136' title='bbox 377 1661 465 1719; x_wconf 85' lang='lat' dir='ltr'>septem</span> <span class='ocrx_word' id='word_1_137' title='bbox 473 1657 583 1707; x_wconf 83' lang='lat' dir='ltr'>diaconos</span> <span class='ocrx_word' id='word_1_138' title='bbox 597 1655 637 1720; x_wconf 89' lang='lat' dir='ltr'>qui</span> <span class='ocrx_word' id='word_1_139' title='bbox 649 1659 726 1706; x_wconf 83' lang='lat' dir='ltr'>essent</span> <span class='ocrx_word' id='word_1_140' title='bbox 734 1658 807 1708; x_wconf 85' lang='lat' dir='ltr'>subli-</span> 
     </span>
     <span class='ocr_line' id='line_1_19' title="bbox 28 1716 807 1794; baseline 0.024 -33"><span class='ocrx_word' id='word_1_141' title='bbox 28 1716 177 1791; x_wconf 78' lang='lat' dir='ltr'>rniorisgradns,</span> <span class='ocrx_word' id='word_1_142' title='bbox 191 1735 216 1780; x_wconf 89' lang='lat' dir='ltr'>et</span> <span class='ocrx_word' id='word_1_143' title='bbox 235 1729 304 1794; x_wconf 86' lang='lat' dir='ltr'>qnasi</span> <span class='ocrx_word' id='word_1_144' title='bbox 318 1729 443 1790; x_wconf 80' lang='lat' dir='ltr'>columnae,</span> <span class='ocrx_word' id='word_1_145' title='bbox 457 1728 554 1791; x_wconf 80' lang='lat' dir='ltr'>proximi</span> <span class='ocrx_word' id='word_1_146' title='bbox 565 1727 625 1777; x_wconf 84' lang='lat' dir='ltr'>circa</span> <span class='ocrx_word' id='word_1_147' title='bbox 636 1739 706 1777; x_wconf 86' lang='lat' dir='ltr'>aram.</span> <span class='ocrx_word' id='word_1_148' title='bbox 719 1744 734 1775; x_wconf 84' lang='lat' dir='ltr'>n</span> <span class='ocrx_word' id='word_1_149' title='bbox 747 1729 807 1794; x_wconf 81' lang='lat' dir='ltr'>Ergo</span> 
     </span>
     <span class='ocr_line' id='line_1_20' title="bbox 25 1791 653 1866; baseline 0.022 -31"><span class='ocrx_word' id='word_1_150' title='bbox 25 1791 93 1843; x_wconf 73' lang='lat' dir='ltr'>riictm</span> <span class='ocrx_word' id='word_1_151' title='bbox 104 1800 157 1860; x_wconf 80' lang='lat' dir='ltr'>qnid</span> <span class='ocrx_word' id='word_1_152' title='bbox 170 1802 217 1866; x_wconf 84' lang='lat' dir='ltr'>ipsi</span> <span class='ocrx_word' id='word_1_153' title='bbox 231 1803 305 1852; x_wconf 86' lang='lat' dir='ltr'>etiam</span> <span class='ocrx_word' id='word_1_154' title='bbox 322 1801 368 1851; x_wconf 82' lang='lat' dir='ltr'>sint</span> <span class='ocrx_word' id='word_1_155' title='bbox 384 1800 407 1850; x_wconf 91' lang='lat' dir='ltr'>in</span> <span class='ocrx_word' id='word_1_156' title='bbox 423 1803 484 1850; x_wconf 79' lang='lat' dir='ltr'>statu</span> <span class='ocrx_word' id='word_1_157' title='bbox 499 1799 653 1864; x_wconf 76' lang='lat' dir='ltr'>perfectionis.</span> 
     </span>
    </p>

    <p class='ocr_par' dir='ltr' id='par_1_8' title="bbox 24 1867 808 2221">
     <span class='ocr_line' id='line_1_21' title="bbox 50 1867 806 1936; baseline 0.005 -17"><span class='ocrx_word' id='word_1_158' title='bbox 50 1867 67 1910; x_wconf 82' lang='lat' dir='ltr'>i·</span> <span class='ocrx_word' id='word_1_159' title='bbox 81 1869 201 1934; x_wconf 73' lang='lat' dir='ltr'>umores,</span> <span class='ocrx_word' id='word_1_160' title='bbox 216 1873 280 1924; x_wconf 89' lang='lat' dir='ltr'>sicut</span> <span class='ocrx_word' id='word_1_161' title='bbox 293 1871 395 1936; x_wconf 88' lang='lat' dir='ltr'>episcopi</span> <span class='ocrx_word' id='word_1_162' title='bbox 407 1871 534 1936; x_wconf 74' lang='lat' dir='ltr'>obligantur</span> <span class='ocrx_word' id='word_1_163' title='bbox 545 1873 573 1922; x_wconf 86' lang='lat' dir='ltr'>ad</span> <span class='ocrx_word' id='word_1_164' title='bbox 586 1873 631 1922; x_wconf 88' lang='lat' dir='ltr'>boc</span> <span class='ocrx_word' id='word_1_165' title='bbox 639 1869 699 1935; x_wconf 80' lang='lat' dir='ltr'>qnid</span> <span class='ocrx_word' id='word_1_166' title='bbox 708 1871 806 1922; x_wconf 84' lang='lat' dir='ltr'>animam</span> 
     </span>
     <span class='ocr_line' id='line_1_22' title="bbox 24 1943 808 2010; baseline 0.008 -21"><span class='ocrx_word' id='word_1_167' title='bbox 24 1947 72 1985; x_wconf 56' lang='lat' dir='ltr'>itin</span> <span class='ocrx_word' id='word_1_168' title='bbox 80 1949 155 2002; x_wconf 89' lang='lat' dir='ltr'>ponant</span> <span class='ocrx_word' id='word_1_169' title='bbox 164 1959 205 2010; x_wconf 91' lang='lat' dir='ltr'>pro</span> <span class='ocrx_word' id='word_1_170' title='bbox 219 1945 305 1996; x_wconf 82' lang='lat' dir='ltr'>ovibus</span> <span class='ocrx_word' id='word_1_171' title='bbox 316 1943 376 2005; x_wconf 88' lang='lat' dir='ltr'>suis,</span> <span class='ocrx_word' id='word_1_172' title='bbox 387 1943 418 1994; x_wconf 90' lang='lat' dir='ltr'>ita</span> <span class='ocrx_word' id='word_1_173' title='bbox 430 1947 453 1994; x_wconf 90' lang='lat' dir='ltr'>et</span> <span class='ocrx_word' id='word_1_174' title='bbox 467 1943 595 2008; x_wconf 69' lang='lat' dir='ltr'>presbyteri</span> <span class='ocrx_word' id='word_1_175' title='bbox 609 1943 682 1992; x_wconf 86' lang='lat' dir='ltr'>curati</span> <span class='ocrx_word' id='word_1_176' title='bbox 694 1948 719 1992; x_wconf 91' lang='lat' dir='ltr'>ct</span> <span class='ocrx_word' id='word_1_177' title='bbox 734 1944 808 1994; x_wconf 86' lang='lat' dir='ltr'>arcbi-</span> 
     </span>
     <span class='ocr_line' id='line_1_23' title="bbox 27 2006 807 2081; baseline 0.023 -33"><span class='ocrx_word' id='word_1_178' title='bbox 27 2006 100 2062; x_wconf 65' lang='lat' dir='ltr'>&gt;laconi.</span> <span class='ocrx_word' id='word_1_179' title='bbox 113 2015 153 2066; x_wconf 86' lang='lat' dir='ltr'>Sed</span> <span class='ocrx_word' id='word_1_180' title='bbox 168 2019 212 2067; x_wconf 89' lang='lat' dir='ltr'>boc</span> <span class='ocrx_word' id='word_1_181' title='bbox 226 2015 330 2081; x_wconf 87' lang='lat' dir='ltr'>pertinet</span> <span class='ocrx_word' id='word_1_182' title='bbox 344 2015 373 2064; x_wconf 86' lang='lat' dir='ltr'>acl</span> <span class='ocrx_word' id='word_1_183' title='bbox 383 2014 545 2078; x_wconf 74' lang='lat' dir='ltr'>perfectionem</span> <span class='ocrx_word' id='word_1_184' title='bbox 558 2014 690 2075; x_wconf 83' lang='lat' dir='ltr'>charitatis,</span> <span class='ocrx_word' id='word_1_185' title='bbox 700 2017 727 2063; x_wconf 90' lang='lat' dir='ltr'>nt</span> <span class='ocrx_word' id='word_1_186' title='bbox 738 2028 807 2080; x_wconf 83' lang='lat' dir='ltr'>supra</span> 
     </span>
     <span class='ocr_line' id='line_1_24' title="bbox 26 2079 807 2151; baseline 0.018 -29"><span class='ocrx_word' id='word_1_187' title='bbox 26 2079 88 2130; x_wconf 76' lang='lat' dir='ltr'>murm</span> <span class='ocrx_word' id='word_1_188' title='bbox 100 2090 131 2134; x_wconf 86' lang='lat' dir='ltr'>est</span> <span class='ocrx_word' id='word_1_189' title='bbox 143 2087 151 2151; x_wconf 89' lang='lat'><strong>(</strong></span> <span class='ocrx_word' id='word_1_190' title='bbox 162 2093 205 2137; x_wconf 88' lang='lat' dir='ltr'>art.</span> <span class='ocrx_word' id='word_1_191' title='bbox 224 2087 271 2150; x_wconf 68' lang='lat' dir='ltr'>a).</span> <span class='ocrx_word' id='word_1_192' title='bbox 289 2087 349 2148; x_wconf 80' lang='lat' dir='ltr'>Ergo</span> <span class='ocrx_word' id='word_1_193' title='bbox 362 2085 450 2136; x_wconf 85' lang='lat' dir='ltr'>videtur</span> <span class='ocrx_word' id='word_1_194' title='bbox 464 2085 524 2148; x_wconf 83' lang='lat' dir='ltr'>qnbd</span> <span class='ocrx_word' id='word_1_195' title='bbox 538 2086 607 2136; x_wconf 89' lang='lat' dir='ltr'>etiarn</span> <span class='ocrx_word' id='word_1_196' title='bbox 624 2086 755 2149; x_wconf 71' lang='lat' dir='ltr'>presbyteri</span> <span class='ocrx_word' id='word_1_197' title='bbox 767 2101 807 2136; x_wconf 90' lang='lat' dir='ltr'>cn-</span> 
     </span>
     <span class='ocr_line' id='line_1_25' title="bbox 25 2152 591 2221; baseline 0.019 -26"><span class='ocrx_word' id='word_1_198' title='bbox 25 2152 54 2197; x_wconf 69' lang='lat' dir='ltr'>uti</span> <span class='ocrx_word' id='word_1_199' title='bbox 65 2162 83 2202; x_wconf 80' lang='lat' dir='ltr'>et</span> <span class='ocrx_word' id='word_1_200' title='bbox 94 2159 245 2210; x_wconf 83' lang='lat' dir='ltr'>archidiaconi</span> <span class='ocrx_word' id='word_1_201' title='bbox 259 2159 307 2210; x_wconf 87' lang='lat' dir='ltr'>sint</span> <span class='ocrx_word' id='word_1_202' title='bbox 323 2159 348 2208; x_wconf 93' lang='lat' dir='ltr'>in</span> <span class='ocrx_word' id='word_1_203' title='bbox 364 2160 423 2208; x_wconf 90' lang='lat' dir='ltr'>statu</span> <span class='ocrx_word' id='word_1_204' title='bbox 433 2157 591 2221; x_wconf 77' lang='lat' dir='ltr'>perfectionis.</span> 
     </span>
    </p>

    <p class='ocr_par' dir='ltr' id='par_1_9' title="bbox 34 2222 807 2365">
     <span class='ocr_line' id='line_1_26' title="bbox 48 2222 804 2294; baseline 0.001 -17"><span class='ocrx_word' id='word_1_205' title='bbox 48 2222 80 2271; x_wconf 64' lang='lat' dir='ltr'>iti</span> <span class='ocrx_word' id='word_1_206' title='bbox 89 2231 289 2294; x_wconf 83' lang='lat' dir='ltr'>cuntraest‚c1n0d</span> <span class='ocrx_word' id='word_1_207' title='bbox 305 2227 431 2292; x_wconf 76' lang='lat' dir='ltr'>Dionysius</span> <span class='ocrx_word' id='word_1_208' title='bbox 439 2228 494 2278; x_wconf 89' lang='lat' dir='ltr'>dicit</span> <span class='ocrx_word' id='word_1_209' title='bbox 501 2228 526 2278; x_wconf 92' lang='lat' dir='ltr'>in</span> <span class='ocrx_word' id='word_1_210' title='bbox 540 2228 620 2291; x_wconf 82' lang='lat' dir='ltr'>quinto</span> <span class='ocrx_word' id='word_1_211' title='bbox 627 2228 701 2292; x_wconf 89' lang='lat' dir='ltr'>capite</span> <span class='ocrx_word' id='word_1_212' title='bbox 713 2228 804 2279; x_wconf 74' lang='lat' dir='ltr'>Erotes.</span> 
     </span>
     <span class='ocr_line' id='line_1_27' title="bbox 34 2289 807 2365; baseline 0.014 -26"><span class='ocrx_word' id='word_1_213' title='bbox 34 2289 124 2352; x_wconf 59' lang='lat' dir='ltr'>&#39;contricio</span> <span class='ocrx_word' id='word_1_214' title='bbox 142 2317 152 2351; x_wconf 89' lang='grc'>,·</span> <span class='ocrx_word' id='word_1_215' title='bbox 163 2301 327 2353; x_wconf 78' lang='lat' dir='ltr'>«Pontificum</span> <span class='ocrx_word' id='word_1_216' title='bbox 339 2300 430 2364; x_wconf 87' lang='lat' dir='ltr'>quidem</span> <span class='ocrx_word' id='word_1_217' title='bbox 444 2301 498 2351; x_wconf 90' lang='lat' dir='ltr'>ordo</span> <span class='ocrx_word' id='word_1_218' title='bbox 512 2301 705 2350; x_wconf 79' lang='lat' dir='ltr'>consummativas</span> <span class='ocrx_word' id='word_1_219' title='bbox 719 2303 741 2352; x_wconf 90' lang='lat' dir='ltr'>et</span> <span class='ocrx_word' id='word_1_220' title='bbox 755 2315 807 2365; x_wconf 91' lang='lat' dir='ltr'>per·</span> 
     </span>
    </p>

    <p class='ocr_par' dir='ltr' id='par_1_10' title="bbox 38 2365 808 2582">
     <span class='ocr_line' id='line_1_28' title="bbox 40 2365 808 2434; baseline 0.008 -17"><span class='ocrx_word' id='word_1_221' title='bbox 40 2365 111 2434; x_wconf 60' lang='lat' dir='ltr'>*fi-buu</span> <span class='ocrx_word' id='word_1_222' title='bbox 124 2373 273 2425; x_wconf 83' lang='lat' dir='ltr'>Sacerdotum</span> <span class='ocrx_word' id='word_1_223' title='bbox 290 2375 366 2422; x_wconf 90' lang='lat' dir='ltr'>uutem</span> <span class='ocrx_word' id='word_1_224' title='bbox 380 2371 545 2422; x_wconf 79' lang='lat' dir='ltr'>illuminativus</span> <span class='ocrx_word' id='word_1_225' title='bbox 563 2376 587 2422; x_wconf 92' lang='lat' dir='ltr'>et</span> <span class='ocrx_word' id='word_1_226' title='bbox 597 2372 749 2434; x_wconf 87' lang='lat' dir='ltr'>lucidatirns;</span> <span class='ocrx_word' id='word_1_227' title='bbox 763 2372 808 2422; x_wconf 86' lang='lat' dir='ltr'>tti-</span> 
     </span>
     <span class='ocr_line' id='line_1_29' title="bbox 38 2437 808 2509; baseline 0.03 -37"><span class='ocrx_word' id='word_1_228' title='bbox 38 2437 140 2492; x_wconf 76' lang='lat' dir='ltr'>ndrantinm</span> <span class='ocrx_word' id='word_1_229' title='bbox 151 2459 207 2496; x_wconf 81' lang='lat' dir='ltr'>nero</span> <span class='ocrx_word' id='word_1_230' title='bbox 217 2443 354 2509; x_wconf 73' lang='lat' dir='ltr'>purgativus</span> <span class='ocrx_word' id='word_1_231' title='bbox 364 2448 387 2494; x_wconf 90' lang='lat' dir='ltr'>et</span> <span class='ocrx_word' id='word_1_232' title='bbox 398 2443 540 2494; x_wconf 72' lang='lat' dir='ltr'>discretivus</span> <span class='ocrx_word' id='word_1_233' title='bbox 550 2459 565 2492; x_wconf 86' lang='lat' dir='ltr'>u</span> <span class='ocrx_word' id='word_1_234' title='bbox 574 2444 608 2494; x_wconf 83' lang='lat' dir='ltr'>Ex</span> <span class='ocrx_word' id='word_1_235' title='bbox 616 2457 662 2508; x_wconf 86' lang='lat' dir='ltr'>que</span> <span class='ocrx_word' id='word_1_236' title='bbox 672 2447 738 2508; x_wconf 85' lang='lat' dir='ltr'>patet</span> <span class='ocrx_word' id='word_1_237' title='bbox 748 2443 808 2507; x_wconf 81' lang='lat' dir='ltr'>qnod</span> 
     </span>
     <span class='ocr_line' id='line_1_30' title="bbox 38 2505 465 2582; baseline 0.016 -23"><span class='ocrx_word' id='word_1_238' title='bbox 38 2505 110 2562; x_wconf 72' lang='lat' dir='ltr'>(eiecto</span> <span class='ocrx_word' id='word_1_239' title='bbox 123 2518 178 2569; x_wconf 88' lang='lat' dir='ltr'>solis</span> <span class='ocrx_word' id='word_1_240' title='bbox 192 2516 314 2582; x_wconf 86' lang='lat' dir='ltr'>episcopia</span> <span class='ocrx_word' id='word_1_241' title='bbox 327 2515 465 2566; x_wconf 85' lang='lat' dir='ltr'>attribuitur.</span> 
     </span>
    </p>

    <p class='ocr_par' dir='ltr' id='par_1_11' title="bbox 39 2576 810 2722">
     <span class='ocr_line' id='line_1_31' title="bbox 58 2576 810 2651; baseline 0.012 -24"><span class='ocrx_word' id='word_1_242' title='bbox 58 2576 194 2641; x_wconf 78' lang='lat' dir='ltr'>‘torccnsrm</span> <span class='ocrx_word' id='word_1_243' title='bbox 208 2616 242 2629; x_wconf 88' lang='lat'>-</span> <span class='ocrx_word' id='word_1_244' title='bbox 258 2590 310 2638; x_wconf 88' lang='lat' dir='ltr'>Non</span> <span class='ocrx_word' id='word_1_245' title='bbox 329 2600 409 2638; x_wconf 82' lang='lat' dir='ltr'>umnec</span> <span class='ocrx_word' id='word_1_246' title='bbox 424 2586 526 2651; x_wconf 81' lang='lat' dir='ltr'>prelati,</span> <span class='ocrx_word' id='word_1_247' title='bbox 545 2588 584 2638; x_wconf 85' lang='lat' dir='ltr'>scd</span> <span class='ocrx_word' id='word_1_248' title='bbox 603 2587 646 2638; x_wconf 84' lang='lat' dir='ltr'>soli</span> <span class='ocrx_word' id='word_1_249' title='bbox 662 2586 765 2651; x_wconf 88' lang='lat' dir='ltr'>episcopi</span> <span class='ocrx_word' id='word_1_250' title='bbox 786 2588 810 2636; x_wconf 89' lang='lat' dir='ltr'>in</span> 
     </span>
     <span class='ocr_line' id='line_1_32' title="bbox 39 2649 323 2722; baseline 0.074 -33"><span class='ocrx_word' id='word_1_251' title='bbox 39 2649 77 2695; x_wconf 79' lang='lat' dir='ltr'>-trtn</span> <span class='ocrx_word' id='word_1_252' title='bbox 88 2659 225 2716; x_wconf 88' lang='lat' dir='ltr'>periecticnis</span> <span class='ocrx_word' id='word_1_253' title='bbox 240 2663 303 2711; x_wconf 87' lang='lat' dir='ltr'>sunt.</span> <span class='ocrx_word' id='word_1_254' title='bbox 314 2661 323 2722; x_wconf 92' lang='grc'><strong>)</strong></span> 
     </span>
    </p>

    <p class='ocr_par' dir='ltr' id='par_1_12' title="bbox 34 2720 810 3013">
     <span class='ocr_line' id='line_1_33' title="bbox 56 2720 810 2796; baseline 0.012 -24"><span class='ocrx_word' id='word_1_255' title='bbox 56 2720 164 2787; x_wconf 64' lang='lat' dir='ltr'>leporem</span> <span class='ocrx_word' id='word_1_256' title='bbox 173 2733 315 2794; x_wconf 65' lang='lat' dir='ltr'>dicendum,</span> <span class='ocrx_word' id='word_1_257' title='bbox 325 2729 385 2794; x_wconf 84' lang='lat' dir='ltr'>qudd</span> <span class='ocrx_word' id='word_1_258' title='bbox 398 2729 422 2779; x_wconf 91' lang='lat' dir='ltr'>in</span> <span class='ocrx_word' id='word_1_259' title='bbox 434 2730 573 2796; x_wconf 76' lang='lat' dir='ltr'>presbyteria</span> <span class='ocrx_word' id='word_1_260' title='bbox 583 2733 608 2781; x_wconf 91' lang='lat' dir='ltr'>et</span> <span class='ocrx_word' id='word_1_261' title='bbox 617 2731 643 2780; x_wconf 90' lang='lat' dir='ltr'>in</span> <span class='ocrx_word' id='word_1_262' title='bbox 656 2728 759 2781; x_wconf 79' lang='lat' dir='ltr'>dbconis</span> <span class='ocrx_word' id='word_1_263' title='bbox 770 2743 810 2780; x_wconf 87' lang='lat' dir='ltr'>cn-</span> 
     </span>
     <span class='ocr_line' id='line_1_34' title="bbox 37 2797 809 2867; baseline 0.027 -37"><span class='ocrx_word' id='word_1_264' title='bbox 37 2797 198 2856; x_wconf 36' lang='lat' dir='ltr'>:ritciubcntibus</span> <span class='ocrx_word' id='word_1_265' title='bbox 218 2805 365 2865; x_wconf 86' lang='lat' dir='ltr'>animarum,</span> <span class='ocrx_word' id='word_1_266' title='bbox 381 2802 427 2852; x_wconf 92' lang='lat' dir='ltr'>duo</span> <span class='ocrx_word' id='word_1_267' title='bbox 446 2806 543 2867; x_wconf 81' lang='lat' dir='ltr'>poscunt</span> <span class='ocrx_word' id='word_1_268' title='bbox 559 2801 709 2864; x_wconf 86' lang='lat' dir='ltr'>considerari,</span> <span class='ocrx_word' id='word_1_269' title='bbox 720 2801 809 2852; x_wconf 89' lang='lat' dir='ltr'>scilicet</span> 
     </span>
     <span class='ocr_line' id='line_1_35' title="bbox 37 2860 807 2938; baseline 0 -16"><span class='ocrx_word' id='word_1_270' title='bbox 37 2860 74 2933; x_wconf 57' lang='lat' dir='ltr'>liii</span> <span class='ocrx_word' id='word_1_271' title='bbox 81 2871 158 2924; x_wconf 82' lang='lat' dir='ltr'>tituta.</span> <span class='ocrx_word' id='word_1_272' title='bbox 170 2877 237 2930; x_wconf 86' lang='lat' dir='ltr'>Ordo</span> <span class='ocrx_word' id='word_1_273' title='bbox 252 2880 330 2926; x_wconf 83' lang='lat' dir='ltr'>autern</span> <span class='ocrx_word' id='word_1_274' title='bbox 340 2875 389 2938; x_wconf 85' lang='lat' dir='ltr'>ipse</span> <span class='ocrx_word' id='word_1_275' title='bbox 399 2875 516 2926; x_wconf 85' lang='lat' dir='ltr'>ordinatur</span> <span class='ocrx_word' id='word_1_276' title='bbox 526 2874 681 2937; x_wconf 83' lang='lat' dir='ltr'>adqnemdam</span> <span class='ocrx_word' id='word_1_277' title='bbox 691 2877 767 2922; x_wconf 84' lang='lat' dir='ltr'>actum</span> <span class='ocrx_word' id='word_1_278' title='bbox 780 2873 807 2922; x_wconf 93' lang='lat' dir='ltr'>in</span> 
     </span>
     <span class='ocr_line' id='line_1_36' title="bbox 34 2929 807 3013; baseline 0.017 -22"><span class='ocrx_word' id='word_1_279' title='bbox 34 2929 186 3012; x_wconf 54' lang='lat' dir='ltr'>lurionem</span> <span class='ocrx_word' id='word_1_280' title='bbox 201 2949 267 3003; x_wconf 82' lang='lat' dir='ltr'>unde</span> <span class='ocrx_word' id='word_1_281' title='bbox 277 2947 347 3013; x_wconf 81' lang='lat' dir='ltr'>supri</span> <span class='ocrx_word' id='word_1_282' title='bbox 356 2947 485 3000; x_wconf 78' lang='lat' dir='ltr'>ubunost</span> <span class='ocrx_word' id='word_1_283' title='bbox 498 2948 555 3012; x_wconf 76' lang='lat' dir='ltr'>(qu.</span> <span class='ocrx_word' id='word_1_284' title='bbox 567 2950 623 3010; x_wconf 77' lang='lat' dir='ltr'>teu,</span> <span class='ocrx_word' id='word_1_285' title='bbox 635 2949 679 2997; x_wconf 81' lang='lat' dir='ltr'>art.</span> <span class='ocrx_word' id='word_1_286' title='bbox 688 2948 712 3008; x_wconf 75' lang='lat' dir='ltr'>i,</span> <span class='ocrx_word' id='word_1_287' title='bbox 724 2943 754 2994; x_wconf 59' lang='lat' dir='ltr'>ui</span> <span class='ocrx_word' id='word_1_288' title='bbox 766 2943 807 3006; x_wconf 62' lang='lat' dir='ltr'>i),</span> 
     </span>
    </p>
   </div>
   <div class='ocr_carea' id='block_1_6' title="bbox 0 0 976 3317">
    <p class='ocr_par' dir='ltr' id='par_1_13' title="bbox 0 0 976 3317">
     <span class='ocr_line' id='line_1_37' title="bbox 0 0 976 3317; baseline 0 0"><span class='ocrx_word' id='word_1_289' title='bbox 0 0 976 3317; x_wconf 95' lang='lat' dir='ltr'> </span> 
     </span>
    </p>
   </div>
  </div>
 </body>
</html>
