1917 3317
119 174 150 211 nn
165 173 232 211 loon
246 174 278 211 ar
293 174 381 212 morus
395 174 567 213 conmemorans
584 174 687 213 cnnssrr.
742 177 744 183 ·
759 166 804 214 tit

48 247 107 305 inpia.
121 245 167 295 Sed
184 244 207 293 in
223 244 322 295 termino
340 245 496 309 conceptionis
517 245 597 296 dicitur
616 246 666 311 jam
683 251 804 311 concepta.

47 329 70 373 fro
80 316 138 377 prius
152 317 195 365 init
205 320 316 379 concepta
326 319 352 366 ct
361 316 506 379 postmodium
523 322 646 381 assumpta.

47 390 67 434 3.
79 389 204 448 Praetcreo,
215 387 242 437 in
259 388 323 437 omni
333 392 442 450 generato
456 389 520 452 prius
533 392 635 453 tempore
654 393 690 440 est
704 390 727 441 id
746 390 807 453 quod

48 460 226 521 imperfectum,
241 472 270 510 ec
282 461 342 521 qnod
356 464 393 509 est
404 461 546 523 perfectum,
557 465 585 509 ut
597 466 659 525 patet
676 476 716 526 per
730 462 807 512 Philo·

52 531 103 579 hum
115 531 138 580 in
148 532 189 579 ih.
204 530 345 594 metaphys.
361 530 407 581 Sed
420 544 504 595 corpus
516 534 599 584 Christi
613 534 751 595 estquidam
765 546 807 597 ga·

48 606 114 651 rutum.
137 603 199 664 Ergo
222 603 251 651 ad
269 603 371 651 uttirnarn
389 604 639 666 perfectionemque
663 605 767 655 consistit
783 605 808 657 in

55 686 90 721 oue
100 674 238 723 adverbum
252 672 308 737 Dei,
325 687 372 724 oon
383 676 461 723 statim
473 674 499 724 in
513 676 587 739 primu
601 675 695 725 instanti
710 689 808 741 concep·

48 744 75 791 uis
89 743 208 807 pervenit3
228 745 269 794 sed
285 744 360 808 primb
374 746 417 795 init
426 758 478 795 caru
497 750 616 809 concepta,
627 751 650 797 et
663 748 808 811 postmodum

48 819 128 878 umpta.
800 836 804 843 ¹

47 886 79 934 <ed
91 893 171 939 contra
184 889 237 948 est,
252 886 313 949 quod
325 886 467 950 Augustinus
484 884 538 936 dicit
551 886 574 935 in
588 886 628 937 lib.
648 888 685 939 De
699 888 752 953 fide
772 888 809 939 ao

48 963 74 1005 tr.
90 974 98 1007 :
115 976 130 1007 u
151 957 299 1010 Firmissime
313 960 382 1021 tene,
402 962 427 1009 et
443 958 577 1009 nullatenus
598 960 702 1022 dubites,
715 972 808 1011 carnem

48 1029 88 1078 cisti
105 1046 153 1083 non
168 1030 242 1081 tuisse
262 1035 395 1094 conceptam
411 1029 437 1080 in
455 1034 521 1081 utero
542 1030 658 1095 virginis,
676 1031 808 1096 priusquam

48 1100 154 1162 ciperetur
166 1102 181 1152 b
194 1101 278 1151 Verbo.
291 1117 306 1147 n

48 1173 200 1230 ¹ttonunusm.
210 1173 307 1223 -Cum
321 1184 374 1222 caro
390 1171 476 1223 Christi
489 1172 573 1222 nullam
586 1172 652 1223 aliam
663 1188 731 1237 quam
739 1173 808 1225 Verbi

48 1285 49 1288 ,
62 1246 203 1311 hypostasim
221 1246 341 1309 habuerit,
355 1258 402 1295 non
423 1245 486 1309 prius
502 1246 528 1295 in
547 1249 612 1297 utero
626 1250 737 1311 concepto
750 1246 807 1311 tuit,

48 1331 69 1363 ιιιι
81 1318 93 1367 h
106 1318 187 1369 Verbo
201 1317 243 1367 Dei
256 1315 400 1379 assumpta.)

51 1389 172 1450 respondeo
189 1387 321 1446 dicendum,
330 1384 392 1449 qnod
404 1385 464 1435 sicut
477 1386 546 1449 suprb
561 1386 645 1437 dictum
654 1390 690 1437 est
705 1388 751 1450 (qn.
767 1391 807 1451 to,

48 1497 49 1502 ,
61 1462 73 1506 6
84 1463 106 1509 st
121 1461 157 1523 7),
169 1455 263 1521 proprie
277 1455 375 1506 dicimus
390 1456 459 1505 Deum
469 1457 552 1505 iactum
567 1469 616 1506 esse
625 1458 752 1520 hominem,
764 1470 811 1507 non

48 1544 75 1578 m
92 1528 191 1595 proprie
206 1527 303 1577 dicimus
322 1526 382 1590 quon
398 1528 555 1579 humefactus
570 1528 599 1577 sit
613 1528 685 1590 Deus3
700 1526 754 1591 quia
767 1527 810 1577 sci-
912 1572 913 1579 a

50 1604 133 1652 toeus
157 1599 289 1663 assumpsit
307 1598 352 1648 sibi
370 1598 394 1648 id
414 1599 475 1662 quod
494 1602 528 1649 est
541 1599 653 1661 hominis,
669 1612 715 1649 non
735 1603 812 1649 autem

48 1674 118 1723 estitit
132 1673 159 1723 id
183 1671 246 1733 quod
260 1674 296 1720 est
317 1668 431 1731 huminis,
447 1670 514 1733 quasi
527 1684 568 1735 per
583 1684 608 1721 se
618 1669 760 1731 subsistens,
770 1682 812 1719 an⁴

48 1756 87 1792 aum
101 1740 294 1807 susciperetui
313 1740 397 1791 Verbo.
416 1739 438 1790 Si
461 1744 537 1791 autem
559 1754 611 1791 caro
629 1740 715 1791 Christi
731 1740 813 1792 inisset

55 1821 115 1880 ¹epta,
128 1820 259 1877 antequam
272 1811 448 1875 suscipereturh
461 1811 551 1873 Verbo,
565 1812 681 1862 habuisset
692 1812 813 1876 aliquando

57 1901 94 1936 iam
107 1884 262 1952 hypostasim
276 1886 360 1947 practer
380 1882 523 1946 hypostasim
543 1884 611 1933 Verbi
632 1883 682 1933 Dei.
697 1884 760 1941 Quod
777 1886 813 1934 est

52 1968 78 2004 m
88 1960 209 2008 rationein
223 1953 402 2015 incarnationis,
417 1953 543 2003 secundium
557 1968 624 2017 quam
638 1954 744 2017 ponimus
755 1954 813 2004 Ver-

48 2042 56 2075 ιι
73 2030 111 2080 het
128 2040 190 2080 esse
206 2025 298 2075 unitum
314 2026 421 2074 hnmanae
434 2028 523 2075 natnrae
543 2028 566 2075 et
585 2026 691 2075 omnihus
710 2024 814 2088 partibus

48 2100 87 2150 siu
99 2103 198 2152 unitate
214 2097 358 2161 hypostasis.
372 2096 420 2146 Nec
433 2096 477 2145 tuit
492 2096 633 2147 conveniens
646 2097 706 2159 quhd
723 2098 815 2161 hypos-

48 2186 68 2218 ιιι
82 2171 277 2236 praeexistentem
291 2168 398 2216 humanm
411 2170 506 2228 naturae,
517 2166 554 2216 vel
564 2166 661 2231 alicujus
671 2166 813 2231 bethsame,

51 2247 95 2293 *om
108 2244 158 2294 Dei
171 2255 218 2292 sna
231 2236 389 2300 assumptione
403 2238 537 2288 destrueret.
550 2238 577 2287 Et
587 2238 638 2287 ideo
652 2242 730 2288 eontra
744 2237 814 2289 fidem

60 2316 122 2366 licere
138 2314 210 2379 quod
222 2324 278 2361 caro
292 2309 381 2360 Christi
399 2309 462 2373 prins
476 2309 546 2359 tuerit
565 2313 694 2373 concepta,
709 2313 732 2359 et
750 2312 816 2374 post·

57 2386 89 2437 im
107 2389 236 2449 assumpta
251 2381 411 2432 avernensi.

48 2460 175 2521 ttprimum
186 2467 245 2519 ergo
261 2452 397 2512 dicendum,
406 2450 467 2515 qnbd
482 2450 501 2500 si
513 2463 563 2503 caru
577 2451 665 2503 Christi
678 2465 725 2502 non
735 2450 818 2503 iuissct

55 2530 132 2580 natanti
142 2530 251 2580 formata
266 2526 390 2587 concepta,
402 2522 443 2572 sed
458 2535 500 2586 per
516 2524 625 2585 temporis
638 2522 816 2585 successionem,

48 2606 113 2651 rterct
126 2602 234 2653 aiterum
249 2595 347 2645 dnomm
362 2592 428 2655 sequi
442 2607 449 2642 τ
464 2592 502 2643 vei
515 2591 576 2655 quod
596 2598 735 2658 assumptum
754 2605 817 2643 non-

54 2678 129 2725 tussct
146 2684 209 2723 caro
229 2668 279 2733 (υς
293 2665 331 2717 sel
350 2664 410 2729 qubd
424 2664 488 2729 prius
511 2668 574 2715 esset
591 2665 707 2729 conceptio
725 2662 815 2723 carnis,

48 2758 69 2792 m
87 2746 138 2810 ejm
158 2738 310 2803 assumptio.
333 2738 378 2787 Sed
396 2736 451 2800 qnia
474 2734 581 2801 ponimns
601 2735 772 2799 conceptionem
791 2733 817 2783 in
912 2746 913 2749 ¹

48 2888 66 2945 tt
78 2893 127 2937 Sive
151 2885 228 2947 quon
250 2882 335 2931 inisset
357 2887 504 2941 assumptum
525 2886 649 2940 antequam
665 2884 730 2927 ¹esset
746 2888 816 2937 caru,
