1917 3317
596 118 685 167 ³12
1000 127 1123 167 rus
1154 128 1240 178 m,
1270 127 1459 173 oum-r.
1492 127 1571 177 vi,
1604 126 1720 166 m.
1754 128 1790 165 1.
1891 140 1893 143 <

596 211 768 257 naturae
798 204 915 254 inter
948 203 1100 267 aliqua
1122 206 1278 268 potest
1300 202 1479 254 attendi
1503 203 1749 267 dupliciter
1773 219 1786 253 ε
1807 213 1897 253 uno

592 276 791 329 cundum
810 275 998 339 gradum
1018 274 1257 338 dignitatis
1266 312 1282 338 ,
1308 275 1426 326 sicut
1451 275 1646 326 dicimus
1663 275 1851 338 angelos
1869 286 1917 324 es

596 349 711 398 inter
737 347 946 398 homines
967 350 1015 397 et
1042 348 1210 409 Deum;
1238 346 1328 397 alio
1349 346 1498 408 modo,
1528 345 1778 397 seeundum
1796 344 1917 395 ratio]

596 419 760 481 litatis,
784 420 901 469 sicut
917 419 1084 468 dicitur
1105 417 1253 468 media
1281 430 1419 467 eausa
1439 416 1640 469 existere
1665 416 1785 467 inter
1804 416 1917 479 prim

596 495 641 542 et
673 491 883 540 ultimum
908 490 1140 541 effectum.
1175 490 1233 538 Et
1256 488 1332 538 liic
1358 489 1587 539 secundus
1609 488 1723 539 ordo
1749 488 1900 551 aliquo

596 561 803 624 sequitur
827 561 1058 625 primum3
1085 561 1206 611 sicut
1235 560 1362 611 enim
1395 560 1508 610 dicit
1552 559 1827 624 Dionysum,
1856 560 1917 609 XI

596 633 701 683 coel.
739 632 1013 693 hierarch„
1040 634 1160 682 Deus
1188 645 1269 696 per
1308 630 1587 683 substantias
1622 631 1767 695 magis
1800 630 1890 682 sibi

600 704 693 768 agit
722 706 771 755 in
812 716 865 755 ea
892 718 998 769 quai
1024 709 1131 755 sunt
1155 704 1302 766 magis
1328 707 1524 755 remota.
1555 703 1632 753 Sic
1665 716 1815 772 ergo„
1832 702 1875 753 si
1910 718 1917 751 ε

600 778 786 838 gradum
806 777 1042 839 dignitatis
1056 814 1072 840 ,
1099 776 1249 826 anima
1268 775 1441 826 media
1469 775 1707 825 invenitur
1733 774 1857 825 inter
1883 775 1917 824 D

604 863 736 911 nem3
768 854 815 900 et
839 849 1087 900 secundum
1107 849 1194 899 hoe
1217 852 1373 913 potest
1388 846 1480 898 dici
1510 847 1632 911 quod
1663 846 1807 897 Filius
1832 848 1917 899 Dei

600 934 779 971 carnem
807 921 1035 973 mediante
1055 918 1223 969 anima,
1251 920 1338 969 Sed
1361 923 1409 968 et
1430 918 1679 969 secundum
1695 918 1908 969 ordinem

603 992 698 1056 ipsa
721 993 872 1042 anima
901 995 975 1043 est
998 992 1255 1056 aliqualiter
1281 1004 1414 1041 causa
1436 992 1587 1042 carnis
1610 991 1828 1043 unienda
1844 992 1917 1043 Fil

600 1065 722 1114 enim
742 1068 867 1115 esset
885 1064 1236 1128 assumptibilis,
1262 1063 1356 1113 nisi
1370 1077 1449 1127 per
1464 1064 1668 1115 ordinem
1690 1077 1833 1127 quem
1857 1066 1917 1115 ba

604 1150 719 1186 mam
738 1136 1003 1186 rationalem
1017 1173 1033 1199 ‚
1054 1134 1302 1187 secundum
1319 1148 1454 1198 quam
1473 1135 1610 1185 babet
1631 1134 1756 1198 quod
1772 1134 1836 1185 sit
1857 1150 1917 1186 ea

604 1207 777 1256 Dictum
797 1210 866 1257 est
889 1207 1013 1257 enim
1033 1206 1168 1271 supra
1181 1208 1279 1272 (qu.
1305 1212 1352 1271 6,
1374 1210 1462 1257 art.
1483 1207 1550 1269 1),
1570 1203 1693 1270 quod
1708 1210 1877 1257 natura
1897 1208 1917 1259 l:

604 1279 779 1328 caeteris
805 1282 877 1328 est
901 1279 1246 1342 assumptibiliS.

662 1351 731 1401 Ad
757 1350 950 1414 primum
988 1363 1096 1413 ergo
1127 1350 1395 1413 dicendum,
1416 1349 1541 1413 quod
1578 1350 1746 1413 duplex
1779 1351 1899 1401 ordo

604 1426 750 1485 potest
771 1422 891 1472 inter
913 1426 1162 1471 creaturam
1181 1429 1227 1471 et
1244 1423 1383 1472 Deum
1415 1422 1574 1471 :Unus
1591 1421 1792 1484 quidem,
1815 1435 1917 1471 seer

600 1499 815 1545 creaturae
840 1497 1083 1544 causantur
1105 1492 1130 1542 a
1157 1494 1278 1556 Deo,
1305 1497 1354 1543 et
1383 1493 1645 1556 dependent
1668 1492 1725 1543 ab
1753 1492 1862 1556 ipso
1887 1496 1917 1543 ai

600 1565 721 1628 cipio
756 1565 827 1614 sui
852 1579 989 1627 esse5
1029 1567 1075 1614 et
1101 1563 1167 1614 sic
1197 1568 1382 1628 propter
1410 1563 1681 1614 infinitatem
1717 1576 1816 1614 suae
1844 1564 1917 1613 vir

604 1635 856 1685 immediate
874 1636 1061 1699 attingit
1079 1634 1328 1698 quamlibet
1342 1648 1435 1686 rem
1458 1635 1682 1686 causando
1710 1639 1759 1684 et
1783 1647 1917 1690 cons«

600 1706 657 1755 ad
678 1708 766 1757 hoe
796 1707 996 1769 pertinet
1015 1706 1137 1769 quod
1166 1709 1286 1757 Deus
1317 1705 1581 1757 immediate
1607 1709 1678 1756 est
1703 1705 1755 1756 in
1781 1708 1915 1756 omni

600 1777 790 1827 sentiam
807 1815 819 1839 ‚
854 1778 1143 1840 praesentiam
1179 1783 1225 1828 et
1253 1778 1505 1842 potentiam
1529 1778 1618 1841 (1).
1646 1778 1776 1827 Alius
1801 1782 1912 1828 aute

604 1847 847 1898 secundum
881 1862 1020 1912 quem
1057 1861 1133 1899 res
1162 1850 1441 1900 reducuntur
1469 1849 1518 1899 in
1545 1850 1689 1899 Deum
1713 1848 1836 1898 sicut
1866 1850 1917 1899 in

604 1923 819 1983 quantum
850 1921 905 1970 ad
928 1922 1017 1971 hoc
1035 1920 1272 1972 invenitur
1298 1921 1531 1971 medium
1548 1921 1666 1971 inter
1688 1925 1917 1971 creaturan

604 1990 707 2055 quia
737 1991 976 2043 inferiores
1003 1995 1221 2043 creaturae
1247 1994 1522 2043 reducuntur
1555 1993 1603 2043 in
1630 1994 1773 2043 Deum
1801 2006 1891 2057 per·

604 2067 651 2112 ut
686 2062 1071 2127 dicitssionysius
1093 2063 1145 2112 in
1175 2063 1255 2113 lib.
1289 2065 1359 2113 De
1384 2065 1491 2114 coel.
1525 2064 1772 2114 hierarch.
1807 2064 1871 2115 Et
1897 2078 1917 2116 a

604 2134 752 2184 dinem
781 2135 981 2198 pertinet
1005 2135 1257 2199 assumptio
1283 2136 1496 2187 humanae
1521 2140 1692 2187 naturae
1719 2135 1746 2185 a
1774 2136 1917 2188 Verbo

600 2213 671 2258 est
688 2208 906 2259 terminus
934 2208 1294 2272 assumptionis:
1322 2212 1370 2260 et
1396 2210 1500 2261 ideo
1522 2224 1605 2275 per
1638 2209 1843 2260 animam
1875 2226 1917 2261 u]

664 2280 734 2330 Aa
759 2279 1008 2329 secundum
1033 2280 1269 2332 dicendum
1283 2318 1301 2343 ,
1326 2280 1446 2344 quod
1476 2281 1517 2331 si
1541 2280 1800 2345 hypostasis
1828 2284 1917 2333 Ver

604 2351 859 2406 stitueretur
881 2351 1147 2415 simpliciter
1167 2366 1247 2417 per
1266 2354 1514 2405 humanam
1538 2357 1770 2417 naturam,
1796 2367 1917 2417 sequ-

600 2437 765 2488 rorpus
790 2428 910 2474 esset
932 2424 979 2473 ei
996 2424 1218 2487 vicinius,
1249 2424 1355 2475 oiim
1380 2424 1441 2476 sit
1468 2424 1686 2489 materia,
1711 2440 1821 2488 quai
1846 2431 1917 2477 est

604 2496 740 2547 tionis
755 2496 1049 2560 principium,
1068 2495 1188 2547 sicut
1203 2500 1250 2547 et
1275 2497 1451 2558 anima,
1467 2511 1567 2561 quae
1581 2501 1655 2548 est
1668 2497 1820 2549 forma
1840 2513 1917 2563 spe

600 2566 814 2631 ‘pinquiiis
840 2580 889 2617 se
916 2566 1054 2617 habet
1079 2569 1133 2619 ad
1167 2572 1375 2618 naturam
1396 2570 1674 2632 humanam3
1709 2570 1795 2620 sed
1814 2570 1917 2633 quia

604 2639 733 2690 Verbi
759 2641 829 2689 est
858 2635 982 2700 prior
1011 2640 1059 2687 et
1090 2638 1222 2690 altior
1248 2639 1384 2703 quam
1412 2641 1611 2689 humana
1633 2644 1826 2704 natura,
1855 2645 1917 2691 tai

604 2714 672 2761 est
694 2710 744 2761 in
762 2712 962 2762 humana
987 2713 1144 2760 natura
1164 2710 1464 2775 propinquius
1486 2712 1544 2762 ad
1560 2724 1661 2763 eam
1678 2725 1728 2763 se
1744 2713 1917 2778 habet,

666 2852 730 2919 (1)
758 2858 819 2903 Ut
839 2857 881 2904 1.
900 2860 1044 2915 part„
1072 2867 1155 2912 qu.
1188 2854 1236 2915 8,
1261 2860 1352 2901 art.
1373 2854 1424 2916 3,
1452 2869 1511 2903 ex
1529 2856 1744 2914 prorepso
1769 2863 1917 2918 traete
