1917 3317
312 261 343 297 nn
358 260 437 299 uonru
454 260 557 299 ennrsrr.
785 256 833 306 ute

26 339 133 392 mortuus
144 338 180 387 est
192 338 268 388 eutem
279 335 402 390 seeundirm
413 336 475 401 quud
485 339 567 400 nomo,
578 351 625 388 non
635 339 761 392 oemudum
772 342 833 405 qudd

25 408 105 471 Deus3
121 407 182 457 uude
195 407 335 469 Augustinus
348 407 403 459 dtett
415 408 511 459 Contra
524 408 682 459 Felicionem
698 414 759 476 torp.
770 416 831 477 tit:

28 496 43 527 u
52 478 118 529 Absit
136 476 196 545 qudd
210 479 314 530 Christus
332 478 364 530 sio
377 480 476 531 senserit
489 484 584 531 mortem
601 484 639 541 ut,
652 482 764 544 quintum
774 484 799 535 iu
808 499 835 537 se

26 552 63 601 est
73 548 138 613 uite,
155 549 224 599 uitam
248 550 384 615 perdiderit3
402 550 421 601 si
435 551 497 601 euim
513 553 558 602 hoo
572 552 604 601 itu
623 556 698 616 esset,
712 552 767 608 vito
782 557 833 609 tous

28 620 138 673 aruisset.
162 621 238 673 Sensit
251 635 305 687 ergo
319 628 413 675 mortem
432 623 604 689 participatione
616 624 710 674 humaui
730 626 832 691 adortus,

28 706 100 757 quem
115 696 197 759 sponte
210 698 354 759 susceperut3
365 707 410 746 uon
425 698 512 747 ueturae
522 709 570 747 sue
585 695 686 760 perdidit
699 698 834 761 potentium,

29 778 73 829 per
85 777 155 829 quum
169 769 251 815 cuncta
263 766 371 817 vivificet.
384 782 398 813 o

64 836 99 885 tid
118 837 243 887 secundum
256 837 389 900 dicendum,
400 836 459 901 qudd
474 837 578 888 Christus
590 851 637 889 uon
650 838 760 889 sustinuit
770 852 834 891 mor-

28 911 78 957 tem
88 919 118 957 ou
130 906 209 957 morbo
222 907 408 971 provenientem,
418 920 446 957 ne
460 907 575 958 uideretur
589 921 618 959 ex
629 908 766 961 necessitate
776 912 834 961 mori

29 982 127 1043 propter
144 977 297 1029 infirmitatum
321 982 418 1041 noturae3
434 979 474 1031 sed
491 979 599 1030 sustinuit
616 986 709 1032 mortem
728 982 756 1033 ab
771 987 835 1034 exte·

30 1050 89 1100 riori
99 1048 195 1112 illatam,
206 1050 243 1100 eui
252 1064 276 1101 se
291 1054 442 1115 spontaneum
451 1050 542 1115 obtulit,
549 1055 574 1101 ut
583 1064 643 1102 mors
652 1053 701 1117 ejus
708 1054 834 1105 voluntarie

30 1121 203 1173 ostenderetur.

65 1191 99 1241 Ad
120 1192 214 1242 tertium
230 1190 369 1256 dicendum,
385 1192 446 1257 quod
460 1206 530 1243 unum
549 1191 678 1257 oppositum
693 1206 735 1257 per
749 1208 774 1245 se
788 1208 834 1247 nou

31 1264 96 1315 ducit
116 1265 144 1314 ad
158 1264 232 1327 eliud,
246 1264 287 1313 sed
299 1266 434 1330 quandoque
449 1279 492 1330 per
508 1263 628 1327 anemens3
649 1264 709 1314 siout
726 1265 834 1328 trigidum

29 1334 168 1400 quandoque
187 1348 229 1399 per
242 1335 348 1385 accidens
366 1336 479 1387 ealefacit.
495 1337 525 1387 Et
537 1337 581 1387 huo
594 1336 662 1386 modo
676 1335 781 1387 Christus
793 1350 835 1400 per

31 1420 100 1459 suem
114 1412 209 1459 mortem
221 1420 262 1457 nos
271 1409 378 1471 perduxit
388 1410 417 1459 ud
431 1409 516 1473 vitum,
531 1408 585 1457 dum
599 1420 639 1457 suu
652 1411 724 1458 morte
739 1413 836 1459 mortem

32 1483 136 1531 nostram
157 1479 284 1543 destruxit3
307 1481 365 1531 siout
378 1480 416 1533 ille
437 1480 477 1545 qui
495 1492 587 1544 mnam
602 1492 645 1543 pro
657 1478 702 1529 alio
720 1479 833 1543 sustinet,

33 1556 139 1603 removet
149 1564 240 1617 poenem
253 1550 312 1615 ejus.

328 1676 486 1729 ARTICULUS
500 1677 529 1728 11.

52 1803 139 1849 Utrum
147 1803 173 1847 io
186 1805 261 1847 morte
276 1802 365 1847 christi
374 1802 453 1858 suerit
467 1805 579 1860 separato
593 1801 708 1847 diuinitus
717 1802 732 1847 d
741 1814 820 1847 carue.

70 1929 103 1979 dd
119 1930 242 1980 seeundum
263 1929 297 1981 sio
318 1928 446 1993 proceditur
463 1928 504 1993 (t).
523 1928 617 1979 Videtur
634 1928 695 1991 quod
714 1929 739 1978 in
762 1933 835 1981 morte

33 2000 123 2054 Christi
145 2002 213 2051 tuerit
238 2005 340 2065 separate
363 2001 470 2051 divinitas
491 2000 504 2050 1
522 2012 598 2049 orme.
622 2000 652 2049 Ut
669 2000 732 2050 enim
754 1999 837 2052 dieitur

36 2072 140 2129 Mutii„
151 2074 239 2134 xxvii,
250 2074 359 2123 ltomiuus
371 2073 395 2122 in
409 2086 477 2123 eruce
488 2072 591 2136 pendens
605 2071 717 2122 clamabat
732 2087 762 2121 :u
775 2074 835 2125 iteus

35 2158 118 2205 meus,
133 2145 190 2195 neus
203 2158 283 2206 meus,
295 2150 320 2195 ut
333 2146 386 2207 quid
398 2144 539 2209 dereliquisti
549 2143 625 2193 meto
640 2144 704 2202 Quod
714 2158 835 2208 exponens

34 2215 166 2271 Ambrosius
188 2216 242 2267 dioit
265 2232 302 2267 :u
325 2216 440 2266 Clamabat
461 2218 532 2266 homo
551 2214 692 2281 separatione
709 2215 836 2268 diuinitatis

36 2286 174 2350 moriturus3
189 2300 242 2337 nam
256 2300 306 2338 cum
320 2286 426 2339 diuinitus
437 2286 533 2339 imorte
545 2286 616 2337 libera
629 2286 674 2349 sit,
686 2286 764 2351 utique
775 2301 836 2339 mors

36 2360 72 2412 ibi
87 2372 137 2411 esse
150 2372 196 2411 non
205 2363 309 2424 poterut,
323 2359 368 2409 nisi
382 2359 430 2409 vita
448 2358 650 2421 discuteretque
664 2359 711 2408 ritu
730 2358 836 2410 divinitas

34 2436 82 2485 est.
96 2448 109 2480 u
122 2432 150 2481 dt
161 2431 194 2481 sie
206 2431 296 2481 uidetur
306 2430 366 2495 qutd
380 2432 404 2481 in
417 2435 488 2481 morte
498 2430 582 2481 Christi
597 2428 628 2480 sit
642 2430 749 2480 diuinitus
763 2443 836 2494 sepu-

35 2508 87 2557 reta
99 2503 112 2553 d
126 2516 203 2553 earne.

70 2579 94 2623 2.
108 2574 229 2637 Praeterea,
242 2578 328 2625 remoto
340 2573 572 2637 medio,‘seperuutur
590 2578 702 2625 extreme.
715 2574 761 2624 Sed
775 2572 836 2623 diui-

37 2649 100 2701 uitus
115 2646 178 2696 unito
192 2651 227 2697 est
240 2646 302 2697 cerni
321 2646 434 2697 mediante
446 2644 537 2705 anima,
549 2649 576 2695 ut
589 2645 659 2710 supri
670 2645 774 2694 habitum
788 2648 834 2695 est.

36 2722 98 2783 Ergo
110 2719 208 2790 uidetur,
219 2716 269 2769 oium
279 2718 304 2767 in
314 2721 387 2769 morte
395 2716 478 2769 christi
494 2716 570 2767 anima
578 2717 609 2767 sit
623 2719 726 2779 seper-ou
736 2715 749 2764 'a
758 2726 834 2777 eume,

36 2790 99 2857 quod
111 2804 150 2855 per
169 2804 310 2855 consequens
325 2790 433 2841 diviuitas
446 2789 477 2841 sit
492 2788 584 2840 incarne
598 2791 709 2851 separata.

73 2868 95 2914 3.
111 2864 239 2925 preterea,
251 2861 323 2927 major
333 2865 368 2913 est
380 2862 450 2920 virtus
458 2861 599 2911 uitiiimtivo
611 2859 651 2910 itui
661 2858 728 2923 quim
743 2859 834 2911 emme.

75 3007 105 3071 (i)
120 3012 152 3056 Du
161 3008 276 3055 bisetium
287 3010 311 3053 in
324 3008 366 3066 iii,
377 3006 453 3057 Soet,
465 3008 519 3052 dist.
528 3006 569 3067 21,
581 3018 623 3064 qu.
632 3005 658 3064 1,
671 3011 712 3052 ort.
724 3005 747 3065 i,
758 3018 836 3063 quoes-
