1917 3317
164 160 210 208 tot
361 171 422 208 ress
437 171 478 219 ιιι,
494 170 647 217 onmem-xv,
662 169 718 206 rur.
735 168 760 204 x.

162 245 279 310 plenitudo
295 241 417 306 contuito,
431 245 453 296 id
467 250 504 296 est
515 243 692 308 incorruptionis
704 242 800 306 rigor.»
814 239 853 290 sed
865 238 903 288 Chr

162 319 213 378 tus,
227 315 282 368 licet
294 316 388 366 heberet
400 329 484 380 corpur
497 316 617 380 possibile,
634 319 712 366 temen
726 311 903 366 secundonment-

162 386 229 452 pIene
239 389 284 438 Deo
295 387 419 438 fruebatur.
435 388 487 438 Non
493 387 563 452 igitur
576 387 681 438 Christus
689 386 733 436 init
741 385 818 447 vietor,
827 384 861 433 scd
871 397 901 444 put

163 460 347 522 comprehensor.
487 515 490 521 ,
763 467 777 487 ·

194 533 220 579 o.
235 531 358 594 Preteree,
373 529 462 594 suncti,
475 543 570 594 qnorum
584 529 668 580 anime
681 532 736 578 sunt
752 528 777 577 in
788 527 851 585 coto,
862 528 880 572 ct
893 540 907 597 ijv

162 612 218 664 porr
237 600 261 650 in
283 601 424 665 sepulchris,
441 601 548 651 fruuntur
570 600 662 664 pridem
678 597 817 650 heatitudine
836 607 906 646 secunx

163 671 279 734 animum,
292 671 398 736 quumvis
416 686 494 724 eorum
508 683 602 737 corpora
617 671 686 722 morti
699 671 835 734 subiaceant
846 669 903 741 Ettrr

165 755 212 792 non
239 743 346 794 dicuntur
368 743 483 806 viatores,
504 745 545 794 scd
569 742 642 794 sotum
672 743 871 806 comprehensores.
888 738 906 783 h

167 813 217 877 puri
233 815 334 878 ratione,
346 813 400 866 licet
411 828 493 878 corpus
507 814 593 866 Christi
608 814 678 865 fuerit
693 814 787 864 mortale
795 849 804 876 ‚
817 811 863 876 quir
877 813 896 855 ur

164 899 229 936 mens
243 886 294 951 ejus
307 885 353 936 Deo
370 885 500 949 fruebatur,
517 886 606 938 videtur
618 884 681 949 quod
693 884 765 936 tuerit
777 896 844 949 purus
853 894 898 939 etth

165 957 257 1020 teneor,
268 960 292 1007 et
305 957 446 1007 nullomodo
460 956 541 1008 viator.

196 1027 241 1078 Sed
254 1031 332 1078 contre
340 1030 392 1090 est,
404 1027 466 1092 quod
474 1026 557 1077 dicitur
568 1028 673 1083 rerem..
683 1027 737 1078 XIV
748 1042 755 1078 ε
767 1023 855 1086 conen?
865 1021 899 1071 coir

164 1099 406 1163 inconscriptum,
419 1101 443 1150 et
455 1099 522 1163 quasi
534 1098 608 1150 vietor
621 1099 743 1151 dechnnns
757 1100 787 1150 an
796 1097 900 1148 monento

199 1169 582 1233 (corcnrsrh.-Chrtstusstmn1
591 1171 774 1234 comprehensor
783 1168 839 1230 init,
849 1168 899 1230 quet·

164 1241 327 1293 beatitudinem
346 1242 428 1292 animm
449 1241 564 1306 propriam
582 1241 697 1302 hahetur,
714 1247 740 1293 et
753 1242 838 1304 vietor,
853 1241 893 1300 out'·

163 1312 190 1363 in
204 1311 365 1364 beatitudinem
380 1313 490 1364 tendebat
502 1311 628 1364 secundum
641 1312 666 1362 id
675 1313 772 1377 quodei
787 1314 815 1364 de
825 1308 894 1362 herhh

165 1383 267 1450 meret.)

197 1456 334 1520 Respondco
347 1455 483 1519 dicendum,
492 1454 554 1520 qnod
566 1454 650 1518 aliquis
660 1455 896 1507 dicitur‘vietorereo¹

166 1528 240 1580 tendit
257 1528 283 1588 ip
302 1526 486 1590 beatitudinem
504 1527 680 1590 comprehensor
696 1533 778 1578 autem
793 1525 894 1578 rische

165 1600 226 1666 quod
235 1601 283 1665 jum
296 1597 459 1651 beatitudinem
475 1597 576 1661 obtinet,
588 1596 714 1648 secundirm
734 1599 792 1650 iliud
801 1600 819 1649 1.
834 1597 890 1649 Cor,

167 1672 228 1722 utic
240 1671 322 1722 currite
336 1672 360 1720 ut
372 1669 581 1734 comprehendatis3
603 1685 618 1717 o
632 1672 655 1718 et
668 1668 783 1734 Philip„
794 1670 824 1720 111
839 1682 844 1717 :
858 1666 894 1713 esc

166 1746 256 1803 eutem,
272 1742 291 1792 si
304 1741 426 1804 quomodo
440 1741 641 1805 comprehendam.
658 1756 673 1787 r
688 1741 796 1792 Hominis
808 1742 874 1790 eutch
886 1736 901 1780 h

166 1813 220 1863 tudo
235 1813 334 1876 perfecta
355 1811 459 1862 consistit
478 1812 504 1861 in
523 1811 599 1862 anima
614 1816 638 1862 et
652 1825 765 1876 corpore,
781 1816 809 1863 ut
825 1812 848 1861 in
863 1810 898 1864 iti

167 1883 268 1934 hobitum
279 1887 315 1934 est
324 1882 358 1948 (1)
370 1899 377 1933 ε
394 1884 418 1934 in
433 1883 509 1934 anime
522 1883 629 1947 quidem,
644 1886 758 1947 qnantum
774 1886 803 1936 ad
819 1883 887 1944 idque

167 1953 189 2006 ei
201 1955 333 2020 proprium,
347 1954 471 2006 secundhm
492 1953 553 2018 quod
567 1967 632 2005 inens
651 1954 715 2004 videt
731 1960 757 2007 et
777 1955 855 2006 fruitur
868 1952 893 1999 hu

168 2039 261 2090 corpore
279 2025 348 2087 vero,
367 2023 491 2077 secundum
505 2025 566 2089 quod
585 2039 668 2089 corpus
687 2033 796 2090 resurget
813 2022 901 2090 spiritur·

167 2097 192 2147 in
208 2098 304 2159 virtuto,
320 2100 343 2148 et
363 2097 388 2146 in
402 2097 490 2160 gloria,
511 2100 534 2148 et
557 2096 583 2148 in
604 2097 790 2162 incorruptione,
805 2102 831 2148 nt
844 2093 896 2146 nicto·

169 2169 237 2226 Cor„
250 2169 299 2220 XV.
314 2168 418 2218 Christus
431 2172 509 2220 sutem
523 2172 576 2219 sote
585 2168 714 2234 passionem
728 2169 852 2222 sccunohn
863 2180 895 2214 ne·

167 2238 234 2302 pient
251 2239 342 2290 ridebat
354 2241 440 2304 Deum;
450 2239 517 2290 etsie
528 2240 625 2290 habehat
636 2239 804 2292 beatitudinem
818 2243 898 2304 quantu.

168 2311 191 2363 id
208 2312 268 2374 quod
283 2316 317 2362 est
330 2310 445 2376 proprium
461 2311 552 2361 animm.
569 2311 614 2360 Sed
629 2314 742 2374 quantum
755 2314 785 2363 ad
799 2312 841 2363 elia
856 2310 893 2357 dee·

168 2383 296 2447 beatitudo,
311 2383 364 2447 quis
380 2385 403 2433 ot
413 2381 489 2434 enimn
503 2383 555 2447 ejus
564 2385 613 2434 erut
622 2381 757 2446 passibilis,
772 2388 892 2446 etcorpusp

167 2454 213 2504 hiis
230 2458 252 2504 et
265 2455 376 2517 mortale,
386 2458 412 2503 ut
425 2467 454 2504 ex
470 2454 539 2518 sopri
556 2453 623 2504 dictis
636 2456 709 2516 putet.
721 2455 752 2504 Et
773 2457 825 2507 idco
837 2448 890 2502 simo

167 2527 354 2590 comprehensor,
370 2524 395 2575 in
415 2529 526 2588 quantum
546 2525 644 2576 habehat
667 2525 833 2578 tortitudinem
853 2533 891 2585 pro,

169 2595 265 2658 nninrae,
279 2602 303 2650 et
316 2596 471 2658 simulvietor,
482 2596 507 2646 in
520 2601 630 2660 qnantum
640 2597 750 2647 tendehat
758 2597 785 2648 in
796 2592 897 2648 hortum

168 2667 292 2718 secundini
309 2667 331 2717 id
346 2667 406 2731 quod
423 2667 445 2717 si
459 2669 488 2718 dc
503 2668 643 2718 heatitudine
656 2669 743 2718 decret.

201 2737 235 2794 hd
251 2737 348 2802 primum
364 2749 418 2799 ergo
434 2737 569 2800 dicendum,
583 2738 644 2802 quod
664 2737 810 2804 impossihile
828 2744 860 2790 est
877 2745 895 2779 ιι

204 2879 234 2942 (i)
250 2881 301 2930 Sive
315 2879 338 2939 1,
350 2879 375 2938 2,
389 2878 464 2938 ou.t,
479 2886 524 2932 ert.
537 2880 562 2931 6,
