1917 3317
147 116 193 165 ιιι
330 126 392 166 rane
408 128 449 179 ur,
465 128 559 175 cumr.
574 129 641 181 nu,
657 130 716 169 aar.
733 128 769 168 rr.

438 311 596 364 curreutes
611 313 649 362 IV.

180 434 267 481 Utrum
288 434 381 493 effectur
399 436 525 479 mcerdotir'
544 436 635 481 Christi
654 448 704 481 noro
723 438 805 483 colam
827 437 857 483 od
870 436 901 479 oii-

331 499 490 555 pertinuerit,
503 498 544 543 red
557 499 631 543 etiam
646 500 682 543 ud
692 501 785 557 ipsura.

182 623 215 673 dd
230 624 333 686 quartum
343 622 375 672 sic
387 623 518 687 proceditur
530 622 573 686 (ι).
588 624 687 673 Videtur
697 625 761 689 qudd
776 626 869 678 effecius
881 638 904 673 se

150 696 207 747 dotii
228 694 313 745 Christi
335 708 380 743 non
400 694 472 744 solinu
495 693 631 757 pertinuerit
646 696 677 744 ad
695 696 767 761 aiios,
784 699 827 749 sed
846 698 897 746 eder

151 766 235 832 ipsum.
247 768 279 817 dd
294 766 393 815 oidrinm
408 768 468 815 enim
481 766 605 815 sacerdotis
617 766 721 829 pertinet
733 782 777 832 pru
789 770 872 833 populo
884 785 900 815 ιι

151 837 274 889 sccuodirm
287 837 341 887 iliud
353 838 380 886 ii.
398 836 540 892 Mochod.,i
555 850 561 885 :
577 839 737 889 «Orationem
752 843 789 904 (ι)
803 842 901 891 terreni-0

151 910 271 969 cardines,
288 908 341 957 dum
364 912 559 957 consummaretur
581 908 730 959 sacrificinm.
754 927 769 957 n
793 912 839 962 Sed
861 915 909 960 [ir¹

151 992 197 1029 nou
219 981 290 1029 sutoro
305 994 346 1043 pro
359 978 409 1029 aliis
424 980 510 1040 orarit,
527 980 647 1028 sedetiam
669 994 712 1043 pro
729 981 827 1045 seipso,
840 997 893 1032 seru

151 1052 211 1114 quod
227 1051 295 1115 supr-ir
307 1051 392 1100 dicturo
404 1055 441 1099 est
456 1050 510 1113 (qn.
526 1052 566 1111 ιι,
582 1056 625 1099 art.
642 1052 682 1113 3),
698 1055 797 1106 etsicut
812 1070 904 1119 capren-

152 1122 210 1172 citur
223 1124 308 1181 Heba,
323 1122 351 1182 V,
367 1122 427 1185 qudd
441 1140 454 1169 ιι
464 1123 489 1171 in
502 1123 580 1173 dicbus
594 1124 671 1173 carnis
685 1138 736 1174 suae
755 1140 841 1190 precer
854 1143 891 1188 sup

151 1191 270 1255 tionesque
292 1194 318 1242 ad
334 1206 402 1256 euro,
415 1192 454 1255 qui
470 1194 543 1256 possit
557 1193 622 1244 iilum
641 1196 733 1244 salvum
757 1196 837 1249 facere
850 1199 863 1246 a
878 1213 894 1244 u

152 1274 205 1311 oum
219 1265 317 1313 clamore
338 1265 413 1314 valido
432 1269 454 1314 et
469 1264 591 1329 lachrymis
602 1266 693 1315 obtulit.
709 1268 803 1332 »Ergo
816 1284 894 1321 cacerr-

152 1331 237 1383 Christi
259 1335 365 1385 edoctum
390 1336 470 1385 habuit
491 1348 538 1385 oon
556 1337 630 1386 sotum
649 1337 675 1386 in
702 1337 774 1402 aliis,
790 1341 836 1391 scd
858 1341 895 1390 eti„

151 1419 237 1469 serpso.

184 1483 208 1528 ι.
221 1480 341 1538 Praeterca,
352 1478 455 1529 Christus
465 1478 599 1529 sacrificium
608 1478 691 1528 obtulit
700 1480 810 1544 reipsum
822 1483 849 1533 in
861 1499 884 1532 su

154 1551 226 1605 sione.
247 1551 292 1600 Sed
309 1562 350 1613 per
363 1548 496 1614 passionem
509 1564 574 1600 snam
590 1564 635 1601 nou
650 1551 726 1601 solum
747 1552 804 1603 aliis
819 1570 888 1605 meru

155 1624 223 1674 etiarn
238 1622 294 1684 sibi,
306 1626 331 1669 ut
343 1620 411 1685 supra
423 1621 526 1671 habitum
537 1626 574 1671 est
585 1621 626 1684 (ιι).
638 1622 699 1683 Ergo
710 1627 873 1675 sacerdotium
885 1635 893 1673 r.

153 1708 200 1745 non
213 1694 286 1743 sotum
303 1692 381 1741 habuit
397 1692 503 1742 effectum
517 1692 542 1742 in
557 1693 623 1756 aliis,
638 1695 678 1743 sed
693 1694 767 1745 etiam
782 1696 808 1745 in
817 1699 900 1762 seipso.

186 1770 209 1813 3.
227 1764 354 1822 traderer,
368 1762 518 1813 sacerdotium
532 1764 617 1813 veteris
627 1764 684 1826 legis
698 1763 744 1813 fnit
758 1766 836 1829 figura
849 1783 906 1817 sarr

154 1834 247 1885 Christi.
262 1834 305 1883 Sed
325 1836 430 1885 sacerdos
447 1834 531 1885 veterio
555 1834 611 1896 legis
630 1848 675 1884 nou
692 1834 771 1885 sotum
789 1852 835 1901 pro
848 1842 901 1888 atu>

155 1906 223 1955 etiam
244 1918 285 1968 pro
303 1906 378 1969 seipso
399 1906 535 1956 sacrificium
549 1906 669 1968 offerebat3
689 1904 859 1959 diciturenim
881 1913 895 1958 ι

154 1977 205 2027 XVI
214 2015 220 2036 ,
236 1976 294 2039 qndd
310 1995 324 2024 ιι
343 1978 453 2027 Pontifex
465 1977 592 2039 ingreditur
607 1976 770 2027 sanctuarium
778 2016 788 2042 ‚
805 1986 835 2030 ut
850 1997 891 2043 roc

155 2060 180 2098 se
194 2052 268 2111 cipro
290 2048 356 2097 domo
370 2060 424 2110 sua,
439 2052 462 2098 et
475 2060 517 2111 pro
534 2048 643 2098 universo
657 2051 720 2097 coetu
739 2048 845 2101 tiliorum
857 2054 897 2101 lsi,

154 2119 214 2182 Ergo
228 2119 296 2169 etiam
308 2118 458 2169 sacerdotium
473 2120 560 2169 Christi
570 2119 696 2169 uonsoium
706 2119 732 2168 in
743 2121 810 2185 aliis,
825 2127 867 2173 sed
882 2140 896 2170 ιΙ

155 2191 262 2242 effectum
277 2190 364 2241 habuit.

187 2262 231 2311 Sed
240 2266 316 2312 contra
331 2266 380 2323 est,
391 2260 452 2326 qudd
466 2262 490 2311 iu
502 2260 619 2327 Ephesina
631 2260 726 2325 Synodo
737 2263 843 2327 legitur:
859 2268 901 2312 «Ξ

156 2331 212 2381 dicit
225 2332 341 2382 Christum
351 2346 393 2397 pro
408 2348 432 2384 sa
443 2333 555 2384 obtulisse
568 2333 723 2395 obiadonem,
737 2339 763 2386 et
773 2349 826 2387 non
842 2353 894 2401 mag

156 2514 172 2561 ι,
190 2448 222 2513 (ι)
239 2453 271 2558 ge
282 2452 318 2497 hir
336 2452 407 2499 ctiam
420 2454 463 2513 lv,
476 2452 556 2505 Soror„
568 2454 622 2499 dist.
642 2450 669 2511 d,
682 2466 724 2511 qu.
743 2453 773 2513 1,
788 2462 836 2501 art.
856 2455 883 2516 3,

167 2526 229 2560 runc.
258 2548 264 2561 .

189 2582 224 2646 (2)
237 2585 301 2638 Quod
318 2585 379 2631 enim
394 2599 437 2643 pro
454 2588 542 2643 populo
554 2587 604 2634 hmo
623 2586 699 2630 oratio
709 2585 795 2644 fieret,
811 2596 881 2645 pacet

156 2660 208 2705 qum
221 2648 339 2693 Nehemiae
359 2650 487 2693 sacerdotis
500 2650 605 2695 oratione
621 2650 774 2694 continentur
786 2652 897 2699 ibidem.

157 2710 187 2755 26
199 2726 204 2753 :
221 2711 310 2768 Accipe
319 2712 472 2768 sacrificium
482 2724 532 2769 pro
540 2714 656 2756 uniuerso
663 2713 759 2770 populo
768 2718 814 2761 reo
823 2716 895 2759 darm

192 2778 222 2838 (3)
240 2781 323 2831 Quart.
344 2778 382 2836 19,
397 2787 443 2825 art.
456 2780 480 2839 d,
495 2782 574 2838 quoad
585 2782 695 2827 meritum
712 2794 756 2839 pro
774 2795 813 2845 se,
828 2786 873 2831 ned
891 2816 906 2829 ..

159 2841 237 2897 quoad
249 2842 356 2886 meritum
371 2854 413 2899 pro
424 2842 486 2889 aliis.
