1917 3317
106 173 294 215 nummum.
311 175 346 215 tn
363 175 458 215 subruis
473 173 588 216 emmer.
605 177 632 216 ut
647 176 768 218 noum.
810 171 841 218 oo

44 253 118 317 agilon
131 253 172 305 alio
182 254 253 304 modo
267 251 394 304 secuudum
406 254 430 304 id
444 256 504 318 qnod
518 255 594 319 agitur
607 255 717 307 exteriirs.
728 258 757 307 nt
770 257 835 321 quia,

45 331 65 372 ut
81 325 153 376 dicitur
165 327 184 376 l.
201 328 274 390 llcq„
287 325 346 387 xv1‚
363 325 490 377 «homiues
498 327 577 376 rident
586 339 614 377 ea
627 341 678 392 qun
687 332 782 392 parcnt,
795 329 836 380 sed

43 396 92 445 Deos
103 397 201 448 intuetur
214 411 266 461 cor,
278 413 293 444 n
308 397 362 448 indo
376 401 412 448 est
425 397 484 461 qudd
498 398 625 449 mouudbm
639 398 772 450 interiorem
790 403 835 453 bo·

43 469 101 517 uinis
113 469 285 533 dispositionem
297 467 408 533 accipitur
420 469 521 520 conditio
534 470 660 535 spiritualis
670 471 743 522 sutus
756 473 781 522 iu
795 473 837 524 bo-

44 539 96 588 minc
115 554 154 604 par
171 539 368 605 comparationem
390 540 424 590 ad
436 540 547 604 judicium
572 541 689 606 diuinum3
712 544 837 595 secuudbm

46 615 113 660 autem
125 625 148 662 ea
157 627 209 676 qnae
223 611 327 663 exterids
342 616 454 674 agontur,
469 611 581 677 accipitur
594 613 719 677 spiritualis
729 617 839 676 statusiu

48 683 128 734 bomine
139 698 176 748 per
187 683 384 748 comparationem
398 685 426 734 ad
439 683 571 734 Ecclesiam.
586 685 615 734 ltt
627 685 660 735 sic
676 699 737 736 uunc
749 688 777 736 de
790 691 839 738 sta·

51 752 100 802 libos
111 755 230 819 loquimur,
241 760 310 820 prout
328 755 415 805 scilicet
428 767 457 805 eu
471 755 603 806 diversitate
617 759 716 806 statuum
732 758 839 820 quedam

53 826 142 878 Ecclesia
153 827 300 892 pulchritudo
309 827 433 890 consurgit.
445 828 485 876 ltst
493 830 570 877 autem
578 827 765 878 considerandum
777 831 838 892 qubd

48 903 142 960 qnantum
154 901 182 950 ad
193 900 316 962 homiues,
333 900 361 949 ad
371 900 416 950 boc
429 898 489 963 qubd
503 898 585 962 aliquis
599 899 737 963 adipiscatur
754 903 838 951 statum

48 971 145 1021 libertatis
158 973 194 1022 vel
207 971 343 1032 servitulis,
354 969 477 1034 requiritur
488 970 562 1034 primo
573 970 665 1035 quidem
679 971 786 1036 obligatio
798 972 839 1021 ali·

47 1055 86 1104 qua
98 1043 131 1092 rel
143 1043 265 1094 absolutio.
276 1043 327 1092 Non
336 1041 397 1092 enim
412 1053 441 1092 ex
451 1043 496 1092 boc
509 1040 570 1105 qudd
583 1041 667 1105 aliquis
680 1042 836 1106 servitutum,

42 1113 131 1164 eldcitor
145 1128 237 1176 semus,
249 1113 303 1178 quia
314 1113 384 1173 ctiam
396 1112 460 1162 liberi
473 1112 586 1172 sormunt,
598 1112 724 1163 sccundbm
734 1113 791 1164 illud
802 1114 837 1164 od

44 1185 133 1244 Geloi„
143 1187 168 1236 V:
180 1203 194 1234 o
208 1189 253 1236 Per
262 1185 397 1236 charitatem
411 1183 505 1249 spiritus
518 1184 602 1234 servite
612 1185 721 1235 invirum.
736 1187 837 1249 »Neque

35 1256 107 1309 etim
116 1260 198 1326 siphon
207 1258 268 1322 qnbd
284 1257 367 1320 aliquis
383 1256 465 1307 desinit
476 1256 571 1319 servire,
586 1256 684 1306 efflator
693 1257 764 1321 liber,
779 1258 838 1308 sicut

38 1333 106 1394 patet
117 1330 141 1380 de
154 1331 225 1381 servis
239 1329 353 1393 fugitivis.
362 1329 406 1379 Sed
419 1328 457 1378 ille
471 1326 562 1393 proprie
574 1332 609 1378 est
622 1341 716 1391 servus,
729 1329 769 1392 qui
778 1329 835 1379 obli·

34 1403 108 1464 gador
116 1401 139 1450 ad
149 1403 302 1465 serviendum,
313 1405 337 1452 et
346 1401 384 1450 illc
396 1404 432 1450 est
442 1399 499 1451 liber
509 1399 549 1463 qni
558 1398 572 1448 a
581 1400 690 1449 seruitute
701 1399 836 1451 absolvitur.

31 1473 139 1524 Secundo
155 1474 274 1538 requiritur
287 1472 348 1536 qubd
362 1471 470 1535 obligatio
485 1471 593 1535 praedicta
606 1485 657 1521 cum
666 1470 742 1534 aliqua
755 1471 838 1522 solem·

32 1545 115 1595 nitate
126 1545 172 1608 dat,
186 1546 246 1596 sicut
262 1549 286 1594 ot
298 1544 389 1596 ceteris
406 1557 456 1608 qnae
475 1543 536 1593 iuter
546 1542 651 1593 homiues
665 1542 768 1594 obtinent
780 1557 838 1608 per-

36 1613 136 1679 petuam
147 1615 279 1676 firmitatem,
295 1614 400 1678 quedam
413 1613 547 1664 solemnitas
560 1612 688 1664 adhibetur.
697 1612 736 1662 Sic
748 1627 802 1676 ergo
814 1618 837 1665 ct

29 1691 67 1739 im
87 1687 139 1734 suto
150 1688 290 1750 pedectionis
304 1686 397 1751 proprie
417 1685 499 1736 dicitur
516 1685 599 1748 aliquis
611 1698 677 1744 mse,
692 1697 738 1735 uon
753 1699 782 1735 ex
793 1687 837 1736 boc

20 1757 109 1827 qarod
119 1759 176 1810 babet
185 1765 261 1811 actum
272 1757 405 1810 dilectionis
412 1759 529 1822 perfectu,
540 1758 580 1808 sed
592 1771 622 1808 cx
630 1759 673 1808 boc
682 1757 742 1822 qodd
751 1758 837 1821 obligat

19 1850 58 1886 se
86 1831 188 1894 perpetuo
203 1845 253 1882 cum
269 1833 347 1896 aliqua
362 1829 506 1880 solemnitate
524 1831 552 1880 ad
566 1842 594 1880 ea
612 1843 663 1894 quan
681 1833 735 1881 suut
748 1831 838 1894 perloc-

19 1899 125 1956 rionia.
137 1901 244 1967 Conbugit
257 1903 325 1953 etiam
340 1900 400 1965 qudd
410 1899 482 1964 aliqui
492 1900 628 1964 seobliguut
641 1901 670 1950 ad
682 1901 706 1950 id
715 1901 777 1965 qood
788 1913 836 1951 nou

15 1977 150 2032 servant,
161 1978 182 2023 et
194 1975 263 2039 aliqui
274 1973 373 2038 impleut
391 1973 420 2022 ad
436 1973 496 2036 quod
514 1985 540 2023 se
561 1985 607 2023 uon
621 1972 796 2037 obligaverunt,
811 1977 837 2022 ut

16 2046 114 2114 pacet
127 2044 216 2106 dloitb„
228 2048 278 2098 lllll
289 2047 370 2110 (1),dc
379 2044 467 2096 duobus
481 2044 543 2108 filiis,
554 2057 651 2109 quorum
659 2059 719 2096 nnus
732 2045 792 2110 patri
802 2046 838 2096 di·
873 2045 880 2058 ⁸

17 2115 105 2171 inuti
125 2128 131 2162 :
145 2118 251 2180 «θρωπε
262 2119 286 2168 iu
298 2119 380 2182 niuea,
398 2133 412 2164 n
424 2117 542 2182 respoudit
559 2131 565 2166 :
582 2118 680 2181 allol03
692 2134 706 2164 »
722 2122 745 2168 et
758 2120 838 2181 postea

22 2191 115 2248 ¹iniit,
135 2185 182 2236 ulter
198 2194 268 2241 annm
289 2190 430 2254 respondeus
445 2189 477 2239 ait
494 2205 500 2237 ε
517 2202 532 2236 o
543 2190 618 2250 lio‚n
634 2195 657 2239 et
675 2201 721 2239 nou
737 2187 788 2238 ivit.
809 2190 839 2240 nt

26 2265 92 2310 :ten
119 2255 175 2306 nibil
192 2263 291 2323 probibet
309 2263 398 2326 aliquos
414 2273 466 2310 esse
480 2260 610 2324 perlectos,
625 2259 665 2324 qui
680 2273 726 2311 nou
748 2263 801 2311 suut
812 2260 838 2310 in

30 2341 106 2380 statu
131 2329 278 2397 perlectiouis,
293 2338 317 2385 et
338 2333 425 2397 aliquos
437 2343 488 2382 esse
508 2331 532 2380 iu
546 2333 607 2382 statu
619 2331 785 2396 ,perlectiouim
800 2331 840 2396 qui

33 2412 133 2448 namen
149 2411 187 2448 nou
197 2409 245 2454 sont
256 2404 360 2470 perlecti.
713 2431 716 2436 ·

78 2469 121 2516 Μ
137 2469 219 2528 uinum
230 2489 280 2540 crgo
292 2477 424 2540 dicendum,
432 2475 493 2540 qudd
508 2489 551 2540 per
562 2477 710 2539 augmentum
723 2475 841 2538 corporale

34 2538 152 2604 dfflfiffl
163 2541 227 2606 uliquis
236 2548 259 2598 in
268 2547 305 2599 bis
317 2562 368 2614 qua
386 2547 503 2612 pertinent
516 2547 545 2598 ad
561 2543 679 2609 uatumui3
694 2545 778 2596 etidco
790 2545 840 2596 adi·

29 2613 157 2677 lssffl'lflf
171 2619 237 2670 llllum
251 2625 343 2685 statum,
358 2619 486 2686 presertim
503 2619 556 2684 quia
573 2619 652 2684 «qood
667 2621 702 2669 est
715 2617 842 2668 secuudbm

72 2719 115 2782 (ἢ
132 2721 263 2792 Pambotis,
277 2743 323 2778 nou
338 2730 461 2784 historice;
479 2741 535 2775 uam
545 2727 690 2788 parobolam
700 2733 786 2772 vocant
796 2729 842 2772 Pu⁴

32 2795 112 2834 lm·
127 2788 184 2827 Μ
196 2788 326 2851 lampetium
343 2807 391 2840 uon
407 2793 534 2852 exprimat,
545 2798 571 2837 ut
584 2790 687 2837 verm
698 2789 775 2834 videre
791 2795 842 2848 est,

32 2845 241 2954 {⁰⁰g:ffl³⁰⁵
257 2856 310 2916 legis
326 2857 498 2904 observantiam
519 2855 695 2914 promittentes,
709 2863 753 2896 uec
765 2856 844 2895 tumen

47 2920 86 2953 ac
189 2939 193 2950 .
