1917 3317
185 179 216 219 b}
230 178 352 219 bucensi]
368 180 463 221 (illum
479 180 512 218 Ab
527 178 636 219 ulmos·
764 170 809 217 941

45 254 125 305 loribus
148 268 278 320 prunarum.
300 256 403 309 Contulit
418 260 496 309 tamen
511 256 546 307 eis
563 258 674 319 quantum
692 255 720 306 ad
740 257 810 321 adep

43 340 95 376 nem
106 327 201 391 glorlae3
217 330 240 378 et
250 340 292 393 per
302 340 445 391 consequeus
459 328 527 379 solvit
540 340 619 378 eorum
630 327 730 377 dolorem
742 341 811 391 quern

43 398 152 449 tiebantur
163 412 192 449 cx
207 398 315 451 dilatione
331 400 409 463 gloria
419 438 426 461 ‚
438 413 467 450 ex
480 400 547 463 cujus
559 402 636 448 tamen
647 412 688 462 spe
702 412 811 462 maguum

44 470 115 519 odium
135 470 264 534 habebant,
278 470 402 522 secudum
419 470 475 521 illud
489 472 573 527 loom,
583 470 651 520 vtll:
667 486 681 517 o
699 471 812 521 lbrabum

44 544 162 592 terrester
175 542 285 593 exultavit
299 547 325 593 ut
341 542 429 595 videret
441 543 502 594 diem
516 556 601 593 meunt.
621 558 635 589 n
653 543 683 592 lit
695 541 748 593 ideo
762 544 814 594 sub-

42 618 64 661 t:
83 630 96 662 u
109 616 128 663 Α
141 613 224 677 quibus
239 627 290 665 eum
296 650 305 677 ,
318 614 441 665 secundirm
463 614 594 666 beatificam
606 614 754 680 praesentiam
766 628 814 666 sue

42 683 153 746 ciuitatis,
173 698 289 749 nunquam
302 686 367 737 video
381 685 548 749 recessisse3»
563 686 588 737 in
604 690 718 750 quantum
728 686 815 737 scilicet

46 762 64 807 to
74 758 197 809 adventum
206 757 293 809 christi
303 764 368 809 erant
381 758 443 810 beati
453 758 477 808 iu
492 772 543 823 spe,
552 758 607 809 boet
626 758 730 809 nondum
738 762 815 812 esseut

42 829 112 881 diecti
130 829 194 880 beati
208 829 233 879 in
245 843 279 881 re.

46 903 75 951 ld
93 902 222 951 secundum
240 901 451 966 dicendun,qudd
470 901 542 953 sancti
556 903 653 965 patres,
672 902 727 952 dum
742 903 816 953 adbuc

41 976 129 1037 terent,
145 972 236 1023 liberati
248 972 339 1023 inerunt
356 986 397 1037 per
413 973 483 1023 iidem
495 972 580 1024 Christi
595 974 623 1023 ab
640 973 703 1024 omni
720 977 816 1037 peccato

43 1058 60 1091 m
76 1044 184 1107 originali
197 1044 264 1109 qulru
275 1044 371 1108 actuali,
383 1050 406 1096 et
416 1045 429 1095 lt
439 1049 503 1096 reatu
513 1058 588 1109 poenae
598 1043 721 1095 actualium
733 1058 815 1109 pecea-

43 1130 85 1166 tum
95 1132 102 1179 3
112 1128 160 1167 nou
172 1120 249 1167 minen
261 1115 347 1167 breatn
362 1131 437 1181 prauae
450 1116 566 1180 originalis
585 1116 681 1180 peccati,
694 1130 736 1181 per
749 1130 817 1181 quem

41 1187 191 1237 toludebanlur
206 1187 220 1237 it
236 1188 322 1251 gloria,
341 1190 442 1240 nondum
463 1189 538 1239 soluto
560 1186 636 1251 pretio
653 1187 817 1251 redemptionis

40 1272 135 1323 imaum
148 1259 210 1310 sicut
220 1259 290 1311 etiam
300 1273 361 1311 nunc
379 1260 456 1312 fideles
470 1259 554 1311 Christi
564 1260 689 1310 liberantur
701 1273 743 1325 per
759 1261 817 1325 bap·
833 1289 838 1310 t

40 1345 107 1381 snum
126 1331 140 1383 a
156 1335 222 1381 reatu
237 1331 519 1396 actualium-peccatorum
536 1335 560 1382 et
579 1332 669 1383 creatu
683 1331 817 1396 originalis,

40 1408 124 1453 rantum
147 1403 175 1454 ad
200 1403 354 1455 exclusionem
372 1403 386 1455 t
403 1404 489 1469 gloria,
509 1408 628 1456 remanent
648 1407 727 1453 tamen
744 1404 819 1454 adbuc
839 1464 842 1472 1

40 1474 108 1537 ligati
130 1479 197 1525 reatu
220 1474 336 1538 originalis
355 1476 458 1541 peccati,
481 1478 591 1539 quantum
611 1476 639 1526 ad
660 1475 820 1527 necessitatem

40 1547 163 1610 ›rporaliter
181 1544 294 1597 moriendi
302 1585 312 1611 ,
326 1548 379 1612 quia
397 1552 538 1601 redonantur
551 1547 677 1600 secundum
699 1547 820 1613 spiritum,

39 1620 55 1667 rt
68 1619 170 1669 nondum
185 1616 311 1669 secundbut
325 1632 431 1679 carnem,
444 1619 570 1670 semodium
584 1618 639 1670 illud
654 1620 735 1675 itum„
747 1619 797 1668 lllll
812 1634 819 1668 ε

50 1691 140 1755 Corpus
161 1689 252 1753 quidem
271 1694 385 1741 mortuum
408 1695 444 1743 est
466 1698 559 1756 propter
581 1693 713 1755 peccatum
728 1689 822 1755 spiritus

39 1762 73 1813 urb
84 1762 145 1811 vivit
156 1765 248 1826 propter
259 1761 453 1826 justificationem.
464 1778 478 1809 s

51 1836 81 1884 ld
103 1832 197 1885 tertim
221 1833 355 1901 dicendum,
375 1834 436 1899 qubd
454 1835 532 1885 statim
551 1833 642 1885 Christo
663 1835 758 1885 moriem
777 1848 823 1898 pa-

40 1910 90 1957 cnte
101 1942 111 1968 ,
123 1907 201 1955 anima
213 1904 264 1969 ejus
285 1906 311 1955 ad
332 1903 448 1957 internum
464 1904 593 1967 descendit,
605 1910 628 1955 et
640 1908 692 1967 [sue
708 1905 823 1969 passionis

39 1980 120 2027 uelum
130 1976 236 2027 exhibuit
256 1976 341 2027 sanctis
356 1977 381 2027 in
391 1977 480 2028 inferno
491 1977 606 2038 detentis,
618 1978 724 2041 mamus
733 1990 763 2028 ex
773 1978 823 2028 loco

41 2048 60 2097 lo
71 2062 119 2099 non
132 2048 244 2109 exierint,
261 2048 352 2099 cbristo
365 2049 426 2113 apud
436 2048 523 2100 interos
535 2054 696 2112 murmurante,
706 2049 759 2114 quia
772 2048 824 2113 ipsa

42 2122 104 2173 bristi
122 2122 243 2186 prasentia
260 2122 389 2185 pertinebat
406 2123 435 2173 ad
448 2122 563 2173 cumulum
580 2121 667 2186 gloria.

315 2300 475 2351 saltuosos
490 2301 529 2351 vl.

57 2428 143 2473 tltrbm
153 2426 264 2474 cbristus
273 2426 367 2485 aliquot
374 2426 501 2473 damnatae
511 2426 541 2471 ob
550 2426 645 2483 inferno
654 2426 799 2471 liberaverit.

56 2556 90 2605 ld
104 2558 196 2607 aestum
206 2554 241 2605 sic
253 2552 383 2619 proceditur
392 2552 436 2619 (ll.
449 2551 545 2603 Videtur
554 2553 615 2617 qubd
626 2552 730 2604 Christus
740 2551 828 2615 aliquos
916 2533 917 2592 J

42 2630 143 2679 amuatos
157 2626 186 2677 ab
200 2625 291 2675 inferno
306 2624 443 2675 liberaverit.
466 2623 555 2675 Dicitru
571 2624 634 2675 euim
649 2624 827 2681 Ieoi.,llll1i:

39 2696 260 2763 :congregabuntur
281 2695 458 2761 congregatione
480 2696 548 2748 unius
561 2694 638 2747 damis
658 2696 683 2745 in
702 2696 790 2756 lacum,
806 2698 830 2745 et
915 2753 916 2756 Ἴ

60 2852 91 2912 (ι)
106 2855 139 2899 ns
152 2853 188 2899 nu
198 2852 300 2898 ruamur
312 2852 355 2909 nr,
367 2850 508 2901 saecular.
519 2850 610 2911 Μ.
620 2850 701 2912 astra.
712 2851 738 2909 s,
748 2861 823 2906 quse
915 2817 916 2912 p

39 2916 114 2974 inuc.;
126 2922 152 2963 et
166 2916 268 2977 Opere..
280 2916 322 2975 111,
334 2926 388 2973 cup.
408 2912 464 2964 bii.

889 3095 916 3217 r
