1917 3317
106 205 279 247 ursumasr.
297 207 565 248 menandrianorum.
582 211 608 250 nr
622 210 741 252 cononi.
787 201 817 250 'll

50 273 129 333 dnnrsn
139 299 233 351 semper
246 283 359 336 intereos
372 286 416 336 luit
425 285 554 352 distinctio,
567 288 636 338 etiarn
645 292 746 354 tempore
757 292 819 355 lpo-

49 350 134 418 stoloron,
146 363 173 408 ut
188 361 255 423 patet
271 371 314 422 per
323 357 455 424 bionpsinm
468 361 496 412 V.
510 373 561 424 cap.
577 361 670 411 Erotes.
681 361 817 425 hierarch,

48 422 63 466 et
72 429 122 482 luc,
133 430 161 479 ll.
173 443 247 494 super
259 430 315 480 illud
330 444 335 478 :
348 447 362 478 ιι
376 431 492 483 Posthac
504 436 578 482 anmm
593 432 720 494 designarit
738 433 820 483 bomi-

45 501 104 553 nnc»
114 502 150 552 ete.
160 501 220 552 dicit
230 501 313 552 Glossa
325 501 375 566 (ηε
387 520 401 550 ιι
412 504 476 554 Sicut
484 504 508 553 in
516 504 630 567 Apostolis
641 504 713 554 forma
723 508 757 555 est
767 505 818 568 epi·

45 573 144 632 scolitium,
156 573 191 624 sic
202 575 229 624 in
244 573 391 638 septuaginta
403 575 490 626 duobus
499 575 616 640 discipulis
626 576 699 626 forma
712 580 748 626 est
757 589 820 640 pres·

45 629 143 711 hiltinum
163 645 264 696 meandi
285 645 381 697 ordinis.
396 663 410 695 a>
425 648 571 698 Postmodum
585 651 660 698 tamen
676 649 705 698 ad
722 648 820 698 schisma

46 711 142 776 litandum,
154 716 315 768 necessarium
332 717 374 766 luit
387 721 413 768 ut
425 719 493 768 etiam
508 719 601 769 nomina
617 718 820 781 distinguerentur,

47 779 64 823 li
73 781 137 836 sileo
147 788 251 852 majores
263 789 393 839 dicerentur
407 791 543 854 Episcopi,
554 789 653 840 minores
666 793 741 839 anmm
752 804 821 852 pres·

42 845 109 929 ριίιή.
126 859 204 912 [licere
222 865 301 910 autem
324 861 469 926 presbyteros
489 876 535 912 non
553 861 643 912 dillorre
658 861 686 910 ab
707 859 822 925 episeopis

40 929 187 992 interlogmata
198 933 308 984 haeretica
321 937 424 984 numerat
434 934 572 998 Augustinus
579 934 604 983 in
612 934 651 983 lib.
663 933 820 983 Deloereeid.

39 993 115 1053 (hares.
126 1003 201 1068 tili),
217 1003 258 1054 uhi
269 1004 330 1055 dide
338 1004 398 1069 qnbd
412 1005 503 1057 derisni
515 1005 623 1056 dicebant
634 1021 649 1052 ιι
662 1005 820 1070 presbyterum

37 1065 159 1139 abertiscopo
175 1077 242 1128 nulla
257 1076 384 1128 differentia
400 1079 510 1130 discerni.
527 1094 541 1124 ι)

61 1143 89 1191 ll
98 1150 216 1200 secundum
229 1149 367 1212 dicendum,
379 1149 439 1214 qndd
457 1149 558 1216 episcopi
572 1149 728 1214 principaliter
737 1149 822 1199 habeut

37 1222 99 1289 thiam
110 1219 182 1270 orium
199 1234 248 1270 sum
261 1221 381 1284 dimcesis3
396 1222 524 1287 presbyteri
537 1227 613 1273 antem
627 1221 699 1272 curati
712 1225 736 1271 et
748 1219 823 1270 archi·

35 1282 107 1336 diaconi
119 1291 204 1342 habent
225 1291 314 1356 aliquas
328 1292 548 1344 subministrationes
560 1295 602 1343 sub
620 1292 742 1357 episeopis.
758 1290 822 1342 Unde

37 1365 92 1415 snper
102 1359 151 1411 illud
160 1365 179 1414 l.
196 1363 233 1412 cd
246 1363 373 1420 Corinth,
387 1365 429 1414 illl
437 1381 442 1413 ι
458 1381 471 1413 ιι
486 1364 529 1414 dlii
541 1364 716 1428 opitulationes,
728 1363 767 1413 alii
781 1376 821 1426 gn·

37 1421 171 1496 bernationm,
193 1451 209 1482 s>
222 1433 278 1485 dicit
291 1435 370 1486 Glossa
384 1451 389 1485 :
404 1453 417 1484 ιι
433 1435 608 1500 opitulationes,
624 1435 648 1486 id
664 1440 714 1498 est,
729 1433 823 1496 eosqui

37 1499 138 1574 Illibitibus
153 1507 234 1558 ierunt
245 1520 329 1571 opem,
343 1511 370 1557 ut
387 1508 453 1558 Titus
467 1509 592 1573 hpostolo,
607 1509 644 1558 nel
663 1505 822 1557 archidiaconi

40 1575 140 1643 bilitonis
148 1579 348 1638 dominationes,
362 1579 450 1630 scilicet
463 1581 574 1631 minorum
586 1593 732 1644 personarum
743 1577 823 1641 praela·
883 1580 888 1588 “

37 1641 108 1704 lanes,
119 1651 281 1714 etpresbyteri
295 1654 349 1700 suna
365 1650 404 1714 quur
417 1651 478 1715 plebi
489 1653 718 1703 documentorum.»
732 1649 762 1698 st
772 1649 824 1699 nro

35 1713 102 1789 apcius
113 1720 163 1772 dicit
178 1723 209 1772 V.
222 1735 275 1786 cap.
288 1721 380 1772 Ecclcs.
392 1724 529 1784 hierarch,
538 1723 618 1788 quod«
628 1723 687 1772 siout
695 1721 824 1771 nniversam

29 1782 165 1845 hierarchiam
181 1795 292 1846 videmus
308 1795 334 1846 in
350 1795 407 1846 lesu
426 1796 580 1858 terminatam,
593 1795 625 1845 ila
642 1804 823 1857 unamquamque

30 1855 157 1915 lurchonem
170 1868 197 1918 in
212 1866 306 1932 proprio
323 1867 401 1917 divino
418 1867 551 1931 hierarcha,
564 1866 588 1917 id
607 1870 654 1929 est,
674 1865 790 1929 episcopo.
808 1879 822 1909 a

31 1926 53 1974 Et
65 1935 98 1994 ln,
110 1951 147 2000 qu.
163 1945 188 1998 l,
200 1940 299 1990 dieitur:
314 1957 327 1988 ιι
337 1939 447 1990 Omnibus
460 1938 598 2004 presbyteris
609 1944 633 1988 et
643 1936 742 1988 diaconis
751 1938 824 1985 atten-

28 2000 114 2057 dendum
127 2015 177 2074 est,
187 2015 215 2062 ut
230 2012 290 2061 nihil
304 2013 389 2074 absque
403 2012 489 2076 proprii
500 2011 603 2076 episcopi
613 2009 705 2060 licentia
722 2011 822 2071 agant.»

29 2072 58 2121 Ex
72 2091 113 2140 quo
125 2088 191 2146 patet
210 2083 274 2148 qubd
288 2084 320 2133 ita
336 2097 361 2134 se
374 2085 456 2134 habent
470 2084 498 2133 ad
516 2084 663 2149 episcopum,
679 2081 738 2131 siem
750 2077 824 2128 Baliri

30 2149 58 2196 iti
69 2157 185 2218 prepositi
202 2157 233 2206 sd
251 2157 348 2219 Regem.
363 2157 393 2205 Et
411 2160 503 2220 propter
518 2157 575 2219 hoc,
591 2155 650 2206 sicut
663 2153 687 2203 in
704 2150 825 2202 mundanis

30 2225 165 2278 illusionibus
183 2229 251 2279 solus
270 2229 320 2278 ilex
337 2228 519 2280 benedictionem
538 2228 663 2278 solemnem
676 2222 771 2287 accipit,
786 2220 825 2270 alii

33 2300 76 2342 litt
89 2311 128 2360 per
141 2299 276 2365 simplicem
292 2300 474 2350 commissionem
492 2299 656 2362 instituuntnr3
673 2298 704 2346 ila
718 2296 786 2346 etiam
800 2295 822 2342 in

36 2357 127 2438 E'oticsis
140 2387 200 2423 cura
210 2371 350 2436 episcopalis
358 2386 410 2422 cnm
419 2372 564 2422 solemnitate
578 2367 757 2422 consecrationis
764 2379 825 2417 com·

39 2437 127 2511 illlt'itur,
139 2458 200 2495 cura
212 2447 291 2494 autern
305 2443 500 2494 archidiaconatus
512 2445 549 2494 rel
562 2443 697 2507 plebanatus
706 2453 757 2490 cnm
767 2437 826 2488 sinr-

39 2500 81 2561 pho
91 2509 244 2580 aimericum
263 2521 424 2566 consecrantur
437 2519 515 2567 tamen
528 2516 554 2566 in
564 2515 708 2579 susceptione
722 2511 824 2572 ordinis,

39 2577 92 2628 ‘lim
102 2591 225 2653 mlequam
241 2602 318 2640 comm
333 2589 456 2640 habeant.-

64 2755 90 2817 (ἱ)
100 2764 165 2811 deda
174 2765 274 2810 nomine
284 2769 424 2823 praenotata,
440 2765 480 2822 qui
494 2765 527 2812 sio
541 2767 608 2822 juxta
619 2764 755 2820 presentem
768 2769 825 2825 seu·

41 2826 82 2890 Q
91 2827 163 2873 subdit
174 2827 242 2885 qudd
253 2829 346 2886 primis
356 2827 469 2874 Ecclesia
482 2826 639 2888 emporibus,
649 2830 677 2870 att
691 2822 825 2886 apostolico

40 2888 147 2997 impe
164 2893 234 2939 tutis
249 2895 300 2942 eet,
313 2893 413 2950 meipso
429 2892 561 2948 Presbyteri
579 2903 608 2936 oc
624 2887 737 2976 Episcopi
754 2895 830 2948 crocis·¹
