1917 3317
75 107 123 154 aut
268 117 328 155 runs
345 117 384 166 nr,
400 115 494 161 nnnsr.
512 117 560 168 ιιι,
579 115 634 154 ιιι.
650 117 687 156 vr.

46 241 49 244 ,
73 193 134 256 qnod
152 191 250 257 pertinet
266 194 292 243 ud
307 193 411 243 timorem
425 193 547 254 servitem,
566 196 591 242 ut
608 192 746 256 Augustinus
758 192 814 242 dicit
825 207 874 244 su·

74 277 116 329 per
128 265 222 314 (lumin.
237 272 309 316 roan.
325 265 414 329 (Trart.
426 266 457 314 rx
466 264 486 328 ).
506 265 550 315 Sed
566 265 669 315 Christus
681 277 726 314 nun
740 264 817 314 timuit
838 278 879 316 se·

74 336 149 398 parari
167 335 181 385 i
194 338 240 386 lieo
252 350 293 399 per
303 340 438 400 peecatum,
453 347 527 398 neque
541 335 608 385 etiarn
618 335 694 398 puniri
705 335 733 384 ab
742 347 769 384 eo
779 339 879 400 propter

73 408 179 471 eulpam,
198 407 251 471 quia
271 407 412 470 impossibiie
432 410 482 457 erat
501 407 522 457 ei
540 419 649 470 peccare,
663 411 689 455 ut
706 406 766 455 iniri
786 407 879 457 dicetur

73 491 113 540 qn.
126 483 164 540 15,
179 483 223 529 nrt.
235 484 246 528 i
258 484 281 529 et
294 480 333 541 2).
343 478 420 528 Timor
429 483 507 528 autern
519 491 564 528 non
576 482 611 529 est
624 479 651 528 de
660 477 801 542 impossibili.
811 479 877 542 Ergo

73 548 99 598 in
114 551 203 601 Christe
219 565 266 600 nnn
280 550 323 598 init
336 551 421 599 dunum
435 549 532 598 timoris.

105 625 129 669 3.
144 623 268 681 Prnterea,
283 622 301 670 1.
317 621 549 682 Joau.‚1v‚uicitur
562 621 621 683 qutd
636 620 760 684 «perfecta
774 620 879 672 charitas

73 692 135 742 furas
149 693 218 742 mittit
229 693 342 742 timorem.
353 709 367 738 u
382 693 427 741 Sed
437 691 461 740 in
473 691 564 742 Christe
580 692 623 741 tuit
638 692 804 755 perfectissima
819 693 879 743 cha·

75 765 140 827 ritas,
150 763 274 814 seeundum
286 763 341 812 iliud
355 764 455 826 reptes„
468 764 512 812 lii:
525 763 757 826 «snpereminentem
770 764 876 816 scientiae

73 838 207 886 charitatem
219 834 311 884 Christi.
321 851 335 881 n
349 836 409 898 Ergo
423 835 446 883 in
459 835 550 885 Christo
561 849 608 885 nun
618 835 661 885 tuit
676 837 760 886 donum
774 835 874 885 timoris.

104 907 149 957 Sed
169 910 246 956 eontra
265 910 316 967 est,
335 907 395 968 quor
410 906 491 956 dieitur
509 908 581 962 isai„
596 908 626 956 xl
646 923 652 956 ι
673 923 686 954 u
702 906 808 970 Repieirit
821 919 877 956 eum

73 977 170 1043 Spiritus
183 977 271 1027 timoris
285 977 409 1026 Domini.»

106 1049 266 1110 (concussio.
274 1049 444 1111 —Quanqnam
455 1048 479 1097 in
491 1049 581 1099 Christo
594 1048 669 1099 nullus
680 1049 747 1099 inerit
757 1049 828 1113 cnlpae
838 1051 878 1100 vet

73 1134 147 1185 poenae
160 1122 237 1181 timor,
249 1119 293 1168 iuit
305 1123 381 1168 temen
400 1119 422 1168 in
441 1120 481 1170 ilio
495 1134 540 1184 pree
555 1121 641 1171 eretems
660 1120 787 1172 huminibus
805 1121 878 1171 timor

73 1205 119 1256 qun
129 1192 228 1241 divinam
241 1191 386 1241 reverebatur
398 1191 568 1254 majestatem.)

106 1263 242 1328 Respondes
250 1262 381 1324 dicendum,
395 1261 456 1325 qnid
468 1261 525 1312 siunt
538 1263 562 1312 in
577 1263 604 1311 ΙΙ.
616 1266 675 1326 pert.
687 1263 817 1312 dictumest
828 1264 877 1327 (t),

73 1334 141 1384 timor
155 1334 248 1396 respicit
258 1334 302 1382 duo
314 1333 401 1396 objectu
413 1348 420 1383 ι
433 1346 529 1396 qnorum
538 1347 608 1382 unum
619 1337 654 1383 est
667 1335 751 1383 maium
763 1335 873 1399 terribite3

73 1404 133 1456 aliud
141 1408 177 1456 est
185 1406 239 1455 iliud
251 1405 317 1467 cujus
326 1407 436 1468 potestate
447 1406 530 1454 mnium
540 1409 616 1468 petest
626 1405 713 1465 inferri,
722 1405 780 1455 sieut
790 1407 876 1470 uliquis

72 1478 141 1528 timet
155 1491 245 1541 regem,
264 1476 410 1538 inquantum
428 1477 497 1527 habet
517 1477 634 1526 occidendi
655 1481 798 1540 potestatem.
820 1479 875 1529 Nun

73 1553 150 1599 autern
163 1550 281 1598 timeretur
290 1547 329 1596 ille
345 1547 467 1610 qnipntest
477 1560 572 1609 nocere,
588 1547 632 1597 nisi
651 1548 744 1598 heberet
754 1551 878 1612 qnamdam

74 1620 223 1671 eminentiam
234 1617 366 1683 potestatis,
377 1619 413 1668 cui
424 1619 453 1670 de
465 1618 527 1668 taciti
540 1619 615 1669 resisti
626 1632 670 1669 non
679 1621 762 1683 pnssit;
775 1633 802 1670 ea
810 1619 878 1674 enim

74 1705 125 1757 qun
139 1692 164 1741 in
175 1695 283 1755 promptu
292 1691 413 1753 habemus,
425 1690 535 1753 repellere
543 1703 589 1740 nnn
600 1691 715 1741 timemus.
726 1692 754 1741 Et
766 1692 799 1742 sir
809 1696 876 1756 patet

74 1762 135 1827 quun
152 1762 233 1825 aliquis
246 1774 292 1811 non
309 1762 403 1812 timetur
416 1762 462 1811 nisi
476 1765 568 1825 propter
584 1776 650 1812 suam
664 1763 819 1833 eminentiam.
836 1764 877 1815 Sic

74 1833 144 1898 igitur
154 1834 272 1883 dicendum
282 1837 326 1894 est,
335 1832 396 1897 quiri
408 1833 431 1882 in
441 1833 529 1884 Christo
540 1834 583 1883 init
594 1833 661 1884 timor
669 1836 718 1896 Dei,
729 1849 775 1887 nun
783 1836 876 1899 quidem

74 1904 199 1956 secundini
219 1904 279 1968 quid
295 1904 389 1968 respicit
406 1905 492 1954 maium
509 1905 660 1969 separationis
676 1906 690 1957 a
704 1908 750 1958 tien
770 1921 811 1971 per
824 1909 877 1958 cul-

72 1989 138 2041 pam,
155 1990 229 2040 neque
244 1975 312 2026 etiam
327 1976 450 2027 secundun
464 1976 524 2040 anid
539 1977 631 2041 respicit
651 1979 733 2028 malum
747 1978 875 2042 punitionis

74 2049 198 2113 prnruipn‚
213 2049 253 2098 sed
267 2047 390 2098 secundinm
399 2048 459 2111 quid
468 2049 561 2112 respicit
573 2050 645 2113 ipsam
659 2049 758 2099 diuinam
769 2051 876 2102 eminen-

73 2120 145 2180 tium,
160 2124 226 2184 prout
237 2119 324 2170 scilieet
337 2119 412 2169 anime
427 2120 510 2170 Christi
528 2121 626 2184 quodam
645 2121 728 2171 affeetu
741 2123 876 2175 reverentie

74 2192 208 2242 movebatur
225 2192 249 2239 in
263 2193 333 2241 Deum
347 2191 361 2241 a
377 2191 461 2256 Spiritu
477 2196 556 2242 saneto
579 2195 638 2241 aeta.
656 2194 719 2242 Unde
734 2193 817 2250 rreum,
836 2195 876 2259 V,

75 2262 156 2313 dieitur
166 2261 224 2325 putri
241 2279 255 2309 r
272 2263 296 2311 in
306 2263 409 2313 omnibus
424 2263 542 2313 exauditus
556 2267 590 2313 est
605 2277 646 2326 pro
660 2276 701 2314 sun
710 2265 847 2314 reverentia.
857 2281 875 2314 u

74 2335 141 2385 Eune
154 2334 215 2384 eninr
229 2334 334 2384 aiiectnm
345 2336 480 2384 reverentie
492 2335 520 2384 ad
533 2336 613 2399 Deum,
624 2335 737 2394 christus,
748 2335 874 2387 seeundum

74 2406 135 2470 quun
147 2408 223 2463 norun,
239 2420 286 2470 prae
303 2405 389 2459 caeoeris
397 2405 477 2456 hahuit
487 2407 621 2470 pleniorem.
632 2407 660 2456 Et
672 2407 722 2457 iden
736 2406 758 2456 ei
768 2407 872 2459 attribuit

74 2477 190 2541 Scriptura
204 2477 369 2541 plenitudinem
382 2476 471 2528 timoris
485 2477 583 2528 Domini.

105 2551 137 2600 Ad
157 2550 254 2614 primurn
269 2562 323 2612 ergo
336 2549 473 2612 dicendum,
486 2549 547 2614 quud
563 2550 653 2601 habitus
668 2549 777 2600 virtutum
791 2553 815 2601 et
829 2551 874 2602 dn·

73 2634 154 2673 nurum
173 2620 262 2686 proprie
276 2625 299 2672 et
312 2634 353 2686 per
368 2634 393 2671 se
407 2623 531 2686 respiciunt
546 2623 628 2674 bunum
638 2661 644 2686 ,
655 2624 738 2673 mulum
752 2626 829 2673 autem
843 2636 872 2674 ex

74 2694 236 2758 consequenti3
253 2693 351 2757 pertinet
365 2693 426 2744 enim
442 2695 470 2745 erl
484 2694 595 2746 rationem
615 2695 706 2744 virtutis
718 2698 743 2744 ut
755 2707 812 2758 opnr
829 2694 872 2746 bu-

108 2838 141 2902 (t)
157 2842 245 2898 Nempe
259 2839 282 2899 1,
294 2841 318 2900 2,
332 2852 373 2898 qu.
383 2839 423 2901 ts,
437 2845 483 2887 nrt.
495 2839 518 2900 1,
531 2842 618 2898 utinm
629 2845 733 2887 notatum
748 2838 826 2897 suprt.
