1917 3317
138 181 187 228 ιιι
339 189 401 228 atas
417 189 458 240 ιιι,
475 189 570 234 osma.
586 191 627 238 ιι,
642 188 701 228 aar.
716 188 735 226 ι.

138 265 183 320 Sed
195 265 326 316 intellectus
338 264 454 328 possibilis
468 265 550 318 animo
564 266 672 317 namne
686 278 733 316 aon
741 263 829 315 virimar
841 276 883 314 esse

138 339 241 404 potentia
254 338 283 388 acl
298 337 373 388 omnia
388 336 536 401 simpliciter,
549 338 591 388 eeu
603 339 632 388 ιι
647 336 686 387 itu
699 337 748 388 aula
760 337 819 386 cuca
828 349 872 398 gae

138 413 186 462 teat
198 409 276 462 reduci
293 409 318 458 in
331 412 407 460 actara
426 421 468 473 per
486 409 626 460 intellectum
640 413 763 473 amntem,
779 408 818 471 gui
832 412 865 457 est
878 422 895 468 pr

138 481 213 547 prium
231 481 331 532 activum
345 481 415 544 ipsis
424 495 431 544 ;
440 493 493 544 qne
506 481 600 544 gattam
614 488 670 531 aaut
681 480 842 545 modiola
854 493 896 529 serw

140 551 193 604 tim
203 553 315 604 rationem
325 553 461 604 naturalem.
477 553 537 616 llrgo
552 552 678 603 monadum
688 554 750 602 hauc
762 552 872 602 scientim
883 566 893 596 n

139 625 246 687 cognovit
260 623 364 673 Christus
374 637 401 674 ea
410 637 462 687 que
479 625 607 674 naturalem
620 624 733 674 rationem
743 625 861 675 moment.

172 701 196 746 ι.
212 697 338 756 Preterea,
353 697 512 760 phantasmata
526 710 551 746 sc
566 697 654 747 habeut
667 698 695 747 ad
708 697 847 747 intellectum
859 698 895 744 nun

140 783 211 832 num,
227 768 286 817 sicut
298 767 385 817 colores
399 768 428 817 acl
441 767 532 829 risum,
543 770 569 816 ut
582 768 664 818 (licitur
679 768 720 817 lli.
733 769 774 818 De
784 768 874 817 auimo.
885 766 898 808 ἑ-

141 853 187 890 non
204 840 304 902 pertinet
319 838 348 887 ad
362 838 528 901 perfectionem
541 837 623 889 riairae
637 839 748 902 potentie
768 852 891 902 cognoscere

140 924 193 974 que
206 915 259 961 snat
273 909 366 960 omuino
379 909 463 974 absque
479 911 564 960 colore.
579 911 639 973 Ergo
653 923 730 974 neque
743 911 774 960 arl
782 910 899 974 periectos.

141 981 273 1034 intellectis
281 981 375 1031 hirmani
386 982 486 1044 pertinet
495 994 633 1045 cognoscere
644 995 674 1032 ea
684 995 785 1046 quoram
797 993 892 1044 nonpo:

141 1067 194 1105 esse
207 1055 377 1118 phantasmata,
396 1051 455 1102 sicut
472 1057 527 1102 sunt
544 1053 679 1103 substantie
695 1057 821 1117 separatu.
834 1053 866 1101 Sic
878 1064 895 1097 r:

143 1123 196 1174 cirm
213 1123 344 1188 hujusmodi
364 1123 459 1174 scientia
479 1121 550 1174 tuerit
568 1123 594 1172 iu
612 1123 704 1174 Christe
727 1125 757 1174 ad
785 1124 891 1190 perfectio.

143 1196 225 1246 animae
236 1195 383 1245 intellectirao
392 1195 477 1258 ipsius,
490 1194 580 1245 violetur
592 1194 654 1258 quod
668 1208 710 1258 per
722 1195 857 1260 hujusmodi
865 1208 891 1243 so

142 1266 198 1317 tiam
212 1281 258 1317 non
272 1265 402 1330 cognoverit
415 1266 552 1317 substantias
564 1269 690 1331 separatas.

175 1341 199 1389 t.
215 1339 339 1398 Praeterea,
352 1339 379 1387 ad
392 1335 557 1401 perfectionem
576 1337 708 1387 intellectus
727 1350 778 1388 uon
792 1339 881 1403 pertinet

143 1423 252 1472 gnoscere
267 1408 399 1472 singularia.
414 1407 511 1458 Videtur
524 1421 578 1472 ergo
594 1407 655 1471 quid
669 1422 710 1471 per
723 1409 859 1474 hujusmodi
870 1423 894 1456 n·

143 1479 198 1532 tiam
218 1481 291 1530 anima
306 1477 392 1530 christi
406 1476 531 1542 singularia
544 1492 591 1529 non
602 1479 745 1540 cognoverit.

175 1554 219 1606 Sed
229 1558 306 1605 contra
316 1555 361 1613 est,
375 1552 435 1616 quod
449 1551 532 1602 dicitur
545 1553 618 1611 lsai„
632 1553 673 1615 ll,
688 1552 751 1616 qaod
764 1551 880 1618 «replebit

143 1625 242 1690 spiritus
260 1624 378 1688 sapientiae
397 1625 422 1674 et
439 1623 584 1686 intellectis,
600 1624 902 1676 scientiaomnium*

143 1698 227 1760 quibus
241 1697 462 1759 comprehenduntur
473 1696 550 1745 omnia
559 1695 734 1759 cognoscibilia3
744 1709 802 1746 nam
811 1693 840 1746 ad
852 1711 889 1755 clap

147 1767 210 1816 ttom
230 1767 328 1830 pertinet
341 1766 441 1830 cognitio
456 1766 560 1816 omnium
582 1766 725 1830 divinorum,
741 1769 770 1817 ad
795 1767 894 1817 intellec*

145 1841 221 1888 autem
239 1837 337 1901 pertinet
355 1837 457 1899 cognitio
478 1836 582 1886 omniurn
602 1835 811 1899 immaterialium,
828 1839 855 1888 ad
869 1849 888 1883 ro

147 1911 212 1959 tiam
229 1912 303 1960 autem
312 1908 411 1972 pertinet
424 1909 526 1972 cognitio
539 1907 640 1959 omnium
654 1909 832 1959 conclusionum
841 1947 847 1970 ‚
856 1910 880 1956 at

144 1979 237 2030 sitium
252 1983 327 2030 autem
344 1977 444 2043 cognitio
459 1978 562 2031 omnium
575 1978 703 2042 agibilium.
715 1980 777 2043 lirgo
792 1981 897 2036 videtote

146 2052 251 2102 Christus
259 2087 267 2113 ,
276 2050 399 2101 secuntum
413 2050 533 2101 scientiam
547 2051 641 2100 inditam
655 2049 700 2100 stoi
709 2064 751 2114 per
764 2051 874 2115 Spiritum

145 2127 211 2186 tum,
225 2121 331 2172 hahuerit
344 2123 446 2173 omnium
460 2123 626 2186 cognitionem.

178 2193 436 2258 (cornone-cin
446 2194 548 2245 deonert
558 2194 657 2242 animam
666 2191 751 2243 Christi
761 2192 841 2244 verto
850 2189 884 2240 [tei
897 2224 900 2232 ·

146 2270 207 2328 ran,
224 2265 315 2316 omnino
326 2265 450 2330 perfectam
466 2278 517 2317 esse
532 2277 573 2328 per
586 2263 705 2313 scientiam
724 2262 825 2314 inditam
836 2263 870 2311 rel
885 2276 896 2306 n

147 2349 215 2400 sana,
233 2337 309 2388 omnia
327 2337 396 2387 etiam
413 2335 541 2388 necessarii>
562 2334 685 2398 cognorit,
700 2334 802 2399 excepti
822 2330 892 2384 divini

146 2406 249 2472 sentit.)

177 2480 313 2544 Respondeo
323 2477 459 2539 dicendum,
478 2476 538 2542 quod
552 2475 613 2527 sicut
627 2476 692 2541 prius
705 2472 794 2526 dictum
807 2479 844 2528 est
854 2477 893 2536 (or

146 2554 191 2610 art.
203 2549 236 2614 t),
247 2551 386 2602 conveniens
395 2549 439 2600 tuit
448 2553 473 2598 ut
482 2548 648 2600 animatoristi
656 2547 750 2598 omnino
762 2553 828 2600 esset
837 2547 893 2613 peris

147 2635 189 2688 per
206 2622 250 2672 lroc
264 2620 325 2685 qaod
339 2618 412 2671 omnis
431 2619 483 2683 ejus
500 2619 655 2684 potentialiter
671 2619 701 2669 sit
714 2618 811 2671 redacta
823 2621 853 2670 ad
865 2633 906 2679 ac„

147 2695 188 2746 Est
204 2697 280 2742 autem
298 2690 487 2740 considerandum
506 2689 569 2753 qaod
583 2689 610 2740 in
624 2689 700 2741 anima
719 2691 837 2757 humana,
851 2690 899 2739 siin

147 2761 249 2828 qnalibet
262 2767 364 2812 creatura
374 2760 550 2823 ‚consecrator
562 2761 648 2824 duplex
658 2761 762 2824 potentia
781 2762 871 2826 passiva
882 2775 887 2806 :
898 2773 903 2797 ι

148 2833 238 2896 guidem
251 2847 292 2897 per
308 2831 503 2895 comparationem
519 2833 550 2880 acl
561 2843 632 2894 agens
650 2832 770 2896 namraeg
784 2833 828 2883 aliu
839 2830 889 2881 rori
903 2822 906 2901 t

148 2903 340 2966 comparationem
351 2901 379 2950 at
392 2913 462 2962 agens
473 2900 573 2963 primum
579 2937 589 2963 ,
598 2902 660 2965 quod
669 2906 745 2966 potam
756 2902 879 2966 permitur
886 2904 906 2989 rr!
