1917 3317
139 177 187 226 llo
225 185 474 238 recompensemus,
489 185 583 232 ounsr.
600 184 717 237 mxxxvi,
734 163 788 224 n'rrr.
808 186 840 225 rs.

140 275 216 315 corum
229 275 282 326 rus,
293 266 317 313 et
328 265 376 314 usto
389 262 512 327 perlectus.
527 279 542 310 u
552 262 598 313 Sed
615 263 768 327 exemplatum
780 276 825 314 non
840 258 916 325 oportet

139 333 200 400 qudd
213 334 308 386 excedat
323 334 446 399 exemplar.
459 335 517 399 Ergo
531 347 578 386 non
592 333 712 400 requiritur
729 336 756 385 ad
770 333 915 400 perlectionem

140 404 256 468 religionis
268 408 376 470 perpetua
392 405 540 456 continentia.

173 480 196 526 d.
215 475 338 537 Preterea,
348 476 402 527 illud
419 477 480 541 quod
494 475 615 542 requiritur
627 478 655 528 ad
668 476 832 542 perlectionem
844 475 918 539 religio

48 602 54 614 x
142 547 191 609 nis,
205 546 304 598 inomni
319 548 427 612 religione
441 547 563 600 invenitur.
582 549 639 599 Sunt
654 553 729 600 autem
745 549 815 614 aliqui
832 545 918 611 religiosi

142 619 183 682 qui
199 618 305 671 uxoribus
318 624 418 671 utuntur.
430 621 480 672 lton
492 633 546 686 ergo
558 620 669 686 religiosis
679 619 789 685 perfectio
800 621 870 686 exigit
878 631 919 684 per·

141 694 234 756 petuam
250 691 419 744 continentiam.

175 763 219 814 Sed
231 767 309 814 contra
328 767 378 828 est,
393 763 453 829 quod
471 763 593 828 Apostolus
610 763 639 814 ll.
659 762 695 812 ud
714 763 786 823 Gon,
800 765 851 817 vu.
865 762 920 814 dicit:

145 835 303 886 ‹elluudemus
321 837 404 887 nesab
424 836 487 886 omui
502 835 672 899 inquinamento
694 833 767 884 munis
787 840 813 886 et
832 835 921 902 spiritus,

142 907 288 973 perficientes
298 907 497 959 sanctificationem
507 906 638 958 nostramiu
649 906 727 960 bmorc
737 907 787 957 liei.
799 909 864 960 »sed
873 919 922 957 mun·

144 977 200 1029 ditia
212 978 287 1030 caruis
306 983 329 1030 et
343 979 437 1044 spiritus
450 981 595 1030 conservatur
612 992 653 1042 per
664 977 844 1043 continentiam
858 977 923 1029 dicitur

144 1049 205 1100 enim
218 1051 238 1102 l.
254 1050 378 1112 Gor.,V11
396 1066 402 1100 :
426 1051 540 1126 obinde·
550 1050 646 1114 innupta
664 1053 688 1100 et
704 1050 766 1114 virgo
785 1053 870 1115 cogitat
886 1059 923 1112 qul

143 1122 233 1172 Domini
244 1127 311 1186 sunt,
327 1122 393 1174 utsii
406 1125 484 1173 sancta
496 1127 520 1172 ct
531 1135 625 1186 corpore
638 1125 662 1172 et
680 1121 770 1185 spiritu.
785 1138 801 1169 u
815 1124 875 1188 Ergo
886 1133 923 1186 per·

144 1193 212 1245 lectio
225 1194 340 1258 religionis
353 1194 446 1259 requirit
459 1193 629 1246 continentiam.

175 1265 464 1330 (Consuesse-Votum
482 1269 596 1330 perpetua
613 1265 758 1318 continentie
774 1267 895 1332 requiritur
907 1264 926 1313 al

143 1337 258 1402 religionis
271 1337 434 1402 perlectionem
444 1335 505 1388 sicut
514 1338 641 1389 uoluntaria
651 1336 801 1404 paupertas.)

175 1411 308 1476 Respondeo
322 1410 457 1472 dicendum,
471 1409 531 1474 qudd
542 1410 571 1461 ad
587 1413 671 1460 sulum
688 1408 804 1474 religionis
816 1410 929 1475 requirlur

145 1483 268 1534 subtractio
280 1496 359 1534 eorum
369 1496 410 1547 per
420 1495 470 1547 que
483 1483 551 1532 bonro
567 1481 689 1546 impeditm
701 1495 730 1532 ne
743 1482 829 1532 ieratm
843 1483 930 1534 totaliter

144 1553 168 1604 in
182 1554 223 1604 bei
233 1553 358 1605 seruitium.
369 1553 427 1605 Usus
440 1556 515 1604 autem
526 1553 621 1604 umetis
634 1554 720 1618 copula
732 1553 826 1604 retrahit
840 1556 930 1605 animun

144 1637 174 1678 ne
192 1625 290 1676 totaliter
307 1626 391 1676 leretur
405 1625 430 1675 in
442 1625 484 1676 llei
500 1625 615 1677 seruitium
632 1623 750 1689 dupliciter
767 1640 775 1674 ε
794 1637 847 1676 uno
861 1626 932 1683 modo,

144 1701 237 1764 propter
249 1696 416 1749 vehementiam
432 1696 603 1758 delectationis,
616 1709 647 1746 ex
659 1697 725 1760 cujus
743 1695 863 1761 frequenti
877 1710 934 1761 expe·

145 1769 225 1820 rientia
239 1772 334 1832 augetur
350 1767 545 1832 concupiscentia,
562 1771 589 1817 ut
602 1768 669 1818 etiam
680 1767 833 1832 Philosophus
851 1769 906 1821 dicit
916 1769 934 1817 iu

145 1842 183 1892 lll.
198 1841 363 1902 didicerem,
380 1841 449 1906 (cap.
463 1841 522 1905 11).
533 1841 561 1891 lit
576 1840 630 1890 iude
640 1843 675 1891 est
687 1838 747 1904 quod
760 1853 818 1890 usus
829 1853 936 1893 venereo

144 1925 195 1962 rum
207 1913 301 1964 retrahit
311 1912 411 1962 animum
427 1912 454 1963 ab
473 1911 511 1961 illa
531 1911 632 1975 perlecta
649 1911 777 1962 intemionc
789 1912 901 1964 tendendi
917 1913 934 1961 in

144 1987 224 2038 Deum.
234 1985 264 2035 Et
275 1986 318 2036 boc
331 1988 366 2035 est
379 1983 440 2048 qudd
454 1983 593 2047 eugeniano
607 1982 662 2034 dicit
672 1982 725 2034 inl.
740 1983 935 2050 soliloquiorum

147 2061 216 2124 (cap.
232 2057 280 2121 lb)
298 2073 304 2106 :
320 2056 405 2107 uNibil
422 2069 474 2106 esse
491 2056 565 2106 sentio
577 2056 636 2118 quod
650 2055 723 2119 magis
738 2069 768 2106 ex
780 2068 835 2108 arce
849 2058 937 2123 dejiciat

145 2128 245 2180 animum
265 2128 368 2189 mtrem,
386 2127 454 2193 quam
468 2126 622 2177 blandimenta
639 2127 760 2189 imminua,
775 2140 937 2192 corporumque

53 2221 62 2242 ·
145 2201 183 2252 ille
197 2203 312 2252 contactus
322 2239 328 2263 ,
339 2199 388 2252 sine
398 2212 443 2265 quo
454 2211 511 2250 uxor
523 2198 602 2250 haberi
618 2212 664 2249 non
674 2203 758 2263 potest.
771 2215 785 2246 u
796 2200 846 2252 elio
860 2203 938 2260 modo,

145 2277 236 2339 propter
255 2272 427 2324 sollicitudiuem
442 2283 510 2336 quarn
529 2270 611 2334 ingerit
626 2270 713 2321 bomini
730 2271 758 2322 de
777 2271 939 2333 gubernatione

146 2343 236 2409 uxoris,
245 2348 268 2396 ct
276 2345 372 2395 bionum
383 2347 406 2396 el
414 2356 489 2395 reruni
497 2342 654 2407 temporalium
664 2355 715 2407 quae
724 2344 752 2393 ad
761 2355 842 2394 corum
851 2349 940 2396 susten·

145 2416 253 2468 tationem
263 2415 383 2466 sufficiant.
394 2415 457 2466 Unde
465 2415 589 2478 Apostolus
599 2414 665 2479 dicit,
672 2413 734 2478 qubd
743 2414 803 2478 equi
810 2415 861 2466 sine
873 2430 940 2468 uxore

146 2492 196 2552 est,
207 2487 315 2540 sollicitus
322 2490 358 2539 est
371 2490 484 2552 quaeunt
495 2485 891 2552 bomini‚qnomodoplacealbeo;
908 2503 937 2552 qu

146 2564 222 2610 autem
236 2567 288 2609 cunt
300 2571 369 2610 uxore
380 2562 428 2623 est,
439 2558 550 2610 sollicitus
562 2563 598 2610 cst
609 2572 660 2622 que
673 2563 727 2611 sunt
737 2559 834 2620 mundi,
844 2564 870 2610 et
886 2575 940 2626 quo-

146 2631 212 2681 modo
224 2630 311 2695 placeat
329 2630 426 2682 uxori.»
442 2631 469 2680 Et
479 2630 531 2682 ideo
543 2630 681 2682 continentia
694 2633 803 2695 perpetua
819 2633 940 2695 requiritur

145 2704 173 2754 ad
181 2702 343 2767 perlectionem
356 2701 483 2768 religionis,
491 2703 550 2753 sicut
562 2707 586 2755 et
595 2701 721 2754 uoluntaria
733 2706 865 2767 paupertas.
878 2705 940 2754 llnde

145 2777 205 2825 sicut
223 2774 340 2824 damnatus
354 2779 390 2825 est
411 2774 557 2840 vigilantius,
575 2775 615 2840 qui
634 2773 760 2838 adequavit
777 2774 871 2825 dividas
887 2790 938 2840 pau

144 2845 241 2912 pertati3
257 2846 289 2897 ita
311 2847 429 2899 damnatus
445 2851 480 2900 est
497 2847 642 2910 lucinianus,
663 2845 704 2911 qui
722 2846 851 2913 adaequarit
865 2851 939 2900 matri

146 2918 248 2972 monium
257 2917 391 2985 uirginitati.
