1917 3317
309 164 341 203 or
356 164 438 204 nourr
453 164 556 213 muru.
781 157 831 208 stu

40 254 61 289 n
92 252 209 294 numero
230 238 389 307 suppositum,
405 240 508 294 diuinum
528 240 632 304 solut,
650 242 712 295 idom
735 256 831 295 numero

42 311 160 375 pliciter
179 310 238 373 fuit,
260 312 338 361 virum
357 314 380 363 et
402 315 531 377 mortuum3
545 326 592 364 nou
611 313 656 364 fuit
673 316 750 367 autern
770 314 831 367 idom

40 396 109 433 uero
131 382 273 446 totaliter.)

40 458 197 521 lespondeo
217 456 352 519 dicendum,
369 452 429 521 quod
447 456 492 507 hoe
508 457 569 519 quod
583 456 652 519 dico,
665 457 832 524 simpliciter!

40 532 83 577 est
105 526 197 591 accipi
214 526 352 591 dupliciter:
368 526 418 577 Uno
435 527 503 578 modo
516 526 640 578 secmdhm
653 526 714 591 quod
727 529 831 593 simpli-

41 616 72 647 or
87 598 170 651 idem
179 602 215 651 est
226 600 286 663 quod
302 598 427 652 obsoleti,
440 596 500 649 siout
510 598 667 663 simpliciter
679 598 760 649 dieitur
770 602 831 663 quoi

40 670 71 719 llo
88 669 183 721 addito
202 669 299 729 dieitur,
321 672 347 721 ut
367 668 520 733 Philosophus
536 668 591 720 dicit
608 669 667 731 (lih.
687 669 715 720 ll.
736 672 828 735 Pupio„

40 754 79 804 ipe
100 740 211 805 finem).
226 741 255 790 Et
268 742 312 791 hoo
321 740 479 805 modooorpus
491 740 576 790 Christi
586 744 699 791 mortuum
709 742 829 807 elvirum,

40 810 164 875 upliciter
179 810 293 863 fuitidem
307 824 415 873 numeuo;
428 810 584 868 diciturenim
599 812 685 876 should
701 824 753 863 esse
768 812 829 863 idem

40 896 113 934 mero
132 882 284 947 simpliciter,
303 882 357 945 quia
375 886 410 933 est
425 882 543 947 supposito
560 882 630 933 idem.
651 884 739 949 Corpus
753 888 830 936 nutem

40 954 101 1005 ¹nisti
117 955 206 1007 viuum
219 958 242 1005 el
255 957 378 1015 mortuum,
387 954 431 1005 tuit
442 953 561 1019 supposito
574 954 650 1015 ilem,
659 955 713 1019 quia
723 968 770 1006 non
783 958 829 1006 hu-

40 1025 61 1073 it
75 1025 158 1079 uliam
169 1026 325 1091 hypostasim,
334 1025 412 1075 viuum
425 1029 448 1077 et
461 1029 585 1089 mortuum,
595 1030 678 1089 preter
687 1027 829 1092 hypostasim

40 1098 99 1160 uhi,
118 1101 151 1148 ut
175 1097 244 1162 suprh
265 1097 349 1147 dictum
367 1099 402 1148 est
415 1097 473 1162 (ort.
484 1097 524 1161 Ξ).
539 1098 569 1146 Et
587 1098 632 1148 hoo
648 1099 714 1150 modo
731 1098 830 1162 loquitur

40 1168 169 1221 hunusius
195 1170 219 1219 iu
242 1168 376 1219 auctoritate
397 1168 566 1219 tronchoso
587 1169 655 1219 ruodo
674 1170 829 1235 simpliciter

40 1252 77 1288 eur
101 1244 145 1292 est
164 1241 225 1305 quod
247 1240 340 1291 omniuo
357 1242 396 1291 uel
411 1240 527 1303 totaliter3
542 1243 566 1291 et
582 1240 617 1291 sio
638 1254 719 1305 oorpus
740 1242 829 1293 Christi

40 1315 142 1363 ortuum
164 1311 283 1363 elvirum
305 1325 351 1363 non
369 1312 414 1362 luit
426 1312 558 1376 simpliciter
574 1312 635 1363 idem
653 1326 759 1376 numero,
776 1314 829 1377 quia

40 1395 65 1431 nn
78 1384 237 1435 luittotaliter
247 1383 377 1446 illusorium
387 1384 436 1434 vita
448 1384 478 1434 sit
487 1384 573 1448 aliquid
583 1385 611 1434 cle
622 1384 721 1435 essentia
727 1384 828 1449 eorporis

40 1456 142 1519 uentis3
156 1459 193 1505 est
211 1455 273 1506 enim
295 1456 442 1519 predicatum
464 1456 597 1519 essentiale,
612 1468 659 1505 non
683 1455 828 1506 assidentsle.

40 1527 85 1576 ude
107 1540 256 1591 consequeus
274 1527 383 1591 estquod
397 1540 480 1591 oorpus
498 1528 559 1591 quod
572 1526 655 1578 desiuit
670 1540 719 1577 esse
736 1526 827 1589 uirum,

40 1608 68 1644 nn
84 1600 191 1651 totaliter
203 1600 262 1651 idem
277 1602 399 1651 remaneat.
414 1598 439 1648 Si
455 1602 530 1649 sutem
543 1597 655 1649 diceretur
667 1597 728 1661 quod
747 1610 830 1662 corpus

40 1668 112 1720 hristi
131 1676 246 1722 mortuum
266 1670 365 1721 totaliter
382 1669 443 1720 idem
459 1673 602 1733 remuneret,
616 1676 749 1733 sequeretur
767 1668 829 1733 quod

40 1751 73 1787 nn
84 1746 300 1807 surreptionum,
313 1741 456 1807 oorruptioue
464 1740 515 1793 diro
526 1740 612 1804 mortis
622 1742 683 1803 quod
691 1744 726 1791 est
736 1742 828 1794 haeresis
870 1759 875 1771 ’

40 1811 196 1875 isjnnstamm,
205 1818 230 1865 ut
240 1814 338 1864 Isidorus
349 1813 417 1875 dicit,
432 1816 455 1865 et
463 1814 560 1863 habetur
572 1813 597 1861 in
613 1814 735 1869 Decretis,
747 1813 828 1873 xlllv,

40 1896 65 1941 ll·
82 1889 107 1933 3.
129 1888 160 1937 ut
174 1888 324 1937 humaseeuus
338 1884 391 1935 dioit
403 1886 428 1935 iu
445 1886 485 1937 lll.
505 1884 559 1945 lih,
571 1883 661 1947 quod«
680 1884 829 1948 corruptionis

41 1966 113 2007 uorueu
127 1959 173 2009 dno
187 1956 316 2021 signifieat:
331 1970 376 2007 uuo
390 1958 465 2019 modo,
480 1954 645 2021 separationem
659 1955 740 2006 auimo
757 1955 828 2007 hcor-

40 2038 97 2089 nore,
113 2035 139 2081 et
157 2028 201 2083 ulia
214 2029 360 2093 hujusrnodi3
373 2028 416 2081 alio
431 2028 510 2089 modo,
524 2028 647 2092 perlectum
658 2028 828 2078 dissolutionem

40 2110 58 2144 u
76 2100 199 2153 elemento.
217 2102 277 2165 ltrgo
295 2098 463 2165 incorruptibile
477 2100 551 2151 disere
568 2112 650 2165 corpus
667 2098 757 2150 homiui
771 2100 827 2163 (se-

40 2170 133 2223 nundin
142 2173 255 2223 lulianum
266 2177 289 2223 et
300 2170 560 2235 stunum),seouudhm
571 2170 668 2235 priunum
679 2169 828 2235 corruptionis

41 2242 125 2293 iiuodum
136 2248 189 2295 aute
199 2244 401 2305 resurrectionem,
417 2245 454 2293 est
462 2241 556 2306 impiuuu
565 2280 572 2303 ,
581 2242 635 2307 quia
648 2256 731 2306 corpus
744 2242 828 2293 Christi

42 2320 80 2359 nou
98 2317 160 2367 esset
183 2314 373 2366 consubstantiale
390 2314 469 2375 nohis,
489 2328 532 2365 neo
552 2315 577 2363 iu
597 2311 693 2364 uentris
716 2318 828 2364 mortuum

43 2386 108 2447 osset,
131 2399 175 2437 neo
197 2384 321 2437 senundhm
345 2387 464 2437 ueritatem
492 2386 572 2435 salvati
591 2398 702 2436 essemus.
725 2386 827 2438 Secundo

43 2456 110 2507 autern
122 2458 189 2511 modo
203 2470 284 2521 corpus
297 2456 380 2507 Christi
393 2456 437 2506 luit
447 2456 634 2520 iuoorruptunu.»

71 2526 101 2577 hu
116 2528 212 2595 primum
227 2542 280 2593 ergo
294 2528 431 2590 dicendum,
445 2526 507 2593 quod
519 2542 599 2593 eorpus
613 2530 726 2577 mortuum
745 2526 827 2590 eujus-

47 2602 131 2662 llmque
145 2600 236 2653 alterius
254 2599 354 2651 hominis
373 2612 418 2649 uou
431 2603 533 2649 remanet
550 2600 639 2649 unitum
661 2597 729 2649 alicui
743 2601 829 2665 hypos-

47 2664 82 2715 tusi
90 2672 227 2733 permanenti
237 2710 243 2733 ,
254 2672 315 2721 siout
325 2684 406 2735 corpus
416 2670 501 2721 Christi
513 2674 633 2723 mortuum.
643 2671 673 2720 Et
682 2671 734 2721 ideo
745 2685 826 2739 oorpus

50 2743 147 2812 horinurn
160 2745 322 2807 cujuscumque
338 2742 430 2793 ulterius
443 2741 542 2793 hominis
558 2754 605 2792 uon
619 2744 655 2791 est
667 2741 728 2792 idem
741 2742 828 2807 simpli·

50 2810 103 2875 sutor,
112 2814 148 2865 sel
163 2812 286 2865 secuudhuu
300 2812 354 2879 quid
361 2850 370 2877 ,
381 2813 432 2878 quir
446 2818 482 2865 est
495 2814 554 2866 idem
567 2814 691 2866 seruiium
700 2816 827 2877 museum,

51 2886 88 2928 nou
104 2888 174 2937 nutem
193 2885 254 2938 item
273 2884 398 2948 senuphius
416 2886 520 2946 tunsus.
536 2885 626 2952 corpus
644 2891 721 2945 autom
744 2888 829 2949 Christi
