1917 3317
216 214 249 250 ns
263 210 436 252 remurinus
450 212 555 253 enimn.
739 204 786 253 ntn

47 286 56 333 ι’
65 298 101 337 nou
113 287 237 353 bapdsrrit
252 288 278 340 in
296 289 399 355 Spiritu,
411 291 452 341 sed
466 291 540 342 sotum
555 290 581 342 in
594 302 668 355 apua;
683 292 788 344 tirristns

47 370 72 407 on
89 360 194 423 spirituali
213 360 349 425 baptimate
364 374 412 413 non
430 362 562 425 indigebat,
578 363 618 427 qni
640 362 786 429 dpriucipio

48 444 51 478 e
62 431 204 496 conceptionis
214 431 287 496 gratia
300 432 397 497 Spiritus
410 428 484 484 sahmi
503 434 602 498 repletus
613 436 665 499 iuit‚
682 438 708 485 ut
726 438 790 501 patet

48 483 109 564 dom
127 508 151 555 ss
168 506 220 555 osc
234 508 271 555 sss
286 504 345 556 rasso
364 506 529 571 cogroscunt.
550 506 669 570 secunus,
684 510 710 557 u
727 508 789 559 neus

49 577 62 634 t,
72 575 218 640 «baptimus
227 579 264 627 est
273 576 386 641 baptismo
397 578 505 640 tunnis,
516 581 542 627 ut
553 578 667 641 baptismo
678 592 721 629 suo
730 578 789 643 bep-

48 659 81 693 um
94 647 185 698 ioannis
203 648 398 711 comprobaret.»
415 646 508 709 imit,
526 646 585 699 sicut
602 648 724 713 Gregorius
741 650 788 701 Na·

50 730 107 769 uenus
117 718 171 782 (ubi
184 718 278 784 supra),
289 718 352 780 dicit,
365 720 479 771 «Accedit
488 719 593 771 cbristus
606 719 634 770 ad
647 721 786 786 baptismum

47 791 81 839 ruis
87 828 95 853 ,
108 789 291 842 muciifleatnrus
302 790 448 855 baptismum.
464 808 479 839 u

47 862 160 924 dprimum
179 875 234 925 ergo
248 861 368 912 dicendum
378 900 385 926 ,
396 862 457 927 qnbd
478 863 538 914 sieut
552 862 621 927 supni
634 862 720 913 dictum
734 866 784 927 est,

49 936 90 984 stus
106 934 217 999 baptizari
238 933 326 996 votuit,
347 938 373 984 nt
389 948 432 986 nos
450 948 493 986 suo
506 936 612 1000 exempto
628 936 745 986 induceret
756 936 786 985 ed

48 1003 127 1056 isnum.
138 1007 170 1056 nt
181 1005 242 1068 ideo,
251 1006 280 1055 ad
292 1006 336 1056 boc
346 1006 405 1069 qudd
417 1010 479 1057 esset
489 1006 602 1057 efficacior
613 1004 664 1070 ejus
674 1006 786 1069 inductio,

47 1075 62 1124 it
80 1076 190 1140 baptizari
207 1076 321 1141 baptismo
341 1090 387 1141 quo
406 1077 529 1129 manifeste
546 1090 593 1128 non
616 1076 747 1141 indigebat,
761 1082 787 1128 ut

47 1148 89 1199 ines
106 1150 135 1200 ad
160 1148 302 1213 baptismum
322 1149 472 1211 accederent,
493 1162 538 1213 quo
556 1148 697 1212 indigebant.
721 1148 786 1200 ttude

49 1219 112 1271 mnus
129 1219 189 1271 dicit
201 1233 279 1283 super
291 1220 350 1270 tec.
369 1237 377 1269 .·
393 1222 489 1271 «Nemo
500 1220 598 1285 refugiat
608 1221 723 1270 lavacrum
735 1233 789 1283 gra·

48 1294 132 1353 quando
140 1291 247 1343 cbristus
259 1290 372 1341 tamarum
385 1292 527 1357 poenitentia
538 1305 584 1343 non
598 1291 690 1355 refugit.
707 1307 721 1338 n

47 1363 186 1416 tsecuudum
200 1362 329 1423 dicendum,
346 1362 405 1428 qnod
419 1364 546 1428 baptismus
558 1364 686 1414 tndaornm
700 1362 725 1413 iu
735 1363 787 1427 iege

48 1439 121 1500 optus,
142 1438 196 1486 erat
217 1434 291 1485 sctum
315 1434 431 1500 figuratim
445 1434 574 1499 baptismus
595 1437 670 1484 autem
692 1434 787 1485 ioannis

48 1507 106 1557 niter
117 1510 170 1557 erat
183 1505 268 1568 realis,
282 1506 429 1570 inquantum
440 1507 565 1557 inducebat
573 1505 679 1556 homines
692 1505 720 1555 ad
733 1506 784 1555 abs-

48 1579 123 1629 dumd
142 1578 261 1643 peccatis3
278 1577 404 1643 baptismus
427 1580 505 1629 antem
521 1576 606 1628 Christi
618 1576 686 1627 babet
705 1576 788 1626 eides·

56 1650 183 1701 mundandi
206 1647 385 1712 ipsummet
405 1650 501 1713 gratiam
519 1649 660 1701 conterendi.
677 1648 787 1699 Chri=stus

48 1736 55 1769 r
75 1736 157 1787 neme
175 1720 294 1784 indigebat
311 1722 428 1785 percipere
446 1720 605 1772 remissionem
628 1724 786 1785 peccatorum,

50 1792 74 1842 in
92 1808 121 1845 eo
146 1807 197 1845 uon
220 1797 299 1855 amnt,
314 1806 389 1857 neque
410 1794 512 1857 recipere
526 1792 633 1856 gratiam,
646 1804 692 1855 qua
704 1790 788 1855 plenus

49 1867 163 1917 Similiter
171 1863 250 1927 etiam,
264 1878 315 1914 cnm
329 1864 380 1927 ipse
390 1864 422 1915 sit
434 1864 533 1921 veritas,
543 1875 590 1914 non
602 1864 745 1928 competebat
764 1864 788 1915 ei

47 1938 71 1986 nd
81 1939 106 1987 in
117 1937 172 1989 sota
187 1936 260 1999 flgnru
271 1936 408 1999 gerebatur:
418 1939 443 1986 et
453 1935 505 1985 ideo
518 1934 590 1999 mags
604 1948 728 1999 congruum
741 1934 788 1987 init

49 2008 210 2073 baptisaretur
221 2007 334 2070 baptismo
348 2007 435 2066 medio.
450 2018 519 2070 mam
532 2006 609 2069 atiquo
622 2009 786 2058 extremorum.

58 2081 155 2130 tertium
170 2078 310 2139 denudum,
324 2075 383 2140 codd
398 2077 524 2141 baptismus
542 2079 578 2127 cst
590 2077 700 2141 quoddam
719 2078 786 2142 spiri·

52 2151 195 2201 remedium.
209 2147 300 2207 Quanto
312 2150 388 2197 antem
402 2147 486 2213 aliquid
500 2150 536 2199 est
555 2147 628 2211 magis
641 2148 784 2212 perrectum,

48 2222 134 2273 minori
149 2218 259 2271 remedio
268 2218 364 2282 indiget.
375 2220 439 2270 itudo
451 2229 480 2269 ex
492 2219 537 2269 hoc
547 2218 598 2281 ipsc
609 2216 669 2281 quid
679 2218 786 2271 christus

48 2292 130 2343 ramme
143 2290 280 2356 periectm,
293 2288 433 2340 conueniens
446 2289 491 2340 init
503 2287 564 2352 quod
577 2300 624 2339 non
633 2288 786 2353 baptizaretur

47 2364 142 2417 sissimo
154 2361 289 2427 baptismo3
301 2362 362 2412 deut
375 2361 413 2412 ille
425 2361 465 2427 qui
484 2364 520 2412 est
532 2372 618 2423 senne,
635 2374 683 2413 nou
695 2361 789 2425 indiget

48 2437 56 2485 i
69 2435 204 2489 medicina.
