<?xml version="1.0" encoding="UTF-8"?>
<!DOCTYPE html PUBLIC "-//W3C//DTD XHTML 1.0 Transitional//EN"
    "http://www.w3.org/TR/xhtml1/DTD/xhtml1-transitional.dtd">
<html xmlns="http://www.w3.org/1999/xhtml" xml:lang="en" lang="en">
 <head>
  <title>
</title>
<meta http-equiv="Content-Type" content="text/html;charset=utf-8" />
  <meta name='ocr-system' content='tesseract 3.04.00' />
  <meta name='ocr-capabilities' content='ocr_page ocr_carea ocr_par ocr_line ocrx_word'/>
</head>
<body>
  <div class='ocr_page' id='page_1' title='image "./summatheologica02nicogoog_0870.png"; bbox 0 0 1917 3317; ppageno 0'>
   <div class='ocr_carea' id='block_1_1' title="bbox 158 199 823 248">
    <p class='ocr_par' dir='ltr' id='par_1_1' title="bbox 158 199 823 248">
     <span class='ocr_line' id='line_1_1' title="bbox 158 199 823 248; baseline 0.009 -6"><span class='ocrx_word' id='word_1_1' title='bbox 158 206 188 242; x_wconf 83' lang='lat' dir='ltr'><strong>rm</strong></span> <span class='ocrx_word' id='word_1_2' title='bbox 203 204 281 244; x_wconf 80' lang='lat' dir='ltr'><strong>eausa</strong></span> <span class='ocrx_word' id='word_1_3' title='bbox 296 205 435 246; x_wconf 74' lang='lat' dir='ltr'><strong>mrum</strong></span> <span class='ocrx_word' id='word_1_4' title='bbox 449 205 571 247; x_wconf 77' lang='lat' dir='ltr'><strong>cassionis</strong></span> <span class='ocrx_word' id='word_1_5' title='bbox 588 207 690 247; x_wconf 84' lang='lat' dir='ltr'><strong>unrrsrr.</strong></span> <span class='ocrx_word' id='word_1_6' title='bbox 779 199 823 248; x_wconf 75' lang='lat' dir='ltr'><strong>etl</strong></span> 
     </span>
    </p>
   </div>
   <div class='ocr_carea' id='block_1_2' title="bbox 13 283 826 2772">
    <p class='ocr_par' dir='ltr' id='par_1_2' title="bbox 18 283 826 418">
     <span class='ocr_line' id='line_1_2' title="bbox 48 283 826 348; baseline 0.009 -16"><span class='ocrx_word' id='word_1_7' title='bbox 48 283 103 333; x_wconf 87' lang='lat' dir='ltr'><strong>Sed</strong></span> <span class='ocrx_word' id='word_1_8' title='bbox 117 284 195 332; x_wconf 72' lang='lat' dir='ltr'><strong>conoe</strong></span> <span class='ocrx_word' id='word_1_9' title='bbox 218 284 269 343; x_wconf 85' lang='lat' dir='ltr'><strong>cst,</strong></span> <span class='ocrx_word' id='word_1_10' title='bbox 290 284 349 346; x_wconf 81' lang='lat' dir='ltr'><strong>qnod</strong></span> <span class='ocrx_word' id='word_1_11' title='bbox 368 285 452 335; x_wconf 89' lang='lat' dir='ltr'><strong>dicitur</strong></span> <span class='ocrx_word' id='word_1_12' title='bbox 466 285 572 348; x_wconf 71' lang='lat' dir='ltr'><strong>Ptttsp„</strong></span> <span class='ocrx_word' id='word_1_13' title='bbox 589 287 608 336; x_wconf 95' lang='lat' dir='ltr'><strong>ll</strong></span> <span class='ocrx_word' id='word_1_14' title='bbox 624 300 631 335; x_wconf 77' lang='grc' dir='ltr'><strong><em>ε</em></strong></span> <span class='ocrx_word' id='word_1_15' title='bbox 648 302 662 334; x_wconf 85' lang='lat' dir='ltr'><strong>u</strong></span> <span class='ocrx_word' id='word_1_16' title='bbox 680 285 763 338; x_wconf 84' lang='lat' dir='ltr'><strong>Faetus</strong></span> <span class='ocrx_word' id='word_1_17' title='bbox 787 294 826 339; x_wconf 89' lang='lat' dir='ltr'><strong>est</strong></span> 
     </span>
     <span class='ocr_line' id='line_1_3' title="bbox 18 353 497 418; baseline -0.006 -11"><span class='ocrx_word' id='word_1_18' title='bbox 18 354 133 407; x_wconf 83' lang='lat' dir='ltr'>bediens</span> <span class='ocrx_word' id='word_1_19' title='bbox 145 353 209 404; x_wconf 86' lang='lat' dir='ltr'><strong>Patri</strong></span> <span class='ocrx_word' id='word_1_20' title='bbox 225 367 298 418; x_wconf 83' lang='lat' dir='ltr'><strong>usqne</strong></span> <span class='ocrx_word' id='word_1_21' title='bbox 315 356 345 405; x_wconf 86' lang='lat' dir='ltr'><strong>ad</strong></span> <span class='ocrx_word' id='word_1_22' title='bbox 362 360 468 408; x_wconf 85' lang='lat' dir='ltr'><strong>mortem.</strong></span> <span class='ocrx_word' id='word_1_23' title='bbox 482 373 497 404; x_wconf 78' lang='lat' dir='ltr'><strong>a</strong></span> 
     </span>
    </p>

    <p class='ocr_par' dir='ltr' id='par_1_3' title="bbox 18 426 821 636">
     <span class='ocr_line' id='line_1_4' title="bbox 46 426 820 489; baseline 0.008 -14"><span class='ocrx_word' id='word_1_24' title='bbox 46 426 216 489; x_wconf 81' lang='lat' dir='ltr'><strong>(Coucnusro.</strong></span> <span class='ocrx_word' id='word_1_25' title='bbox 237 453 269 464; x_wconf 89' lang='lat'><em>-</em></span> <span class='ocrx_word' id='word_1_26' title='bbox 283 426 532 479; x_wconf 77' lang='lat' dir='ltr'><strong>convenientissimum</strong></span> <span class='ocrx_word' id='word_1_27' title='bbox 556 427 599 478; x_wconf 88' lang='lat' dir='ltr'><strong>luit</strong></span> <span class='ocrx_word' id='word_1_28' title='bbox 622 432 648 479; x_wconf 92' lang='lat' dir='ltr'><strong>nt</strong></span> <span class='ocrx_word' id='word_1_29' title='bbox 668 429 771 481; x_wconf 79' lang='lat' dir='ltr'><strong>cbristus</strong></span> <span class='ocrx_word' id='word_1_30' title='bbox 792 443 820 481; x_wconf 85' lang='lat' dir='ltr'><strong>er</strong></span> 
     </span>
     <span class='ocr_line' id='line_1_5' title="bbox 18 496 821 566; baseline 0.004 -17"><span class='ocrx_word' id='word_1_31' title='bbox 18 496 152 549; x_wconf 87' lang='lat' dir='ltr'><strong>bedientia</strong></span> <span class='ocrx_word' id='word_1_32' title='bbox 173 500 300 561; x_wconf 85' lang='lat' dir='ltr'><strong>pateretur,</strong></span> <span class='ocrx_word' id='word_1_33' title='bbox 319 503 346 549; x_wconf 90' lang='lat' dir='ltr'><strong>ut</strong></span> <span class='ocrx_word' id='word_1_34' title='bbox 360 501 468 550; x_wconf 79' lang='lat' dir='ltr'><strong>humane</strong></span> <span class='ocrx_word' id='word_1_35' title='bbox 485 499 677 551; x_wconf 77' lang='lat' dir='ltr'><strong>reconciliationis</strong></span> <span class='ocrx_word' id='word_1_36' title='bbox 692 501 821 566; x_wconf 84' lang='lat' dir='ltr'><strong>perlectum</strong></span> 
     </span>
     <span class='ocr_line' id='line_1_6' title="bbox 18 567 475 636; baseline 0 -15"><span class='ocrx_word' id='word_1_37' title='bbox 18 583 66 621; x_wconf 83' lang='lat' dir='ltr'><strong>·eo</strong></span> <span class='ocrx_word' id='word_1_38' title='bbox 84 567 147 617; x_wconf 89' lang='lat' dir='ltr'><strong>Patri</strong></span> <span class='ocrx_word' id='word_1_39' title='bbox 157 568 303 620; x_wconf 76' lang='lat' dir='ltr'><strong>exhiberetur</strong></span> <span class='ocrx_word' id='word_1_40' title='bbox 318 570 475 636; x_wconf 77' lang='lat' dir='ltr'><strong>sacrificium.)</strong></span> 
     </span>
    </p>

    <p class='ocr_par' dir='ltr' id='par_1_4' title="bbox 13 639 823 1986">
     <span class='ocr_line' id='line_1_7' title="bbox 45 639 823 707; baseline 0.005 -17"><span class='ocrx_word' id='word_1_41' title='bbox 45 640 188 704; x_wconf 85' lang='lat' dir='ltr'><strong>Respondoo</strong></span> <span class='ocrx_word' id='word_1_42' title='bbox 203 639 339 704; x_wconf 87' lang='lat' dir='ltr'><strong>dicendum,</strong></span> <span class='ocrx_word' id='word_1_43' title='bbox 356 643 416 706; x_wconf 85' lang='lat' dir='ltr'><strong>qubd</strong></span> <span class='ocrx_word' id='word_1_44' title='bbox 437 641 678 694; x_wconf 76' lang='lat' dir='ltr'><strong>convenientissimum</strong></span> <span class='ocrx_word' id='word_1_45' title='bbox 696 642 740 693; x_wconf 89' lang='lat' dir='ltr'><strong>luit</strong></span> <span class='ocrx_word' id='word_1_46' title='bbox 763 643 823 707; x_wconf 87' lang='lat' dir='ltr'><strong>qubd</strong></span> 
     </span>
     <span class='ocr_line' id='line_1_8' title="bbox 17 709 823 778; baseline 0.002 -14"><span class='ocrx_word' id='word_1_47' title='bbox 17 709 128 764; x_wconf 70' lang='lat' dir='ltr'><strong>:nibus</strong></span> <span class='ocrx_word' id='word_1_48' title='bbox 142 723 171 760; x_wconf 88' lang='lat' dir='ltr'><strong>ex</strong></span> <span class='ocrx_word' id='word_1_49' title='bbox 185 711 316 761; x_wconf 92' lang='lat' dir='ltr'><strong>obedientia</strong></span> <span class='ocrx_word' id='word_1_50' title='bbox 328 715 444 775; x_wconf 88' lang='lat' dir='ltr'><strong>pateretur</strong></span> <span class='ocrx_word' id='word_1_51' title='bbox 460 729 467 762; x_wconf 91' lang='lat'><strong>:</strong></span> <span class='ocrx_word' id='word_1_52' title='bbox 485 713 561 763; x_wconf 86' lang='lat' dir='ltr'><strong>Primb</strong></span> <span class='ocrx_word' id='word_1_53' title='bbox 583 713 674 777; x_wconf 82' lang='lat' dir='ltr'><strong>quidem</strong></span> <span class='ocrx_word' id='word_1_54' title='bbox 682 752 690 778; x_wconf 93' lang='lat'><strong><em>,</em></strong></span> <span class='ocrx_word' id='word_1_55' title='bbox 705 713 759 778; x_wconf 82' lang='lat' dir='ltr'><strong>quia</strong></span> <span class='ocrx_word' id='word_1_56' title='bbox 778 717 823 766; x_wconf 92' lang='lat' dir='ltr'><strong>boc</strong></span> 
     </span>
     <span class='ocr_line' id='line_1_9' title="bbox 17 781 823 850; baseline 0.001 -14"><span class='ocrx_word' id='word_1_57' title='bbox 17 781 173 836; x_wconf 84' lang='lat' dir='ltr'><strong>onveniebat</strong></span> <span class='ocrx_word' id='word_1_58' title='bbox 184 782 346 845; x_wconf 83' lang='lat' dir='ltr'><strong>justificationi</strong></span> <span class='ocrx_word' id='word_1_59' title='bbox 355 783 476 846; x_wconf 79' lang='lat' dir='ltr'><strong>bumana,</strong></span> <span class='ocrx_word' id='word_1_60' title='bbox 493 788 536 846; x_wconf 85' lang='lat' dir='ltr'><strong>at,</strong></span> <span class='ocrx_word' id='word_1_61' title='bbox 551 785 633 835; x_wconf 85' lang='lat' dir='ltr'><strong>«sicut</strong></span> <span class='ocrx_word' id='word_1_62' title='bbox 645 799 687 850; x_wconf 88' lang='lat' dir='ltr'><strong>per</strong></span> <span class='ocrx_word' id='word_1_63' title='bbox 701 787 771 836; x_wconf 91' lang='lat' dir='ltr'><strong>unius</strong></span> <span class='ocrx_word' id='word_1_64' title='bbox 780 786 823 838; x_wconf 89' lang='lat' dir='ltr'><strong>bo-</strong></span> 
     </span>
     <span class='ocr_line' id='line_1_10' title="bbox 16 852 823 922; baseline 0.002 -16"><span class='ocrx_word' id='word_1_65' title='bbox 16 852 94 906; x_wconf 87' lang='lat' dir='ltr'><strong>ninis</strong></span> <span class='ocrx_word' id='word_1_66' title='bbox 111 852 290 903; x_wconf 82' lang='lat' dir='ltr'><strong>inobedientiam</strong></span> <span class='ocrx_word' id='word_1_67' title='bbox 301 857 434 916; x_wconf 76' lang='lat' dir='ltr'><strong>peccatores</strong></span> <span class='ocrx_word' id='word_1_68' title='bbox 446 854 565 906; x_wconf 89' lang='lat' dir='ltr'><strong>constituti</strong></span> <span class='ocrx_word' id='word_1_69' title='bbox 578 859 631 905; x_wconf 90' lang='lat' dir='ltr'><strong>sunt</strong></span> <span class='ocrx_word' id='word_1_70' title='bbox 642 856 725 918; x_wconf 89' lang='lat' dir='ltr'><strong>multi,</strong></span> <span class='ocrx_word' id='word_1_71' title='bbox 738 856 770 906; x_wconf 83' lang='lat' dir='ltr'><strong>ita</strong></span> <span class='ocrx_word' id='word_1_72' title='bbox 782 870 823 922; x_wconf 89' lang='lat' dir='ltr'><strong>per</strong></span> 
     </span>
     <span class='ocr_line' id='line_1_11' title="bbox 19 922 822 991; baseline 0.002 -15"><span class='ocrx_word' id='word_1_73' title='bbox 19 926 91 976; x_wconf 89' lang='lat' dir='ltr'><strong>nius</strong></span> <span class='ocrx_word' id='word_1_74' title='bbox 104 922 258 974; x_wconf 80' lang='lat' dir='ltr'><strong>obedientiam</strong></span> <span class='ocrx_word' id='word_1_75' title='bbox 271 923 370 976; x_wconf 87' lang='lat' dir='ltr'><strong>bominis</strong></span> <span class='ocrx_word' id='word_1_76' title='bbox 379 924 437 988; x_wconf 87' lang='lat' dir='ltr'><strong>justi</strong></span> <span class='ocrx_word' id='word_1_77' title='bbox 450 925 617 976; x_wconf 76' lang='lat' dir='ltr'><strong>constituantur</strong></span> <span class='ocrx_word' id='word_1_78' title='bbox 633 928 711 991; x_wconf 87' lang='lat' dir='ltr'><strong>multi,</strong></span> <span class='ocrx_word' id='word_1_79' title='bbox 727 943 742 976; x_wconf 83' lang='lat' dir='ltr'><strong>u</strong></span> <span class='ocrx_word' id='word_1_80' title='bbox 756 931 781 978; x_wconf 93' lang='lat' dir='ltr'><strong>ut</strong></span> <span class='ocrx_word' id='word_1_81' title='bbox 789 928 822 978; x_wconf 90' lang='lat' dir='ltr'><strong>di·</strong></span> 
     </span>
     <span class='ocr_line' id='line_1_12' title="bbox 17 995 823 1057; baseline 0.001 -9"><span class='ocrx_word' id='word_1_82' title='bbox 17 999 80 1048; x_wconf 87' lang='lat' dir='ltr'><strong>itur</strong></span> <span class='ocrx_word' id='word_1_83' title='bbox 91 996 171 1050; x_wconf 76' lang='lat' dir='ltr'><strong>llum„</strong></span> <span class='ocrx_word' id='word_1_84' title='bbox 188 995 217 1044; x_wconf 87' lang='lat' dir='ltr'><strong>V.</strong></span> <span class='ocrx_word' id='word_1_85' title='bbox 234 995 349 1057; x_wconf 86' lang='lat' dir='ltr'><strong>secuudb,</strong></span> <span class='ocrx_word' id='word_1_86' title='bbox 368 997 413 1046; x_wconf 91' lang='lat' dir='ltr'><strong>boc</strong></span> <span class='ocrx_word' id='word_1_87' title='bbox 431 996 570 1048; x_wconf 86' lang='lat' dir='ltr'><strong>conveniens</strong></span> <span class='ocrx_word' id='word_1_88' title='bbox 584 997 627 1046; x_wconf 89' lang='lat' dir='ltr'><strong>init</strong></span> <span class='ocrx_word' id='word_1_89' title='bbox 642 997 823 1049; x_wconf 84' lang='lat' dir='ltr'><strong>reconciliationi</strong></span> 
     </span>
     <span class='ocr_line' id='line_1_13' title="bbox 16 1063 823 1129; baseline 0.012 -18"><span class='ocrx_word' id='word_1_90' title='bbox 16 1068 58 1119; x_wconf 85' lang='lat' dir='ltr'><strong>tei</strong></span> <span class='ocrx_word' id='word_1_91' title='bbox 79 1065 106 1114; x_wconf 93' lang='lat' dir='ltr'><strong>ad</strong></span> <span class='ocrx_word' id='word_1_92' title='bbox 117 1063 236 1129; x_wconf 79' lang='lat' dir='ltr'><strong>bomiuca3</strong></span> <span class='ocrx_word' id='word_1_93' title='bbox 253 1066 312 1116; x_wconf 90' lang='lat' dir='ltr'><strong>nude</strong></span> <span class='ocrx_word' id='word_1_94' title='bbox 327 1067 410 1117; x_wconf 88' lang='lat' dir='ltr'><strong>dicitur</strong></span> <span class='ocrx_word' id='word_1_95' title='bbox 420 1069 501 1125; x_wconf 69' lang='lat' dir='ltr'><strong>Rom„</strong></span> <span class='ocrx_word' id='word_1_96' title='bbox 514 1067 548 1117; x_wconf 88' lang='lat' dir='ltr'><strong>V:</strong></span> <span class='ocrx_word' id='word_1_97' title='bbox 563 1068 733 1119; x_wconf 79' lang='lat' dir='ltr'><strong>«Reconciliati</strong></span> <span class='ocrx_word' id='word_1_98' title='bbox 743 1083 823 1122; x_wconf 86' lang='lat' dir='ltr'><strong>sumus</strong></span> 
     </span>
     <span class='ocr_line' id='line_1_14' title="bbox 15 1136 822 1204; baseline 0.009 -19"><span class='ocrx_word' id='word_1_99' title='bbox 15 1150 66 1192; x_wconf 76' lang='lat' dir='ltr'><strong>reo</strong></span> <span class='ocrx_word' id='word_1_100' title='bbox 82 1149 125 1200; x_wconf 89' lang='lat' dir='ltr'><strong>per</strong></span> <span class='ocrx_word' id='word_1_101' title='bbox 140 1139 236 1187; x_wconf 86' lang='lat' dir='ltr'><strong>mortem</strong></span> <span class='ocrx_word' id='word_1_102' title='bbox 252 1136 304 1186; x_wconf 84' lang='lat' dir='ltr'><strong>Filii</strong></span> <span class='ocrx_word' id='word_1_103' title='bbox 319 1137 382 1201; x_wconf 85' lang='lat' dir='ltr'><strong>ejus,</strong></span> <span class='ocrx_word' id='word_1_104' title='bbox 395 1153 410 1186; x_wconf 75' lang='lat' dir='ltr'><strong>a</strong></span> <span class='ocrx_word' id='word_1_105' title='bbox 424 1137 449 1187; x_wconf 91' lang='lat' dir='ltr'><strong>in</strong></span> <span class='ocrx_word' id='word_1_106' title='bbox 463 1140 572 1202; x_wconf 67' lang='lat' dir='ltr'><strong>mantum</strong></span> <span class='ocrx_word' id='word_1_107' title='bbox 590 1137 677 1189; x_wconf 88' lang='lat' dir='ltr'><strong>scilicet</strong></span> <span class='ocrx_word' id='word_1_108' title='bbox 693 1139 743 1204; x_wconf 91' lang='lat' dir='ltr'><strong>ipsa</strong></span> <span class='ocrx_word' id='word_1_109' title='bbox 760 1155 822 1192; x_wconf 88' lang='lat' dir='ltr'><strong>mors</strong></span> 
     </span>
     <span class='ocr_line' id='line_1_15' title="bbox 15 1206 821 1274; baseline 0.005 -16"><span class='ocrx_word' id='word_1_110' title='bbox 15 1206 107 1262; x_wconf 77' lang='lat' dir='ltr'><strong>:bristi</strong></span> <span class='ocrx_word' id='word_1_111' title='bbox 121 1206 166 1257; x_wconf 86' lang='lat' dir='ltr'><strong>fuit</strong></span> <span class='ocrx_word' id='word_1_112' title='bbox 178 1207 290 1270; x_wconf 84' lang='lat' dir='ltr'><strong>quoddam</strong></span> <span class='ocrx_word' id='word_1_113' title='bbox 304 1207 441 1258; x_wconf 83' lang='lat' dir='ltr'><strong>sacrificium</strong></span> <span class='ocrx_word' id='word_1_114' title='bbox 457 1208 643 1272; x_wconf 88' lang='lat' dir='ltr'><strong>acceptissimum</strong></span> <span class='ocrx_word' id='word_1_115' title='bbox 661 1211 720 1274; x_wconf 83' lang='lat' dir='ltr'><strong>lteo,</strong></span> <span class='ocrx_word' id='word_1_116' title='bbox 739 1223 821 1262; x_wconf 78' lang='lat' dir='ltr'><strong>secun</strong></span> 
     </span>
     <span class='ocr_line' id='line_1_16' title="bbox 18 1277 821 1344; baseline 0.005 -15"><span class='ocrx_word' id='word_1_117' title='bbox 18 1282 77 1332; x_wconf 72' lang='lat' dir='ltr'><strong>{rm</strong></span> <span class='ocrx_word' id='word_1_118' title='bbox 87 1277 146 1328; x_wconf 92' lang='lat' dir='ltr'><strong>illud</strong></span> <span class='ocrx_word' id='word_1_119' title='bbox 158 1279 259 1342; x_wconf 77' lang='lat' dir='ltr'><strong>Eptes„</strong></span> <span class='ocrx_word' id='word_1_120' title='bbox 271 1279 308 1328; x_wconf 84' lang='lat' dir='ltr'><strong>V:</strong></span> <span class='ocrx_word' id='word_1_121' title='bbox 324 1279 448 1330; x_wconf 78' lang='lat' dir='ltr'><strong>«Tradidit</strong></span> <span class='ocrx_word' id='word_1_122' title='bbox 463 1281 610 1344; x_wconf 87' lang='lat' dir='ltr'><strong>semetipsum</strong></span> <span class='ocrx_word' id='word_1_123' title='bbox 624 1293 666 1344; x_wconf 91' lang='lat' dir='ltr'><strong>pro</strong></span> <span class='ocrx_word' id='word_1_124' title='bbox 677 1281 743 1332; x_wconf 88' lang='lat' dir='ltr'><strong>nobis</strong></span> <span class='ocrx_word' id='word_1_125' title='bbox 759 1283 821 1334; x_wconf 85' lang='lat' dir='ltr'><strong>obla·</strong></span> 
     </span>
     <span class='ocr_line' id='line_1_17' title="bbox 14 1350 821 1423; baseline 0.004 -20"><span class='ocrx_word' id='word_1_126' title='bbox 14 1358 107 1406; x_wconf 76' lang='lat' dir='ltr'><strong>ionem</strong></span> <span class='ocrx_word' id='word_1_127' title='bbox 126 1354 150 1400; x_wconf 92' lang='lat' dir='ltr'><strong>et</strong></span> <span class='ocrx_word' id='word_1_128' title='bbox 167 1350 266 1401; x_wconf 84' lang='lat' dir='ltr'><strong>bostiam</strong></span> <span class='ocrx_word' id='word_1_129' title='bbox 287 1351 312 1401; x_wconf 91' lang='lat' dir='ltr'><strong>iu</strong></span> <span class='ocrx_word' id='word_1_130' title='bbox 326 1351 418 1423; x_wconf 82' lang='lat' dir='ltr'><strong>odorem</strong></span> <span class='ocrx_word' id='word_1_131' title='bbox 434 1351 563 1402; x_wconf 81' lang='lat' dir='ltr'><strong>suavitatis.</strong></span> <span class='ocrx_word' id='word_1_132' title='bbox 581 1367 595 1400; x_wconf 82' lang='lat' dir='ltr'><strong>u</strong></span> <span class='ocrx_word' id='word_1_133' title='bbox 620 1352 752 1403; x_wconf 86' lang='lat' dir='ltr'><strong>Obcdientia</strong></span> <span class='ocrx_word' id='word_1_134' title='bbox 767 1354 821 1406; x_wconf 85' lang='lat' dir='ltr'><strong>verb</strong></span> 
     </span>
     <span class='ocr_line' id='line_1_18' title="bbox 14 1421 817 1488; baseline -0.001 -13"><span class='ocrx_word' id='word_1_135' title='bbox 14 1421 129 1475; x_wconf 77' lang='lat' dir='ltr'><strong>mnibus</strong></span> <span class='ocrx_word' id='word_1_136' title='bbox 147 1421 264 1472; x_wconf 87' lang='lat' dir='ltr'><strong>sacrificiis</strong></span> <span class='ocrx_word' id='word_1_137' title='bbox 279 1423 417 1487; x_wconf 77' lang='lat' dir='ltr'><strong>antefertur,</strong></span> <span class='ocrx_word' id='word_1_138' title='bbox 431 1421 556 1474; x_wconf 86' lang='lat' dir='ltr'><strong>secuudbnr</strong></span> <span class='ocrx_word' id='word_1_139' title='bbox 567 1422 622 1474; x_wconf 88' lang='lat' dir='ltr'><strong>illud</strong></span> <span class='ocrx_word' id='word_1_140' title='bbox 636 1424 658 1472; x_wconf 91' lang='lat' dir='ltr'><strong>l.</strong></span> <span class='ocrx_word' id='word_1_141' title='bbox 677 1425 745 1488; x_wconf 74' lang='lat' dir='ltr'><strong>deq..</strong></span> <span class='ocrx_word' id='word_1_142' title='bbox 757 1425 797 1474; x_wconf 84' lang='lat' dir='ltr'><strong>XV</strong></span> <span class='ocrx_word' id='word_1_143' title='bbox 811 1440 817 1474; x_wconf 93' lang='lat'><strong>:</strong></span> 
     </span>
     <span class='ocr_line' id='line_1_19' title="bbox 14 1493 820 1558; baseline -0.002 -11"><span class='ocrx_word' id='word_1_144' title='bbox 14 1517 19 1546; x_wconf 79' lang='grc' dir='ltr'><em>ι</em></span> <span class='ocrx_word' id='word_1_145' title='bbox 32 1493 123 1547; x_wconf 82' lang='lat' dir='ltr'><strong>Melior</strong></span> <span class='ocrx_word' id='word_1_146' title='bbox 137 1497 174 1544; x_wconf 89' lang='lat' dir='ltr'><strong>est</strong></span> <span class='ocrx_word' id='word_1_147' title='bbox 184 1493 316 1545; x_wconf 88' lang='lat' dir='ltr'><strong>obedientia</strong></span> <span class='ocrx_word' id='word_1_148' title='bbox 333 1494 401 1558; x_wconf 81' lang='lat' dir='ltr'><strong>quim</strong></span> <span class='ocrx_word' id='word_1_149' title='bbox 414 1495 521 1545; x_wconf 74' lang='lat' dir='ltr'><strong>victime.</strong></span> <span class='ocrx_word' id='word_1_150' title='bbox 536 1511 550 1542; x_wconf 84' lang='lat' dir='ltr'><strong>u</strong></span> <span class='ocrx_word' id='word_1_151' title='bbox 567 1495 596 1544; x_wconf 85' lang='lat' dir='ltr'><strong>lit</strong></span> <span class='ocrx_word' id='word_1_152' title='bbox 611 1493 663 1544; x_wconf 91' lang='lat' dir='ltr'><strong>ideo</strong></span> <span class='ocrx_word' id='word_1_153' title='bbox 680 1494 820 1546; x_wconf 84' lang='lat' dir='ltr'><strong>conueniens</strong></span> 
     </span>
     <span class='ocr_line' id='line_1_20' title="bbox 14 1564 821 1629; baseline -0.004 -10"><span class='ocrx_word' id='word_1_154' title='bbox 14 1568 59 1619; x_wconf 82' lang='lat' dir='ltr'><strong>uit</strong></span> <span class='ocrx_word' id='word_1_155' title='bbox 77 1568 104 1614; x_wconf 90' lang='lat' dir='ltr'><strong>ut</strong></span> <span class='ocrx_word' id='word_1_156' title='bbox 122 1564 259 1615; x_wconf 82' lang='lat' dir='ltr'><strong>sacrificium</strong></span> <span class='ocrx_word' id='word_1_157' title='bbox 278 1565 392 1629; x_wconf 83' lang='lat' dir='ltr'><strong>passionis</strong></span> <span class='ocrx_word' id='word_1_158' title='bbox 409 1570 433 1616; x_wconf 89' lang='lat' dir='ltr'><strong>et</strong></span> <span class='ocrx_word' id='word_1_159' title='bbox 450 1565 531 1616; x_wconf 89' lang='lat' dir='ltr'><strong>mortis</strong></span> <span class='ocrx_word' id='word_1_160' title='bbox 549 1565 635 1617; x_wconf 83' lang='lat' dir='ltr'><strong>Christi</strong></span> <span class='ocrx_word' id='word_1_161' title='bbox 648 1579 678 1616; x_wconf 88' lang='lat' dir='ltr'><strong>ex</strong></span> <span class='ocrx_word' id='word_1_162' title='bbox 692 1565 821 1616; x_wconf 75' lang='lat' dir='ltr'><strong>obedientis</strong></span> 
     </span>
     <span class='ocr_line' id='line_1_21' title="bbox 13 1635 821 1702; baseline -0.005 -12"><span class='ocrx_word' id='word_1_163' title='bbox 13 1636 161 1690; x_wconf 70' lang='lat' dir='ltr'><strong>succederet.</strong></span> <span class='ocrx_word' id='word_1_164' title='bbox 180 1635 266 1700; x_wconf 74' lang='lat' dir='ltr'><strong>lertio,</strong></span> <span class='ocrx_word' id='word_1_165' title='bbox 278 1638 323 1688; x_wconf 91' lang='lat' dir='ltr'><strong>hoc</strong></span> <span class='ocrx_word' id='word_1_166' title='bbox 337 1637 477 1689; x_wconf 81' lang='lat' dir='ltr'><strong>conueniens</strong></span> <span class='ocrx_word' id='word_1_167' title='bbox 491 1637 534 1686; x_wconf 90' lang='lat' dir='ltr'><strong>luit</strong></span> <span class='ocrx_word' id='word_1_168' title='bbox 552 1637 602 1702; x_wconf 90' lang='lat' dir='ltr'><strong>ejus</strong></span> <span class='ocrx_word' id='word_1_169' title='bbox 616 1635 726 1697; x_wconf 81' lang='lat' dir='ltr'><strong>victoriae,</strong></span> <span class='ocrx_word' id='word_1_170' title='bbox 738 1635 783 1700; x_wconf 85' lang='lat' dir='ltr'><strong>qul</strong></span> <span class='ocrx_word' id='word_1_171' title='bbox 793 1637 821 1687; x_wconf 86' lang='lat' dir='ltr'><strong>dc</strong></span> 
     </span>
     <span class='ocr_line' id='line_1_22' title="bbox 13 1707 820 1772; baseline -0.005 -10"><span class='ocrx_word' id='word_1_172' title='bbox 13 1711 92 1762; x_wconf 82' lang='lat' dir='ltr'><strong>corte</strong></span> <span class='ocrx_word' id='word_1_173' title='bbox 102 1711 126 1757; x_wconf 91' lang='lat' dir='ltr'><strong>et</strong></span> <span class='ocrx_word' id='word_1_174' title='bbox 142 1709 234 1758; x_wconf 89' lang='lat' dir='ltr'><strong>auctore</strong></span> <span class='ocrx_word' id='word_1_175' title='bbox 248 1707 328 1758; x_wconf 88' lang='lat' dir='ltr'><strong>mortis</strong></span> <span class='ocrx_word' id='word_1_176' title='bbox 340 1708 506 1772; x_wconf 85' lang='lat' dir='ltr'><strong>triumphauit;</strong></span> <span class='ocrx_word' id='word_1_177' title='bbox 522 1708 641 1758; x_wconf 86' lang='lat' dir='ltr'><strong>nonenim</strong></span> <span class='ocrx_word' id='word_1_178' title='bbox 653 1708 719 1758; x_wconf 88' lang='lat' dir='ltr'><strong>miles</strong></span> <span class='ocrx_word' id='word_1_179' title='bbox 729 1707 820 1758; x_wconf 85' lang='lat' dir='ltr'><strong>vincere</strong></span> 
     </span>
     <span class='ocr_line' id='line_1_23' title="bbox 13 1777 821 1843; baseline -0.006 -10"><span class='ocrx_word' id='word_1_180' title='bbox 13 1783 96 1833; x_wconf 70' lang='lat' dir='ltr'><strong>&gt;otest</strong></span> <span class='ocrx_word' id='word_1_181' title='bbox 112 1777 158 1828; x_wconf 88' lang='lat' dir='ltr'><strong>uisi</strong></span> <span class='ocrx_word' id='word_1_182' title='bbox 170 1779 222 1830; x_wconf 86' lang='lat' dir='ltr'><strong>duci</strong></span> <span class='ocrx_word' id='word_1_183' title='bbox 236 1779 342 1843; x_wconf 81' lang='lat' dir='ltr'><strong>obediat3</strong></span> <span class='ocrx_word' id='word_1_184' title='bbox 358 1783 382 1830; x_wconf 90' lang='lat' dir='ltr'><strong>et</strong></span> <span class='ocrx_word' id='word_1_185' title='bbox 396 1780 429 1829; x_wconf 88' lang='lat' dir='ltr'><strong>ita</strong></span> <span class='ocrx_word' id='word_1_186' title='bbox 440 1781 510 1830; x_wconf 88' lang='lat' dir='ltr'><strong>bomo</strong></span> <span class='ocrx_word' id='word_1_187' title='bbox 524 1779 629 1830; x_wconf 83' lang='lat' dir='ltr'><strong>cbristus</strong></span> <span class='ocrx_word' id='word_1_188' title='bbox 646 1779 766 1829; x_wconf 86' lang='lat' dir='ltr'><strong>rictcriam</strong></span> <span class='ocrx_word' id='word_1_189' title='bbox 780 1778 821 1828; x_wconf 85' lang='lat' dir='ltr'><strong>ob·</strong></span> 
     </span>
     <span class='ocr_line' id='line_1_24' title="bbox 14 1849 819 1914; baseline -0.002 -12"><span class='ocrx_word' id='word_1_190' title='bbox 14 1849 89 1902; x_wconf 90' lang='lat' dir='ltr'><strong>inuit</strong></span> <span class='ocrx_word' id='word_1_191' title='bbox 102 1861 145 1912; x_wconf 87' lang='lat' dir='ltr'><strong>per</strong></span> <span class='ocrx_word' id='word_1_192' title='bbox 156 1850 200 1900; x_wconf 88' lang='lat' dir='ltr'><strong>boc</strong></span> <span class='ocrx_word' id='word_1_193' title='bbox 210 1850 273 1913; x_wconf 88' lang='lat' dir='ltr'><strong>qubd</strong></span> <span class='ocrx_word' id='word_1_194' title='bbox 285 1852 332 1902; x_wconf 85' lang='lat' dir='ltr'><strong>beo</strong></span> <span class='ocrx_word' id='word_1_195' title='bbox 345 1851 388 1901; x_wconf 89' lang='lat' dir='ltr'><strong>luit</strong></span> <span class='ocrx_word' id='word_1_196' title='bbox 399 1851 523 1914; x_wconf 87' lang='lat' dir='ltr'><strong>obediens,</strong></span> <span class='ocrx_word' id='word_1_197' title='bbox 531 1850 654 1902; x_wconf 79' lang='lat' dir='ltr'><strong>secundum</strong></span> <span class='ocrx_word' id='word_1_198' title='bbox 664 1849 721 1900; x_wconf 88' lang='lat' dir='ltr'><strong>illud</strong></span> <span class='ocrx_word' id='word_1_199' title='bbox 734 1851 819 1910; x_wconf 74' lang='lat' dir='ltr'><strong>Prota,</strong></span> 
     </span>
     <span class='ocr_line' id='line_1_25' title="bbox 13 1919 543 1986; baseline -0.004 -12"><span class='ocrx_word' id='word_1_200' title='bbox 13 1923 45 1974; x_wconf 76' lang='grc' dir='ltr'><strong>(Ι</strong></span> <span class='ocrx_word' id='word_1_201' title='bbox 60 1936 68 1970; x_wconf 87' lang='lat'>:</span> <span class='ocrx_word' id='word_1_202' title='bbox 87 1937 101 1968; x_wconf 80' lang='lat' dir='ltr'><strong>u</strong></span> <span class='ocrx_word' id='word_1_203' title='bbox 115 1919 154 1970; x_wconf 88' lang='lat' dir='ltr'><strong>Vir</strong></span> <span class='ocrx_word' id='word_1_204' title='bbox 165 1920 274 1971; x_wconf 85' lang='lat' dir='ltr'><strong>obediens</strong></span> <span class='ocrx_word' id='word_1_205' title='bbox 287 1922 388 1986; x_wconf 84' lang='lat' dir='ltr'><strong>loquitur</strong></span> <span class='ocrx_word' id='word_1_206' title='bbox 399 1922 517 1974; x_wconf 79' lang='lat' dir='ltr'><strong>victorias.</strong></span> <span class='ocrx_word' id='word_1_207' title='bbox 529 1939 543 1972; x_wconf 91' lang='lat'>»</span> 
     </span>
    </p>

    <p class='ocr_par' dir='ltr' id='par_1_5' title="bbox 13 1992 820 2772">
     <span class='ocr_line' id='line_1_26' title="bbox 46 1992 820 2057; baseline -0.001 -14"><span class='ocrx_word' id='word_1_208' title='bbox 46 1993 86 2043; x_wconf 78' lang='lat' dir='ltr'><strong>Ad</strong></span> <span class='ocrx_word' id='word_1_209' title='bbox 102 1992 199 2054; x_wconf 88' lang='lat' dir='ltr'><strong>primum</strong></span> <span class='ocrx_word' id='word_1_210' title='bbox 219 2005 273 2056; x_wconf 82' lang='lat' dir='ltr'><strong>ergo</strong></span> <span class='ocrx_word' id='word_1_211' title='bbox 286 1994 421 2056; x_wconf 87' lang='lat' dir='ltr'><strong>dicendum,</strong></span> <span class='ocrx_word' id='word_1_212' title='bbox 436 1993 498 2057; x_wconf 81' lang='lat' dir='ltr'><strong>qubd</strong></span> <span class='ocrx_word' id='word_1_213' title='bbox 518 1992 620 2044; x_wconf 82' lang='lat' dir='ltr'><strong>cbristus</strong></span> <span class='ocrx_word' id='word_1_214' title='bbox 634 1992 764 2042; x_wconf 81' lang='lat' dir='ltr'><strong>mandatum</strong></span> <span class='ocrx_word' id='word_1_215' title='bbox 779 2001 820 2042; x_wconf 74' lang='lat' dir='ltr'><strong>ao&#39;-</strong></span> 
     </span>
     <span class='ocr_line' id='line_1_27' title="bbox 13 2062 819 2129; baseline 0.001 -17"><span class='ocrx_word' id='word_1_216' title='bbox 13 2062 107 2129; x_wconf 77' lang='lat' dir='ltr'><strong>:epita</strong></span> <span class='ocrx_word' id='word_1_217' title='bbox 121 2063 185 2114; x_wconf 88' lang='lat' dir='ltr'><strong>Patre</strong></span> <span class='ocrx_word' id='word_1_218' title='bbox 198 2068 224 2114; x_wconf 95' lang='lat' dir='ltr'><strong>ut</strong></span> <span class='ocrx_word' id='word_1_219' title='bbox 239 2067 362 2128; x_wconf 88' lang='lat' dir='ltr'><strong>pateretur.</strong></span> <span class='ocrx_word' id='word_1_220' title='bbox 376 2064 537 2116; x_wconf 78' lang='lat' dir='ltr'><strong>diciturenim</strong></span> <span class='ocrx_word' id='word_1_221' title='bbox 551 2062 667 2122; x_wconf 80' lang='lat' dir='ltr'><strong>Joou.,ll</strong></span> <span class='ocrx_word' id='word_1_222' title='bbox 684 2078 689 2112; x_wconf 88' lang='grc'>;</span> <span class='ocrx_word' id='word_1_223' title='bbox 708 2079 723 2111; x_wconf 84' lang='lat' dir='ltr'><strong>u</strong></span> <span class='ocrx_word' id='word_1_224' title='bbox 733 2065 819 2114; x_wconf 83' lang='lat' dir='ltr'><strong>Poter-</strong></span> 
     </span>
     <span class='ocr_line' id='line_1_28' title="bbox 13 2134 820 2200; baseline -0.002 -12"><span class='ocrx_word' id='word_1_225' title='bbox 13 2142 91 2189; x_wconf 78' lang='lat' dir='ltr'><strong>atem</strong></span> <span class='ocrx_word' id='word_1_226' title='bbox 109 2134 181 2185; x_wconf 85' lang='lat' dir='ltr'><strong>babeo</strong></span> <span class='ocrx_word' id='word_1_227' title='bbox 202 2135 303 2200; x_wconf 89' lang='lat' dir='ltr'><strong>ponendi</strong></span> <span class='ocrx_word' id='word_1_228' title='bbox 322 2137 420 2187; x_wconf 87' lang='lat' dir='ltr'><strong>animam</strong></span> <span class='ocrx_word' id='word_1_229' title='bbox 438 2149 528 2197; x_wconf 87' lang='lat' dir='ltr'><strong>meam,</strong></span> <span class='ocrx_word' id='word_1_230' title='bbox 548 2139 571 2186; x_wconf 89' lang='lat' dir='ltr'><strong>et</strong></span> <span class='ocrx_word' id='word_1_231' title='bbox 590 2135 726 2198; x_wconf 86' lang='lat' dir='ltr'><strong>potestatem</strong></span> <span class='ocrx_word' id='word_1_232' title='bbox 748 2135 820 2186; x_wconf 89' lang='lat' dir='ltr'><strong>babeo</strong></span> 
     </span>
     <span class='ocr_line' id='line_1_29' title="bbox 14 2204 817 2269; baseline -0.007 -9"><span class='ocrx_word' id='word_1_233' title='bbox 14 2215 102 2260; x_wconf 89' lang='lat' dir='ltr'><strong>terum</strong></span> <span class='ocrx_word' id='word_1_234' title='bbox 115 2206 219 2256; x_wconf 87' lang='lat' dir='ltr'><strong>sumendi</strong></span> <span class='ocrx_word' id='word_1_235' title='bbox 228 2219 295 2269; x_wconf 81' lang='lat' dir='ltr'><strong>eam,</strong></span> <span class='ocrx_word' id='word_1_236' title='bbox 309 2209 384 2258; x_wconf 88' lang='lat' dir='ltr'><strong>etboc</strong></span> <span class='ocrx_word' id='word_1_237' title='bbox 394 2207 527 2257; x_wconf 88' lang='lat' dir='ltr'><strong>mandatum</strong></span> <span class='ocrx_word' id='word_1_238' title='bbox 536 2205 614 2268; x_wconf 89' lang='lat' dir='ltr'><strong>accepi</strong></span> <span class='ocrx_word' id='word_1_239' title='bbox 623 2204 637 2255; x_wconf 78' lang='lat' dir='ltr'><strong>i</strong></span> <span class='ocrx_word' id='word_1_240' title='bbox 646 2206 713 2255; x_wconf 84' lang='lat' dir='ltr'><strong>Patre</strong></span> <span class='ocrx_word' id='word_1_241' title='bbox 728 2217 788 2268; x_wconf 89' lang='lat' dir='ltr'><strong>meo,</strong></span> <span class='ocrx_word' id='word_1_242' title='bbox 804 2223 817 2254; x_wconf 76' lang='lat' dir='ltr'><strong>a</strong></span> 
     </span>
     <span class='ocr_line' id='line_1_30' title="bbox 13 2275 820 2340; baseline -0.006 -9"><span class='ocrx_word' id='word_1_243' title='bbox 13 2277 109 2334; x_wconf 66' lang='lat' dir='ltr'><strong>scilicet</strong></span> <span class='ocrx_word' id='word_1_244' title='bbox 123 2278 223 2340; x_wconf 90' lang='lat' dir='ltr'><strong>ponendi</strong></span> <span class='ocrx_word' id='word_1_245' title='bbox 239 2279 338 2328; x_wconf 86' lang='lat' dir='ltr'><strong>animam</strong></span> <span class='ocrx_word' id='word_1_246' title='bbox 351 2283 375 2328; x_wconf 91' lang='lat' dir='ltr'><strong>et</strong></span> <span class='ocrx_word' id='word_1_247' title='bbox 391 2278 497 2328; x_wconf 89' lang='lat' dir='ltr'><strong>sumendi</strong></span> <span class='ocrx_word' id='word_1_248' title='bbox 515 2289 573 2328; x_wconf 88' lang='lat' dir='ltr'><strong>eam.</strong></span> <span class='ocrx_word' id='word_1_249' title='bbox 587 2277 620 2326; x_wconf 80' lang='lat' dir='ltr'><strong>Ex</strong></span> <span class='ocrx_word' id='word_1_250' title='bbox 631 2288 693 2340; x_wconf 85' lang='lat' dir='ltr'><strong>quo,</strong></span> <span class='ocrx_word' id='word_1_251' title='bbox 708 2281 734 2326; x_wconf 94' lang='lat' dir='ltr'><strong>ut</strong></span> <span class='ocrx_word' id='word_1_252' title='bbox 746 2275 820 2340; x_wconf 76' lang='lat' dir='ltr'><strong>Chry·</strong></span> 
     </span>
     <span class='ocr_line' id='line_1_31' title="bbox 13 2346 818 2412; baseline -0.007 -7"><span class='ocrx_word' id='word_1_253' title='bbox 13 2353 134 2404; x_wconf 80' lang='lat' dir='ltr'><strong>sostomus</strong></span> <span class='ocrx_word' id='word_1_254' title='bbox 146 2347 200 2397; x_wconf 85' lang='lat' dir='ltr'><strong>dicit</strong></span> <span class='ocrx_word' id='word_1_255' title='bbox 213 2348 310 2412; x_wconf 83' lang='lat' dir='ltr'><strong>(Homil.</strong></span> <span class='ocrx_word' id='word_1_256' title='bbox 322 2349 370 2398; x_wconf 84' lang='lat' dir='ltr'><strong>ttv</strong></span> <span class='ocrx_word' id='word_1_257' title='bbox 382 2348 406 2399; x_wconf 92' lang='lat' dir='ltr'><strong>in</strong></span> <span class='ocrx_word' id='word_1_258' title='bbox 416 2346 510 2412; x_wconf 74' lang='lat' dir='ltr'><strong>loom),</strong></span> <span class='ocrx_word' id='word_1_259' title='bbox 521 2365 535 2396; x_wconf 82' lang='lat' dir='ltr'><strong>u</strong></span> <span class='ocrx_word' id='word_1_260' title='bbox 545 2359 590 2397; x_wconf 87' lang='lat' dir='ltr'><strong>uon</strong></span> <span class='ocrx_word' id='word_1_261' title='bbox 601 2350 636 2396; x_wconf 88' lang='lat' dir='ltr'><strong>est</strong></span> <span class='ocrx_word' id='word_1_262' title='bbox 647 2346 818 2410; x_wconf 83' lang='lat' dir='ltr'><strong>intelligendum</strong></span> 
     </span>
     <span class='ocr_line' id='line_1_32' title="bbox 13 2416 820 2487; baseline -0.007 -15"><span class='ocrx_word' id='word_1_263' title='bbox 13 2419 79 2487; x_wconf 77' lang='lat' dir='ltr'><strong>pubd</strong></span> <span class='ocrx_word' id='word_1_264' title='bbox 92 2417 155 2482; x_wconf 88' lang='lat' dir='ltr'><strong>pribs</strong></span> <span class='ocrx_word' id='word_1_265' title='bbox 166 2419 317 2482; x_wconf 77' lang='lat' dir='ltr'><strong>expectarent</strong></span> <span class='ocrx_word' id='word_1_266' title='bbox 330 2420 422 2482; x_wconf 91' lang='lat' dir='ltr'><strong>audire,</strong></span> <span class='ocrx_word' id='word_1_267' title='bbox 435 2423 526 2482; x_wconf 87' lang='lat' dir='ltr'><strong>etopus</strong></span> <span class='ocrx_word' id='word_1_268' title='bbox 542 2418 563 2469; x_wconf 90' lang='lat' dir='ltr'><strong>ei</strong></span> <span class='ocrx_word' id='word_1_269' title='bbox 577 2416 647 2468; x_wconf 86' lang='lat' dir='ltr'><strong>luerit</strong></span> <span class='ocrx_word' id='word_1_270' title='bbox 661 2418 765 2480; x_wconf 81' lang='lat' dir='ltr'><strong>discere3</strong></span> <span class='ocrx_word' id='word_1_271' title='bbox 779 2417 820 2466; x_wconf 87' lang='lat' dir='ltr'><strong>sed</strong></span> 
     </span>
     <span class='ocr_line' id='line_1_33' title="bbox 13 2487 819 2554; baseline -0.009 -12"><span class='ocrx_word' id='word_1_272' title='bbox 13 2487 174 2542; x_wconf 81' lang='lat' dir='ltr'><strong>uoluntarium</strong></span> <span class='ocrx_word' id='word_1_273' title='bbox 194 2491 330 2540; x_wconf 83' lang='lat' dir='ltr'><strong>monstrauit</strong></span> <span class='ocrx_word' id='word_1_274' title='bbox 349 2503 497 2554; x_wconf 84' lang='lat' dir='ltr'><strong>processum,</strong></span> <span class='ocrx_word' id='word_1_275' title='bbox 512 2492 536 2539; x_wconf 88' lang='lat' dir='ltr'><strong>et</strong></span> <span class='ocrx_word' id='word_1_276' title='bbox 552 2487 717 2540; x_wconf 88' lang='lat' dir='ltr'><strong>contrarietatis</strong></span> <span class='ocrx_word' id='word_1_277' title='bbox 733 2489 760 2536; x_wconf 87' lang='lat' dir='ltr'><strong>ad</strong></span> <span class='ocrx_word' id='word_1_278' title='bbox 774 2489 819 2536; x_wconf 86' lang='lat' dir='ltr'><strong>Pa-</strong></span> 
     </span>
     <span class='ocr_line' id='line_1_34' title="bbox 13 2557 820 2624; baseline -0.009 -9"><span class='ocrx_word' id='word_1_279' title='bbox 13 2572 79 2614; x_wconf 82' lang='lat' dir='ltr'><strong>:rem</strong></span> <span class='ocrx_word' id='word_1_280' title='bbox 99 2559 255 2624; x_wconf 89' lang='lat' dir='ltr'><strong>suspicionem</strong></span> <span class='ocrx_word' id='word_1_281' title='bbox 271 2561 389 2615; x_wconf 83' lang='lat' dir='ltr'><strong>destruxit.</strong></span> <span class='ocrx_word' id='word_1_282' title='bbox 408 2561 492 2619; x_wconf 77' lang='lat' dir='ltr'><strong>»Quia</strong></span> <span class='ocrx_word' id='word_1_283' title='bbox 510 2563 585 2610; x_wconf 66' lang='lat' dir='ltr'><strong>nmen</strong></span> <span class='ocrx_word' id='word_1_284' title='bbox 607 2559 631 2612; x_wconf 90' lang='lat' dir='ltr'><strong>iu</strong></span> <span class='ocrx_word' id='word_1_285' title='bbox 650 2563 723 2610; x_wconf 86' lang='lat' dir='ltr'><strong>morte</strong></span> <span class='ocrx_word' id='word_1_286' title='bbox 736 2557 820 2610; x_wconf 87' lang='lat' dir='ltr'><strong>Cbristi</strong></span> 
     </span>
     <span class='ocr_line' id='line_1_35' title="bbox 13 2629 819 2696; baseline -0.004 -13"><span class='ocrx_word' id='word_1_287' title='bbox 13 2640 56 2686; x_wconf 87' lang='lat' dir='ltr'><strong>lex</strong></span> <span class='ocrx_word' id='word_1_288' title='bbox 75 2634 143 2681; x_wconf 83' lang='lat' dir='ltr'><strong>vetus</strong></span> <span class='ocrx_word' id='word_1_289' title='bbox 155 2637 308 2682; x_wconf 83' lang='lat' dir='ltr'><strong>consummata</strong></span> <span class='ocrx_word' id='word_1_290' title='bbox 323 2638 359 2683; x_wconf 87' lang='lat' dir='ltr'><strong>est</strong></span> <span class='ocrx_word' id='word_1_291' title='bbox 369 2671 376 2694; x_wconf 87' lang='lat'><strong>‚</strong></span> <span class='ocrx_word' id='word_1_292' title='bbox 386 2631 509 2683; x_wconf 76' lang='lat' dir='ltr'><strong>secundum</strong></span> <span class='ocrx_word' id='word_1_293' title='bbox 519 2631 573 2682; x_wconf 93' lang='lat' dir='ltr'><strong>illud</strong></span> <span class='ocrx_word' id='word_1_294' title='bbox 584 2632 644 2695; x_wconf 89' lang='lat' dir='ltr'><strong>quod</strong></span> <span class='ocrx_word' id='word_1_295' title='bbox 656 2631 705 2696; x_wconf 88' lang='lat' dir='ltr'><strong>ipse</strong></span> <span class='ocrx_word' id='word_1_296' title='bbox 718 2629 819 2680; x_wconf 88' lang='lat' dir='ltr'><strong>moriens</strong></span> 
     </span>
     <span class='ocr_line' id='line_1_36' title="bbox 13 2701 820 2772; baseline -0.007 -13"><span class='ocrx_word' id='word_1_297' title='bbox 13 2702 89 2761; x_wconf 82' lang='lat' dir='ltr'><strong>dixit,</strong></span> <span class='ocrx_word' id='word_1_298' title='bbox 99 2703 182 2760; x_wconf 70' lang='lat' dir='ltr'><strong>locu„</strong></span> <span class='ocrx_word' id='word_1_299' title='bbox 192 2705 242 2754; x_wconf 81' lang='lat' dir='ltr'><strong>xlx</strong></span> <span class='ocrx_word' id='word_1_300' title='bbox 253 2719 259 2753; x_wconf 74' lang='grc' dir='ltr'>ε</span> <span class='ocrx_word' id='word_1_301' title='bbox 272 2706 479 2756; x_wconf 80' lang='lat' dir='ltr'><strong>«consummatum</strong></span> <span class='ocrx_word' id='word_1_302' title='bbox 488 2708 533 2768; x_wconf 84' lang='lat' dir='ltr'><strong>est,</strong></span> <span class='ocrx_word' id='word_1_303' title='bbox 542 2719 556 2751; x_wconf 85' lang='lat' dir='ltr'><strong>o</strong></span> <span class='ocrx_word' id='word_1_304' title='bbox 565 2708 644 2772; x_wconf 68' lang='lat' dir='ltr'><strong>potest</strong></span> <span class='ocrx_word' id='word_1_305' title='bbox 652 2701 749 2765; x_wconf 86' lang='lat' dir='ltr'><strong>intelligi</strong></span> <span class='ocrx_word' id='word_1_306' title='bbox 758 2701 820 2766; x_wconf 86' lang='lat' dir='ltr'><strong>qndd</strong></span> 
     </span>
    </p>
   </div>
   <div class='ocr_carea' id='block_1_3' title="bbox 13 2774 819 2988">
    <p class='ocr_par' dir='ltr' id='par_1_6' title="bbox 13 2774 819 2988">
     <span class='ocr_line' id='line_1_37' title="bbox 13 2774 819 2845; baseline -0.004 -19"><span class='ocrx_word' id='word_1_307' title='bbox 13 2774 129 2845; x_wconf 80' lang='lat' dir='ltr'><strong>patiendo</strong></span> <span class='ocrx_word' id='word_1_308' title='bbox 143 2775 219 2825; x_wconf 92' lang='lat' dir='ltr'><strong>omnia</strong></span> <span class='ocrx_word' id='word_1_309' title='bbox 229 2776 311 2828; x_wconf 81' lang='lat' dir='ltr'><strong>veterio</strong></span> <span class='ocrx_word' id='word_1_310' title='bbox 324 2778 382 2842; x_wconf 81' lang='lat' dir='ltr'><strong>legis</strong></span> <span class='ocrx_word' id='word_1_311' title='bbox 395 2781 511 2842; x_wconf 83' lang='lat' dir='ltr'><strong>precepta</strong></span> <span class='ocrx_word' id='word_1_312' title='bbox 525 2776 645 2841; x_wconf 88' lang='lat' dir='ltr'><strong>implevit:</strong></span> <span class='ocrx_word' id='word_1_313' title='bbox 661 2775 752 2825; x_wconf 79' lang='lat' dir='ltr'><strong>litoralia</strong></span> <span class='ocrx_word' id='word_1_314' title='bbox 768 2774 819 2838; x_wconf 87' lang='lat' dir='ltr'><strong>qui-</strong></span> 
     </span>
     <span class='ocr_line' id='line_1_38' title="bbox 13 2844 819 2912; baseline -0.006 -12"><span class='ocrx_word' id='word_1_315' title='bbox 13 2852 87 2907; x_wconf 88' lang='lat' dir='ltr'><strong>dem,</strong></span> <span class='ocrx_word' id='word_1_316' title='bbox 104 2858 154 2908; x_wconf 76' lang='lat' dir='ltr'><strong>quat</strong></span> <span class='ocrx_word' id='word_1_317' title='bbox 175 2846 200 2896; x_wconf 90' lang='lat' dir='ltr'><strong>iu</strong></span> <span class='ocrx_word' id='word_1_318' title='bbox 222 2849 341 2912; x_wconf 78' lang='lat' dir='ltr'><strong>preceptis</strong></span> <span class='ocrx_word' id='word_1_319' title='bbox 362 2847 478 2900; x_wconf 85' lang='lat' dir='ltr'><strong>charitatis</strong></span> <span class='ocrx_word' id='word_1_320' title='bbox 500 2848 636 2909; x_wconf 87' lang='lat' dir='ltr'><strong>tundantur,</strong></span> <span class='ocrx_word' id='word_1_321' title='bbox 656 2844 774 2909; x_wconf 82' lang='lat' dir='ltr'><strong>impleuit,</strong></span> <span class='ocrx_word' id='word_1_322' title='bbox 794 2845 819 2895; x_wconf 93' lang='lat' dir='ltr'><strong>in</strong></span> 
     </span>
     <span class='ocr_line' id='line_1_39' title="bbox 13 2915 819 2988; baseline -0.002 -16"><span class='ocrx_word' id='word_1_323' title='bbox 13 2920 131 2988; x_wconf 75' lang='lat' dir='ltr'><strong>quantum</strong></span> <span class='ocrx_word' id='word_1_324' title='bbox 149 2930 231 2982; x_wconf 86' lang='lat' dir='ltr'><strong>passus</strong></span> <span class='ocrx_word' id='word_1_325' title='bbox 247 2924 296 2982; x_wconf 87' lang='lat' dir='ltr'><strong>est,</strong></span> <span class='ocrx_word' id='word_1_326' title='bbox 307 2923 331 2972; x_wconf 88' lang='lat' dir='ltr'><strong>et</strong></span> <span class='ocrx_word' id='word_1_327' title='bbox 347 2933 377 2974; x_wconf 88' lang='lat' dir='ltr'><strong>ex</strong></span> <span class='ocrx_word' id='word_1_328' title='bbox 389 2919 509 2972; x_wconf 81' lang='lat' dir='ltr'><strong>dilectione</strong></span> <span class='ocrx_word' id='word_1_329' title='bbox 523 2918 611 2982; x_wconf 86' lang='lat' dir='ltr'><strong>Patris,</strong></span> <span class='ocrx_word' id='word_1_330' title='bbox 623 2915 749 2976; x_wconf 83' lang='lat' dir='ltr'><strong>secontiam</strong></span> <span class='ocrx_word' id='word_1_331' title='bbox 762 2915 819 2974; x_wconf 83' lang='lat' dir='ltr'><strong>illud</strong></span> 
     </span>
    </p>
   </div>
   <div class='ocr_carea' id='block_1_4' title="bbox 0 0 964 3317">
    <p class='ocr_par' dir='ltr' id='par_1_7' title="bbox 0 0 964 3317">
     <span class='ocr_line' id='line_1_40' title="bbox 0 0 964 3317; baseline 0 1"><span class='ocrx_word' id='word_1_332' title='bbox 0 0 964 3317; x_wconf 95' lang='lat' dir='ltr'><strong> </strong></span> 
     </span>
    </p>
   </div>
  </div>
 </body>
</html>
