1917 3317
269 166 302 202 Μ
316 166 385 204 lom
400 165 509 205 mollis.
747 159 792 205 287

31 243 54 285 nt
65 238 206 301 perfectiones
222 243 246 291 et
259 241 371 294 delectus.
385 243 516 309 Assumpsit
525 246 601 296 autem
615 244 655 296 liei
668 244 794 297 Filiuslru-

42 325 87 359 riam
103 316 200 365 uuum
212 318 236 365 et
251 318 328 379 partes
340 316 399 380 ejus.

38 383 91 432 inde
101 384 152 435 rum
163 387 265 450 primum
275 388 358 452 triplex
374 389 526 441 consideratio
540 391 637 441 occurrit
650 390 741 455 :prima
755 393 791 439 est

41 463 102 504 tntum
114 458 140 508 ad
152 458 226 521 ipsam
237 460 364 509 humanam
377 464 495 523 naturam;
512 464 610 512 secunda
629 466 664 513 est
684 466 795 525 quantum

45 533 107 587 lartes
122 529 209 594 ipsius;
221 530 291 581 tertia
303 535 413 595 quantum
427 533 456 582 ad
469 534 571 583 ordinem
584 533 753 597 assumptionis.

42 598 90 647 ,irea
100 600 192 663 primum
201 606 318 667 quaretur
329 617 371 653 ser
382 608 423 653 :10
430 604 510 654 Utrum
521 607 621 656 humana
631 610 712 654 natura
724 604 795 655 luerit

41 684 72 717 -is
93 675 248 739 assumptibilis
271 675 362 727 allio
383 677 439 740 liei,
460 678 528 741 quim
549 678 622 742 aliqua
643 677 685 728 alia
703 682 792 728 natura.

47 741 113 792 isirin
126 746 275 811 assumpserit
295 761 425 811 personam.
441 753 467 797 3⁰
484 748 564 799 Utrum
585 749 734 813 assumpserit
747 751 794 800 llo-

43 828 89 862 sem.
103 818 125 863 t⁰
136 818 215 869 dudm
229 818 315 870 fuisset
335 821 475 871 conueniens
496 821 556 885 qudd
571 821 734 885 assumpsisset
753 834 794 871 na·

46 897 72 931 ¹ffl
86 887 197 939 humanam
215 889 231 940 a
248 889 403 954 singularibus
421 897 556 955 separatam.
572 897 598 941 5⁰
615 892 695 943 Utrdm
712 892 794 943 luisset

46 959 127 1011 veniens
143 962 204 1025 qudd
219 961 389 1026 assumpsisset
399 965 520 1014 humanam
533 966 635 1014 natdram
649 964 674 1013 in
688 965 793 1015 omnibus

31 1043 46 1072 1<
60 1031 211 1095 singularibus.
225 1039 253 1083 6ο
262 1033 344 1084 Utrirm
358 1035 428 1085 luerit
441 1036 580 1087 couveniens
593 1036 653 1101 qudd
667 1040 794 1086 assumeret

38 1115 110 1153 umam
119 1110 224 1157 naturam
234 1106 259 1156 in
272 1106 351 1171 aliquo
360 1106 453 1158 homine
466 1120 495 1157 ex
510 1108 581 1172 stirpe
593 1109 646 1159 dda
661 1108 791 1172 progenito.

292 1278 452 1329 malentes
468 1281 487 1330 l.

47 1408 81 1438 rim
96 1400 184 1442 nutura
199 1398 311 1443 dumam
327 1399 403 1447 tuerit
420 1402 499 1456 mauis
511 1402 683 1459 assumptida'lis
701 1403 716 1447 d
733 1404 795 1449 Filio

174 1463 235 1517 Dei,
251 1462 325 1519 quum
343 1463 428 1520 aliqua
444 1464 495 1508 ulia
504 1468 606 1511 nutura.

39 1580 60 1626 tl
75 1581 164 1642 prinum
175 1583 212 1635 sio
225 1584 359 1649 proceditur
370 1586 411 1647 (1).
426 1586 520 1637 Videtur
532 1586 592 1651 qnod
605 1589 705 1637 humana
715 1591 795 1637 natura

56 1652 117 1704 luerit
125 1657 198 1721 magis
213 1655 381 1719 assumptibilis
392 1656 474 1709 alitio
488 1658 546 1722 Dei,
557 1657 625 1723 quim
638 1659 742 1722 quaelioet
750 1660 794 1709 alia

31 1737 77 1773 ra.
92 1726 149 1778 llicit
166 1728 231 1778 enim
257 1728 399 1791 Augustinus
419 1728 442 1778 in
457 1730 533 1793 Epist.
558 1730 594 1779 od
614 1730 792 1787 Volusianum,

47 1802 79 1844 sl.
95 1800 147 1864 lll)
166 1815 174 1849 z
193 1817 208 1847 s
221 1798 289 1859 Qudd
302 1798 327 1848 in
341 1800 410 1851 rebus
430 1800 563 1851 mirabiliter
580 1801 663 1863 laetis,
677 1806 724 1852 tota
738 1802 795 1852 ratio

33 1879 60 1924 ft,
74 1874 107 1919 est
123 1870 231 1935 potentia
249 1870 365 1921 sarientis.
380 1887 395 1918 u
410 1873 454 1922 Sed
465 1874 569 1937 potentia
583 1872 629 1923 Dei
641 1873 747 1923 facientis
757 1874 794 1922 ln-

53 1940 153 2005 sionem,
165 1957 219 2007 que
233 1946 272 1993 est
291 1956 351 2007 opus
367 1943 464 1993 maxime
487 1944 602 2006 mirabile,
617 1958 663 1993 non
684 1944 793 1993 limitatur

46 2026 96 2062 ..am
109 2020 234 2076 naturam,
246 2012 299 2063 edm
314 2014 418 2077 poentio
430 2014 470 2065 Dei
484 2014 514 2063 sit
525 2014 622 2063 inlinita.
637 2014 695 2077 Ergo
714 2019 794 2064 natura

62 2098 85 2132 aa
101 2100 147 2138 non
156 2089 197 2138 est
208 2086 285 2149 magm
298 2085 460 2150 assumptibilis
476 2085 563 2148 alteo,
578 2085 646 2149 quim
661 2086 735 2149 aliqua
750 2085 794 2135 alia

59 2169 97 2205 ara.

37 2259 53 2269 -·
66 2229 184 2296 l'roterea‚
201 2229 327 2281 similitudo
348 2233 383 2281 est
400 2228 457 2279 ratio
477 2228 566 2279 iaciens
582 2230 610 2279 ad
629 2228 794 2291 congruitatem

43 2302 147 2355 ‘trationis
160 2304 251 2354 divinae
264 2315 385 2368 personae,
399 2305 426 2351 ut
439 2300 508 2365 snpra
521 2301 606 2351 dietum
622 2304 665 2352 est.
679 2301 722 2351 Sed
736 2300 796 2349 sieut

53 2379 125 2424 adura
134 2375 247 2427 rationali
261 2374 381 2425 invenitur
392 2373 518 2424 similitudo
533 2372 684 2437 imaginisita
699 2373 723 2422 in
734 2384 796 2421 orea-

59 2445 171 2498 -rntiouali
184 2446 308 2497 inuenitur
317 2445 441 2497 similitudo
453 2444 554 2508 vestigii.
565 2446 623 2507 Ergo
631 2444 796 2493 ereaturairra-

49 2513 82 2560 lis
93 2520 259 2584 assumptihilis
277 2517 337 2581 luit,
353 2516 414 2567 sieut
427 2518 527 2568 humana
545 2520 633 2566 natura.

44 2613 55 2629 ··
67 2588 182 2650 l'rsterea,
198 2592 226 2642 in
246 2593 332 2641 natura
354 2588 462 2653 angelica
479 2588 597 2639 invenitur
612 2585 739 2651 expressior
756 2586 797 2637 liei

56 2661 124 2724 ‚tandm
135 2665 206 2728 quam
222 2664 249 2713 iu
263 2666 347 2713 natura
360 2662 476 2722 humana3
493 2662 552 2711 sicut
565 2660 685 2723 Gregorius
701 2658 755 2708 dieit
771 2658 795 2706 in

50 2743 78 2773 ..r
90 2732 230 2786 decentum
253 2734 346 2784 ovibus
365 2733 485 2797 (xxxid.
505 2734 532 2781 io
549 2732 645 2795 Eounp.
659 2730 678 2795 ),
693 2730 795 2779 introdu-

50 2836 66 2878 ¹=
80 2840 107 2882 lte
116 2842 148 2890 tis
157 2848 232 2893 wem
244 2845 292 2891 lib.
302 2844 346 2889 111.
358 2841 437 2893 sm„
449 2842 505 2890 dist.
523 2841 548 2901 Ξ,
563 2854 604 2899 qu.
616 2839 640 2898 1,
654 2846 699 2886 art.
717 2837 729 2883 l
741 2854 747 2890 ;
764 2842 788 2881 et

43 2905 91 2944 ’Μ
100 2904 170 2960 Gne„
179 2911 226 2956 lili.
240 2910 288 2968 IV,
302 2918 358 2964 cap.
378 2904 418 2952 55.
