1917 3317
277 166 310 203 urr
326 166 396 203 nouo
411 164 518 204 urruns.
756 158 803 203 283

29 243 104 301 :opor
114 253 171 292 ιιιιιιιι
180 244 284 293 mmmm
294 244 419 292 trununarn
432 246 584 307 assumptam,
598 247 625 293 nt
636 244 704 307 supn
718 242 805 293 dictum

32 317 66 358 -ἰ,
84 312 119 360 Sed
131 314 167 363 troo
181 328 226 365 non
246 315 407 365 videturesse
425 328 519 376 rernm,
542 316 597 378 quia
615 316 747 366 nominibus
769 318 805 365 est

44 383 116 433 »ndum
124 386 236 436 secundnm
245 386 309 451 qnod
321 392 376 436 sunt
388 387 416 435 ud
426 387 605 449 significandum
614 388 722 451 imposita
731 388 806 451 3quod

42 454 102 503 niden
115 462 143 505 rot
157 472 184 507 ex
202 458 388 509 consideratione
401 471 480 508 eorum
495 472 545 521 que
562 460 622 523 apud
635 474 677 509 nos
698 465 759 510 suut.
776 461 808 509 Et

42 538 71 573 eo
84 533 155 589 oportet
166 530 225 579 eirea
239 530 335 579 modum
348 530 494 593 significandi
508 534 531 580 et
543 530 733 593 consignificandi
747 544 803 581 oon·

40 599 137 649 sunnon
146 616 191 665 que
208 604 270 667 apud
280 614 326 651 nos
340 606 408 663 sunt,
419 602 444 652 in
453 602 537 665 quibus
546 616 663 665 nunquam
675 616 759 653 nomen
773 604 804 653 ab

40 681 90 729 nun
104 672 161 721 torma
176 674 310 738 impositum
324 673 444 736 pluraliter
456 675 549 736 dieitur,
565 675 609 723 nisi
621 680 715 738 propter
723 676 800 738 ptura-

34 745 99 787 non
114 746 274 807 suppositorum.
288 746 365 795 Homo
380 746 441 795 euim
453 747 493 810 qui
507 753 543 797 est
558 748 646 797 duobus
658 747 803 797 vestimentis

49 816 110 874 utus,
118 828 154 864 non
162 817 243 867 dieitur
253 818 300 867 duo
312 816 402 877 restiti,
413 818 453 866 sed
468 832 528 868 unus
539 819 636 868 restitus
648 818 737 868 duobus
751 832 804 867 res-

51 884 121 947 :onon
132 892 152 937 et
162 889 199 952 qui
213 888 287 939 habet
301 888 360 937 duas
372 887 501 949 qualitates,
516 890 598 939 dieitur
607 890 753 952 singulariter
762 890 803 937 ati·

48 955 82 1002 {is
101 959 213 1009 semodium
236 962 295 1011 duas
320 952 559 1021 quantummodo
583 965 659 1010 antem
686 965 804 1023 assumpta

43 1031 143 1078 1-ῑιιιιιιιιιι
152 1032 248 1095 aliquid,
261 1032 369 1082 sehabet
379 1045 421 1095 per
431 1033 521 1082 modum
532 1034 677 1092 indumenti,
690 1032 743 1081 linet
755 1046 803 1081 non

45 1101 156 1153 imilitudo
169 1109 279 1166 quantum
293 1103 428 1163 adomnia,
443 1107 469 1154 ut
483 1104 550 1167 supr'a
564 1104 696 1153 dictumest
710 1105 763 1165 (qn.
779 1108 804 1163 2,

34 1183 49 1216 ’.
63 1171 95 1230 1).
108 1173 132 1221 Et
142 1173 200 1234 ideo,
214 1176 235 1225 si
250 1188 352 1238 persona
366 1175 443 1224 divina
453 1180 579 1225 assumeret
587 1176 644 1225 dnus
660 1179 753 1223 naturus
762 1176 804 1223 hu·

51 1257 95 1301 ns,
111 1251 197 1309 propter
215 1248 332 1297 unitatem
353 1247 482 1309 suppositi,
498 1248 611 1297 diceretur
627 1262 692 1295 umes
713 1246 805 1306 homo,

53 1329 87 1362 ns
103 1317 154 1366 duas
171 1323 266 1368 naturus
282 1320 405 1368 humanas.
421 1318 540 1381 Contingit
558 1323 635 1369 antem
654 1317 713 1380 qndd
726 1319 805 1381 plnres

59 1387 102 1435 ines
116 1388 218 1439 dirnntur
235 1405 304 1440 untur
321 1390 449 1454 populus,
464 1395 558 1454 propter
572 1391 617 1439 hoo
637 1388 697 1452 quod
716 1401 804 1438 eonve-

47 1463 68 1505 ,ιι
87 1459 108 1507 in
124 1462 274 1525 aliquorum,
290 1476 337 1512 nou
353 1467 431 1511 autern
444 1465 536 1525 propter
554 1462 663 1511 unitatem
680 1459 801 1523 suppositi.

51 1530 149 1594 imiliter,
160 1534 180 1582 si
195 1535 248 1584 duae
261 1546 367 1597 persone
378 1533 463 1583 divine
474 1537 617 1583 assumerent
627 1544 695 1581 unam
709 1544 806 1579 numero

46 1614 117 1651 ,urnam
132 1610 255 1667 naturum,
271 1606 401 1655 dicerentur
420 1620 485 1654 unus
499 1605 586 1664 dromo,
602 1608 627 1652 ut
637 1602 707 1665 suprt
719 1602 804 1651 dictum

55 1675 95 1735 nu.
106 1678 127 1735 2,
139 1682 182 1726 art.
194 1677 228 1740 6),
244 1677 327 1727 nonin
339 1676 428 1727 unitate
445 1676 574 1741 suppositi,
592 1676 633 1726 sed
650 1676 675 1725 iu
693 1679 803 1738 quantum

44 1747 139 1796 zeonem
150 1749 174 1797 in
186 1749 264 1811 atiquo
278 1761 335 1798 uno.

36 1820 60 1863 id
78 1819 164 1869 tertium
180 1820 321 1882 dicendum,
332 1818 392 1883 quod
408 1818 490 1868 'diuina
503 1823 526 1869 et
538 1820 640 1867 humanu
658 1821 740 1867 natura
758 1830 805 1866 nou

43 1908 73 1937 <n
84 1893 159 1943 ordine
173 1905 200 1942 se
216 1893 304 1941 habent
315 1892 344 1941 ed
359 1906 429 1941 unam
441 1904 562 1955 personum
578 1891 695 1954 divinam3
708 1891 748 1940 sed
763 1902 804 1953 per

44 1975 58 2007 :r
68 1964 249 2027 eomparaturud
259 1964 333 2027 ipsam
343 1963 511 2013 divinantium
522 1967 615 2027 ‚utpote
626 1976 676 2025 qnae
687 1967 721 2011 est
732 1974 804 2010 ιιιιιιιιι

60 2048 80 2080 ιι
93 2035 120 2084 nb
134 2040 239 2098 aeterno;
256 2035 296 2085 sed
312 2038 393 2083 natura
409 2036 507 2084 humana
522 2038 664 2098 comparatur
681 2035 706 2082 ad
721 2045 803 2097 perso-

41 2143 51 2149 ..
68 2107 162 2156 diuinum
185 2121 228 2170 per
246 2106 380 2169 posterius,
394 2110 475 2169 utpote
490 2110 608 2170 assumpta
626 2120 655 2155 ex
673 2103 804 2169 temporei

51 2189 71 2223 ἰ
86 2192 199 2240 persona,
214 2190 263 2227 non
274 2177 366 2239 quidem
383 2178 409 2225 ad
424 2178 467 2226 hoe
482 2178 540 2239 qrrod
557 2181 637 2225 nutura
648 2176 678 2225 sit
690 2177 740 2239 ipsa
752 2189 803 2237 per·

50 2271 63 2295 κ
73 2251 104 2298 sd
115 2251 176 2313 quod
189 2262 291 2313 persona
306 2247 346 2297 Dei
359 2248 494 2297 inhumana
507 2252 585 2297 nutura
597 2248 720 2306 subsistat,
732 2246 805 2295 Filius

50 2359 54 2361 ,
69 2321 99 2370 ors
110 2327 144 2372 est
155 2335 201 2371 suu
212 2321 295 2382 deitas,
309 2320 351 2369 sed
361 2323 452 2368 nonest
465 2333 506 2369 sue
517 2320 649 2368 hnmanitas
662 2319 702 2381 (t).
712 2320 739 2367 Et
750 2318 804 2365 ideo

52 2406 77 2438 :o
88 2394 145 2455 quod
158 2400 245 2443 natura
259 2392 363 2441 humana
380 2395 511 2440 assumetur
521 2391 533 2439 'a
543 2392 620 2440 divina
633 2402 747 2453 persona,
762 2400 805 2435 re-

51 2474 85 2510 sur
96 2465 151 2528 quod
168 2465 252 2516 diuina
267 2467 351 2512 natum
370 2463 455 2511 unione
474 2461 588 2525 personati
601 2461 692 2510 uniatur
707 2458 748 2508 toti
763 2470 805 2505 nu-

45 2555 50 2563 ·
65 2542 188 2601 assumptor,
201 2536 228 2586 id
242 2538 282 2585 est
292 2533 421 2584 secundirm
431 2546 510 2583 omnes
520 2538 598 2595 partes
610 2532 668 2594 ejus.
687 2530 731 2579 Sed
747 2529 801 2576 dua·

46 2613 178 2658 naturarum
192 2612 369 2669 assumptorum
383 2608 443 2655 esset
456 2603 576 2653 uniformis
590 2602 697 2651 trahitudo
709 2602 736 2649 ad
749 2612 806 2662 per-

43 2703 47 2713 ·
60 2688 76 2721 n
89 2679 199 2743 diuinam,
211 2692 259 2729 nec
272 2690 319 2726 unu
330 2680 459 2727 assumeret
468 2676 545 2725 alium.
559 2674 623 2724 Unde
635 2686 680 2722 uon
690 2671 806 2734 oporteret

52 2830 131 2901 mim
141 2853 170 2887 tx
179 2853 224 2899 qu·
235 2837 281 2896 16,
293 2841 340 2882 nrt
351 2833 377 2883 5.
390 2839 416 2879 et
428 2846 472 2891 qu.
483 2832 522 2891 ti,
539 2838 584 2878 nrt.
597 2831 621 2891 1,
637 2829 804 2886 aequivalenter

54 2903 115 2946 untur,
