1917 3317
199 173 232 213 na
245 173 380 215 mutuum
395 172 530 215 Dm!
543 170 647 214 mi.
758 162 818 213 108!

22 252 105 302 abunt
126 250 174 301 nisi
191 252 323 303 tomeritate
341 252 434 303 Christi.
457 254 518 316 Ergo
532 252 604 303 matth
622 250 697 315 magia
721 251 822 302 munus

21 324 88 374 ¹abet
101 322 249 387 judiciariam
261 328 399 388 potestatem
414 338 483 389 super
495 325 596 388 angelos.
864 333 871 342 ·

50 396 60 459 (
67 395 253 447 Coactusrot-
261 395 321 445 (idm
334 394 498 459 perpassiuuis
510 395 660 445 inunitatem
668 396 770 444 humana
779 406 823 443 ua·

21 480 71 517 ura
91 467 118 515 iu
132 465 225 517 Christo
242 481 311 531 super
325 468 420 531 angelos
430 466 524 517 eruttari
543 467 665 529 meruerit,
678 464 823 529 perspicuum

25 541 53 586 st
66 536 197 599 judiciarie
205 536 289 587 Christi
299 537 406 600 potestati
414 538 570 600 augetuutan
581 537 653 586 hones
663 535 732 598 quim
740 536 822 595 maius,

22 607 138 671 ubjeetos
154 621 214 673 esse,
224 621 271 659 non
288 608 355 660 modd
363 608 450 660 ratione
461 606 641 670 divinantem
654 606 722 658 etiam
731 606 820 657 ratione

20 690 131 728 humanm
141 680 254 743 natura.)

50 749 191 811 despondeo
202 750 332 813 dicendum,
340 750 401 813 qndd
411 751 488 814 angeli
502 750 600 800 subsunt
611 748 822 812 Judteturiepotes-

19 820 62 870 ati
81 820 179 883 Christi,
194 834 242 871 nou
256 821 329 873 solim
346 826 456 885 quantum
468 823 497 872 ad
510 821 609 873 didnam
622 825 741 883 naturam,
754 824 823 884 prout

19 896 55 941 est
75 890 176 942 hierium
199 892 254 955 itei,
272 894 311 943 sed
330 895 398 944 etiam
418 892 507 944 ratione
523 893 629 943 humanu
650 897 744 942 nature.
758 892 823 950 Quod

19 968 85 1013 »atet
101 976 132 1013 ex
145 963 218 1013 trihus
231 980 237 1013 :
249 963 322 1028 primd
335 964 425 1027 quidem
432 1000 442 1027 ,
454 976 484 1014 ex
495 962 664 1028 propinquitate
677 967 763 1013 nature
781 975 823 1012 ee-

19 1039 123 1099 rurnptae
143 1035 169 1084 ad
191 1036 279 1097 iteum;
294 1035 362 1098 quia,
381 1040 408 1084 ut
424 1036 506 1085 dieitur
523 1035 608 1090 Hebe„
625 1036 663 1096 ii,
682 1052 697 1082 u
711 1046 823 1097 nonnam

18 1107 119 1171 ungetos
139 1106 305 1169 apprehendit,
321 1108 362 1157 sed
376 1120 455 1157 semen
472 1107 568 1157 uhrahu
587 1104 773 1169 apprehendit.»
793 1104 823 1155 ht

18 1180 72 1228 deo
82 1175 160 1226 anima
174 1176 262 1227 Christi
276 1177 350 1241 magis
361 1181 397 1229 est
408 1179 496 1243 repleta
507 1178 592 1228 uirtute
606 1177 674 1228 Verhi
686 1175 727 1227 hei
736 1214 743 1237 ,
753 1174 823 1240 quini

18 1248 105 1311 uliquis
115 1247 261 1311 angelorum
275 1250 337 1300 nude
348 1253 372 1299 ot
385 1248 477 1313 angelos
490 1248 618 1311 illuminat,
630 1248 691 1299 sieut
701 1248 823 1311 dionysius

18 1320 92 1382 tieit,
109 1318 159 1369 titi.
175 1331 226 1383 cap.
242 1320 302 1370 eut.
316 1321 441 1371 hierarch.
460 1321 525 1371 Unde
539 1320 569 1370 de
583 1319 618 1370 eis
631 1320 701 1370 hahet
710 1319 821 1383 juditam.

17 1388 140 1452 secundo,
153 1388 208 1451 quia
223 1402 264 1453 per
282 1391 432 1441 humilitatem
454 1390 570 1454 passienis
586 1392 687 1440 humana
704 1394 784 1441 natura
798 1391 824 1440 in

17 1462 113 1513 :hristo
130 1462 214 1511 meruit
227 1462 322 1513 exaltari
339 1475 406 1527 snper
425 1464 535 1527 augeioe3
555 1464 643 1526 itaut,
663 1462 722 1512 sieut
742 1462 824 1511 dieitur

17 1532 132 1596 uturp„
144 1533 177 1593 ll,
188 1533 236 1583 uin
247 1534 339 1583 nemine
349 1535 403 1583 iesu
414 1546 482 1585 omne
491 1547 553 1597 genu
562 1536 675 1597 heohtur,
685 1533 822 1596 cointium,

16 1616 164 1655 ¹errenerum
181 1607 205 1655 et
217 1602 366 1655 internorum.
381 1620 395 1653 u
413 1606 441 1655 Et
457 1606 510 1657 ideo
524 1606 628 1657 Christum
642 1607 712 1656 habet
722 1604 823 1669 judioia·

16 1678 77 1727 iarn
99 1677 250 1738 potestaten,
264 1676 335 1725 etiam
355 1689 424 1740 super
444 1690 524 1729 omues
545 1678 653 1741 angeles,
667 1682 692 1727 et
706 1678 779 1727 honos
800 1681 824 1727 et

16 1748 104 1797 natos.
127 1747 155 1795 ln
169 1746 236 1809 eujus
253 1747 345 1811 signum
358 1746 440 1797 dieitur
450 1749 564 1812 Apoeal„
577 1750 633 1812 titt,
643 1748 704 1813 quod
720 1760 824 1798 «omues

16 1816 98 1881 rugeli
111 1816 202 1867 nubant
214 1818 239 1867 iu
252 1817 346 1871 oirouitu
355 1820 440 1870 threni.
455 1838 468 1867 ν
484 1819 576 1882 tertio,
587 1820 676 1871 rohone
686 1832 825 1883 eorumquae

16 1890 82 1940 :ima
99 1888 206 1939 homiues
220 1894 352 1953 operentur,
372 1903 467 1953 querum
486 1891 592 1943 Christus
611 1891 705 1955 memmi
725 1891 822 1955 emtam

18 1962 89 2011 nodo
109 1963 147 2009 est
163 1965 248 2025 caput3
264 1963 324 2013 unde
342 1963 423 2013 dieitur
437 1964 522 2020 Hedr„
540 1966 572 2014 l:
588 1966 700 2015 uouues
712 1968 767 2014 suut
782 1964 824 2015 ad-

16 2031 181 2082 ministratorii
194 2032 299 2096 spiritus,
316 2032 341 2083 iu
359 2034 513 2085 ministerium
526 2034 606 2098 missi,
620 2038 714 2100 propter
729 2048 769 2085 eos
783 2035 824 2098 qui

19 2102 181 2154 reereditatem
193 2105 287 2167 oapiuut
301 2104 391 2156 salutis.
407 2106 530 2157 »Suhsuut
540 2110 615 2157 autem
626 2106 712 2170 judicie
727 2105 822 2168 Christi,

16 2191 63 2227 uno
84 2173 181 2240 quidem
195 2177 278 2238 mede,
294 2183 404 2241 quantum
417 2179 445 2229 ad
459 2178 652 2243 dispensationem
671 2192 749 2230 eorum
770 2192 822 2242 qna

16 2264 56 2299 :rer
72 2249 140 2313 ipses
153 2253 265 2312 aguntum
280 2262 331 2312 qua
343 2250 436 2313 quidem
449 2251 591 2315 dispensatio
604 2251 710 2302 titatium
723 2264 764 2315 per
782 2253 824 2301 ho-

16 2320 108 2370 ninem
125 2319 243 2369 Christum
252 2357 258 2383 ‚
268 2322 304 2371 eui
318 2320 393 2383 augeli
408 2321 581 2384 ministrabant,
593 2326 619 2371 ut
627 2321 710 2372 dicitur
718 2322 823 2382 matth,

16 2393 52 2455 tv,
68 2395 94 2443 et
113 2390 183 2453 aquo
197 2393 311 2443 daemoues
326 2392 434 2456 petebant
449 2397 474 2442 ut
491 2394 516 2443 in
528 2407 610 2457 porcos
623 2393 781 2458 mitterentur,
798 2398 824 2444 ut

16 2466 104 2515 dicitur
124 2464 227 2521 Metti„
242 2466 301 2517 vttt.
316 2464 434 2528 Secundi,
447 2470 559 2529 quantum
575 2467 605 2515 ud
620 2467 665 2515 ahu
673 2466 822 2517 accidentalia

16 2536 116 2598 praemia
132 2535 242 2587 honorum
255 2537 400 2601 augelorum,
415 2551 465 2602 que
477 2542 532 2587 sunt
544 2538 627 2601 gaudia
640 2550 691 2602 que
701 2539 786 2589 trahem
796 2540 824 2589 da

16 2610 95 2657 sainte
108 2607 239 2671 homiuum,
254 2608 378 2659 secuudum
395 2609 451 2659 iliud
465 2612 534 2666 Luc..
549 2611 590 2661 XV
607 2626 613 2660 :
630 2609 765 2659 «Gaudium
780 2609 825 2659 erit

16 2692 98 2729 eoram
112 2678 202 2741 angelis
213 2679 254 2729 Dei
265 2692 333 2743 super
344 2692 390 2730 uno
401 2683 519 2742 peccatore
529 2680 686 2745 penitentiam
698 2683 796 2743 agente;
806 2696 821 2727 ν

16 2756 37 2799 et
53 2750 131 2801 etiam
145 2756 255 2812 quantum
272 2752 300 2801 ud
316 2764 395 2815 poenas
408 2752 560 2803 accidentales
576 2753 719 2813 demonum,
738 2750 821 2814 quitum

16 2825 158 2886 torquentur
174 2823 213 2872 uei
224 2822 263 2875 hie
271 2862 279 2889 ,
293 2823 329 2875 vet
344 2822 490 2875 recluduntur
502 2824 527 2874 iu
537 2825 637 2876 iuiemo.
651 2824 680 2873 ttt
696 2826 740 2875 hoe
752 2824 823 2875 etiam

16 2896 121 2957 pertinet
135 2893 164 2943 ad
176 2895 291 2949 hominem
306 2894 436 2960 Christum
451 2898 511 2948 uude
523 2897 617 2953 dioro..
636 2897 655 2958 1,
669 2894 752 2947 dieitur
761 2896 822 2961 quod
