1917 3317
119 179 338 216 metonomicos
354 180 387 216 Ab
403 181 496 216 STATUH
511 157 685 217 untsconontfn.
767 170 797 215 99

45 251 102 293 runt.»
116 250 168 298 Unde
180 255 204 299 et
219 250 341 314 Apostolus
354 251 411 302 dicit
424 251 443 300 1.
455 251 491 300 od
506 251 624 306 Timott„
635 251 655 297 V
668 267 674 299 :
687 267 702 297 u
710 250 736 298 Si
748 251 800 314 quis

44 316 89 365 ridetis
96 319 148 370 dubet
155 321 246 381 viduas,
261 320 418 372 subministret
430 321 491 376 iltis.
502 326 526 371 et
539 335 585 371 non
599 327 706 382 gravetur
720 321 797 371 Eccle-

42 386 73 444 ua,
85 395 104 437 ut
112 391 143 440 bis
151 406 199 454 ouo
209 393 264 444 uere
275 393 348 442 viduae
362 397 416 442 suut
427 393 535 442 sufficiat.
545 409 559 438 u
570 393 630 454 Ergo
639 393 713 442 mutto
726 392 801 455 magis

41 458 112 522 episcopi
121 463 232 512 mortaliter
242 467 353 528 peccant,
361 462 382 512 si
393 475 421 512 ea
432 476 484 525 quo
493 463 528 512 eis
537 464 683 526 superfluunt
690 465 718 514 de
732 464 800 514 bouis

40 531 172 593 ecclesiasticis,
187 534 324 598 pauperibus
337 547 383 584 non
395 533 528 596 largiantur.

62 598 95 646 Sed
104 608 165 653 contra
174 611 219 663 est,
233 605 295 667 qubd
308 605 385 668 plures
394 605 495 668 episcopi
508 619 536 654 ea
549 619 600 668 que
614 609 737 668 supersunt
751 617 798 656 uon

41 667 132 727 lartinnitu
141 677 283 739 pauperibus,
301 677 340 725 sed
355 676 484 740 expendere
499 675 603 726 uidentur
619 676 762 726 laudabiliter
772 678 799 726 ad

41 740 102 789 reditus
114 743 205 796 Ecclesiae
219 747 373 810 ampliandos.
802 778 811 796 ·

38 877 40 881 ,
62 811 340 868 (tornesio-neccaro
356 817 459 882 episcopi
481 817 503 868 si
517 819 674 868 ecciesiastica
692 819 751 868 bona
771 818 801 868 ab

35 881 75 936 usis
84 884 159 934 obtenta
169 892 190 936 et
201 893 335 953 procurata,
349 903 376 938 ao
385 888 521 952 pauperibus
529 903 570 939 seu
585 890 674 940 clericis
681 891 798 952 deputata,

33 950 65 997 rtis
78 955 238 1020 substraxerint,
254 959 292 1009 vel
312 959 338 1009 iu
355 959 471 1024 proprium
489 963 513 1010 et
533 973 625 1011 suorum
645 959 800 1010 conuerterint

32 1034 92 1092 risun,
105 1031 128 1074 et
139 1029 163 1076 ad
173 1032 339 1080 restitutionem
354 1035 472 1092 tenentur,
489 1044 557 1080 secus
568 1036 646 1081 eutem
662 1031 690 1081 de
703 1029 800 1093 propriis

33 1093 91 1153 dtis,
109 1097 135 1145 td
148 1113 236 1161 quorum
254 1101 425 1152 restitutionem
439 1115 486 1151 uon
500 1100 635 1164 tenentur.)

54 1163 166 1228 despondeo
176 1172 307 1231 dicendum,
322 1171 382 1234 oubd
397 1172 462 1222 aliter
473 1177 510 1222 est
523 1172 645 1221 dicendum
659 1173 688 1221 de
701 1171 801 1234 propriis

31 1237 79 1284 tuus
92 1253 137 1300 qua
149 1243 244 1307 episcopi
256 1243 375 1306 possidere
390 1247 502 1306 possunt,
520 1246 544 1292 et
559 1243 587 1292 de
602 1243 669 1292 bouis
684 1241 802 1292 ecclesian

32 1307 76 1354 rusb,
93 1311 141 1360 baur
158 1315 296 1376 propriorum
321 1315 431 1362 bonorum
453 1327 534 1365 verum
551 1312 677 1363 dominium
698 1313 797 1374 babent,

35 1379 77 1425 uude
89 1393 111 1429 en
120 1383 166 1446 ipsa
176 1399 249 1434 rerum
261 1384 392 1436 conditione
407 1399 452 1435 non
463 1386 593 1448 obligantur
602 1389 628 1434 nt
638 1397 667 1435 ea
682 1384 733 1434 aliis
746 1397 800 1434 con-

36 1455 99 1524 diti,
111 1456 145 1502 sed
159 1460 255 1519 possunt
272 1457 308 1506 rel
326 1469 354 1506 ea
368 1456 411 1506 sibi
426 1456 539 1515 retinere,
553 1456 590 1505 vel
608 1456 677 1506 etiam
695 1455 746 1504 aliis
758 1469 799 1519 pro

36 1521 81 1565 uuo
88 1524 170 1587 elargiri.
184 1529 284 1578 Possunt
296 1532 373 1577 tumen
387 1527 410 1576 in
427 1541 504 1578 eorum
523 1527 695 1590 dispensatione
707 1539 801 1590 peccare

35 1594 104 1664 tfffttter
117 1594 297 1649 inordinationem
307 1598 413 1660 affectus,
431 1611 472 1662 per
482 1611 551 1662 qnam
562 1597 678 1658 contingit
690 1597 751 1660 qubd
764 1597 802 1646 rei

32 1658 68 1735 ⁴²5¹,
78 1663 130 1721 diora
139 1670 252 1719 conferant
268 1669 337 1732 qudru
351 1673 470 1732 oporteat,
489 1669 609 1720 ueletiam
623 1668 675 1717 odiis
687 1680 734 1716 nou
747 1668 801 1717 sub

29 1739 114 1796 ueniant,
128 1738 247 1788 secuudum
263 1738 322 1802 qubd
336 1739 431 1801 requirit
443 1740 544 1789 debitum
557 1739 684 1788 charitatis.
701 1739 752 1788 Non
765 1743 801 1786 ta-

27 1817 66 1849 ueu
76 1811 168 1860 tenentur
176 1813 203 1860 ed
213 1811 398 1873 restitutionem,
408 1811 460 1875 quia
469 1810 602 1876 hujusmodi
611 1823 648 1859 res
657 1813 711 1860 suut
720 1821 800 1858 eorum

26 1875 104 1925 anuinio
118 1881 233 1944 deputate.
244 1883 288 1933 Sed
302 1881 508 1938 ecclesiasticorum
518 1884 630 1932 bonorum
642 1886 697 1931 suut
708 1880 802 1942 dispen-

29 1951 96 1997 ,uores
107 1952 141 2001 rel
158 1959 329 2016 procuratores3
344 1954 401 2004 dicit
416 1955 476 2004 euim
491 1954 632 2018 Augustinus
649 1952 685 2001 od
696 1952 801 2013 Bonifa-

37 2032 78 2063 ,ino
87 2021 161 2084 (Epist.
170 2025 199 2087 L)
209 2041 215 2074 :
225 2042 239 2074 u
245 2024 270 2074 Si
278 2025 385 2088 priuatim
394 2025 538 2088 possidemus
544 2023 670 2088 quenobis
676 2022 799 2082 sufficiant,

35 2102 60 2132 ru
75 2098 119 2152 suut
134 2094 171 2144 itta
189 2099 282 2157 nostra,
298 2097 338 2145 sed
353 2109 493 2158 pauperum,
505 2108 601 2158 quorum
618 2091 801 2156 procurationem

55 2161 163 2216 idurumodo
186 2167 300 2230 gerimus
323 2181 369 2218 nou
391 2168 549 2230 proprietatem
571 2166 637 2216 uobis
655 2163 802 2226 usurpatione

48 2237 125 2284 rendili
140 2240 365 2289 condempnando
381 2239 577 2300 dispensationem
587 2242 664 2286 autem
680 2233 803 2296 requiritur

57 2314 74 2347 u
84 2307 142 2372 tides,
157 2307 284 2360 secuuddm
297 2309 353 2360 illud
367 2310 386 2360 l.
401 2309 437 2358 od
455 2309 527 2364 Cor„
537 2309 568 2354 tv<
581 2323 588 2356 ι
602 2306 669 2356 «lite
680 2306 729 2368 jam
741 2317 803 2367 quae-

42 2375 127 2428 ··»³uutcr
141 2381 325 2445 dispensatores,
338 2384 365 2430 ut
374 2379 506 2442 [idelisqnis
516 2379 655 2430 inveniatur.
666 2392 680 2423 u
693 2378 751 2427 Sunt
759 2388 801 2425 au·

43 2447 73 2485 uu
82 2445 285 2503 toun'ecclesiesticu
296 2465 341 2503 nou
349 2450 424 2502 sotium
436 2452 459 2500 iu
470 2465 525 2502 usus
533 2462 670 2514 pauperum,
681 2448 721 2498 sed
733 2446 802 2498 etiem

45 2507 62 2592 d
72 2517 129 2570 cutim
142 2524 248 2573 divinum
269 2527 292 2572 et
308 2523 456 2574 necessitates
473 2523 628 2572 ministrorum
645 2519 802 2583 expendenda.

58 2585 85 2632 ub
95 2590 160 2644 dicitur
173 2597 225 2658 xit,
239 2610 280 2658 qu.
291 2599 306 2644 u
316 2611 322 2643 :
333 2612 347 2641 u
357 2595 388 2644 be
400 2593 509 2644 reditibus
522 2592 628 2643 Ecclesiae
637 2592 676 2641 rel
688 2589 803 2641 oblatione

45 2651 121 2724 *dtu
138 2668 183 2716 sota
202 2667 312 2731 episeopo
332 2680 361 2716 ex
378 2664 415 2714 bis
435 2677 479 2714 una
499 2664 573 2728 portio
591 2663 736 2723 remittatur,
751 2673 804 2722 qua

46 2732 159 2786 :indutiis
180 2737 274 2788 fabricis
298 2741 322 2786 et
341 2735 469 2799 erogationi
491 2747 618 2799 pauperum
639 2732 762 2796 profuturae
768 2729 804 2792 ,a

47 2790 112 2874 intregro
119 2789 245 2873 presbytero
253 2805 405 2870 sutrpericulo
414 2806 450 2856 sui
457 2806 542 2857 ordinis
550 2803 715 2862 ministrentur3
723 2799 803 2880 ultima

48 2868 106 2919 narn
115 2889 146 2938 pro
159 2880 304 2943 singulorum
319 2877 407 2928 meritis
422 2876 546 2926 dividatur.
558 2893 572 2923 u
590 2875 614 2925 Si
629 2886 684 2937 erpo
697 2872 803 2923 distructa
