1917 3317
137 171 182 220 sau
334 177 393 218 raas
407 177 447 228 ιιι,
461 176 554 224 uunrr.
568 175 624 227 nur,
636 177 693 214 aar.
708 177 742 214 rr.

168 257 202 309 Ad
218 255 344 308 seeundum
363 253 502 315 dicendum,
516 251 577 317 quud
596 252 725 304 luerunatiu
740 254 818 316 magis
835 216 914 323 impuri

136 330 241 380 unionem
253 327 282 378 ad
290 339 392 388 caruem,
404 324 471 389 quan
482 324 559 375 earnis
568 323 742 388 proprietatem.
753 325 859 390 Utraque
868 332 914 379 ant!

135 404 217 452 natura
230 399 254 450 in
270 398 363 450 Christo
373 436 380 459 ‚
392 402 429 447 est
443 396 509 446 nnita
524 394 589 446 alteri
601 395 628 444 in
642 408 756 460 persona3
775 397 868 449 ratione
881 398 914 463 rut

137 469 228 522 unionis
243 474 267 520 et
277 469 353 520 divina
367 473 447 518 natura
456 467 537 518 dieitur
547 468 698 522 immnuta.
711 472 735 518 et
747 469 853 520 humana
866 476 914 519 nats

138 542 276 606 deificata,
290 543 317 590 ut
327 541 394 604 supr'a
407 539 493 589 dictum
507 537 600 603 ast(qu.
614 542 637 602 ³,
652 541 696 589 art.
709 541 745 600 ι).

169 614 201 664 td
220 612 311 663 tertium
326 608 538 674 dicendum,un
556 622 584 660 ea
601 623 654 674 que
668 614 725 660 sunt
739 610 827 662 divinar
843 617 914 661 natur:

138 683 245 736 dicuutur
257 684 285 734 rte
298 683 397 732 hnmana
409 685 504 745 natura,
519 694 564 732 nen
574 681 702 731 seeundum
718 680 781 745 quid
793 686 903 734 essentis

138 757 271 820 competunt
283 753 368 804 diuina
387 755 489 814 nature,
504 752 545 803 sed
558 751 686 802 seeundum
705 751 768 816 putri
784 755 914 817 participii

138 826 269 878 derivantur
277 825 305 876 att
316 825 438 874 humanam
450 827 564 873 naturam.
578 823 643 873 Unde
653 836 745 888 eaquae
755 823 914 889 participaris

139 896 258 961 possuntt
272 900 352 947 natura
361 897 462 946 humana
475 895 549 960 (nent
560 905 613 945 esse
625 894 773 956 increatum,
785 897 828 945 aut
841 898 914 947 urnni:

139 967 239 1028 enum)
253 967 315 1018 nutlo
326 967 392 1018 modu
401 968 430 1017 de
442 968 542 1016 humana
551 967 635 1016 natura
644 966 760 1016 dicuntur.
775 966 866 1017 Divina
874 980 914 1017 aui

141 1041 221 1088 natura
234 1039 291 1088 ninii
312 1037 473 1102 participative
487 1037 571 1102 arripit
584 1037 612 1087 ah
631 1037 734 1088 humana
745 1041 841 1088 natura.
859 1041 889 1089 Et
901 1056 914 1088 rr

140 1121 168 1158 ea
181 1122 232 1172 que
244 1112 299 1159 suut
311 1110 416 1160 humane
430 1111 528 1171 naturae,
538 1109 602 1160 nuile
614 1107 683 1159 mede
695 1113 798 1172 pessunt
810 1110 863 1162 diei
875 1112 914 1162 der

141 1180 197 1232 rina
209 1184 298 1232 natura.

434 1286 592 1338 ARTIGULUS
606 1285 646 1337 Vl.
740 1314 742 1317 v

278 1413 364 1458 Uirium
372 1412 421 1458 truc
428 1412 459 1458 rit
469 1424 539 1467 vera,
551 1411 609 1456 Deus
619 1411 690 1456 tuctur
698 1415 734 1456 ert
741 1413 822 1460 honre.

173 1539 208 1591 rtd
222 1542 311 1590 santum
328 1537 362 1588 siu
373 1537 502 1602 proceditur
516 1536 560 1604 (1).
570 1537 666 1588 Videtur
681 1537 741 1602 quud
755 1539 809 1590 tren
821 1540 857 1592 sit
881 1543 907 1590 iu

143 1613 210 1663 Deus
222 1612 306 1676 suetus
317 1613 355 1661 est
368 1611 448 1660 tomo.
467 1608 527 1660 Cim
541 1609 604 1661 enirn
620 1611 690 1661 hunno
707 1609 828 1674 signiieet
847 1615 908 1663 suis.

143 1683 212 1746 tiam,
225 1682 275 1732 iteri
293 1679 423 1742 huminem,
437 1683 474 1732 est
483 1680 532 1732 tieri
550 1681 693 1745 simpliciter.
705 1681 749 1732 Sed
761 1682 813 1733 haeu
826 1688 867 1735 est
884 1687 904 1733 ii

143 1753 204 1804 Deus
216 1753 290 1804 iaetus
304 1756 339 1804 est
349 1751 493 1817 simpliciter.
505 1753 564 1817 Ergo
576 1753 628 1803 hee
643 1752 716 1816 falsa,
732 1753 803 1804 Deras
815 1755 903 1818 factat

144 1823 225 1874 tremo.

176 1898 200 1944 Ξ.
213 1895 332 1956 Praeterea,
343 1894 392 1944 fieri
402 1894 531 1956 hominem,
541 1898 578 1946 est
586 1895 678 1946 mutari.
686 1896 732 1946 Sed
743 1896 808 1947 tiens
815 1909 869 1948 nou
879 1914 906 1962 p..

145 1979 196 2018 esse
208 1967 336 2030 subjectum
348 1965 482 2029 mutationi,
491 1965 680 2018 seeundimittud
689 1967 810 2025 tratactu„
818 1969 870 2019 iil:
882 1989 896 2015 u
906 1960 915 2031 ,ι

145 2035 266 2100 Dominus,
277 2040 300 2088 et
314 2050 360 2088 nun
375 2040 457 2088 mutor.
474 2053 489 2084 r>
502 2039 563 2102 Ergo
573 2037 662 2089 uidetur
674 2037 736 2104 quau
756 2039 811 2090 haee
822 2040 858 2091 uit
878 2034 915 2093 nt

146 2111 214 2162 Deus
231 2112 315 2174 fuctus
331 2113 368 2160 est
387 2110 467 2162 home.

178 2187 202 2232 a.
220 2183 345 2245 Praeterea,
366 2184 446 2233 Homo
466 2180 590 2233 seeundum
613 2184 672 2246 quud
692 2187 720 2234 ue
739 2184 836 2236 Christe
864 2187 915 2234 dist

144 2253 255 2320 supponit
265 2266 387 2318 personam
399 2253 449 2304 Filii
463 2255 513 2305 [tei.
530 2255 575 2304 Sed
587 2255 638 2305 hec
650 2257 687 2304 est
699 2255 774 2317 falsa,
785 2257 858 2306 Deus
868 2260 895 2318 sn
912 2270 915 2305 t

144 2335 181 2376 est
192 2341 298 2391 persona
311 2326 377 2378 Filii
390 2326 445 2376 Dei.
458 2325 519 2390 Ergo
531 2327 580 2377 haee
594 2330 631 2378 est
642 2326 714 2390 falsa,
729 2327 802 2377 Deus
813 2329 915 2392 sactur=

146 2398 225 2449 tomo.

175 2471 221 2521 Sed
233 2480 311 2521 eontra
322 2473 366 2533 est,
374 2470 435 2533 queri
444 2468 527 2520 dieitur
534 2469 638 2528 luun.,i
648 2483 655 2518 :
666 2468 794 2519 «Verbum
801 2483 856 2522 earu
867 2473 908 2519 tur*

144 2546 188 2594 est.
203 2557 217 2590 n
233 2543 262 2592 iit
280 2543 339 2593 sicut
356 2541 495 2592 Athanasius
511 2541 567 2592 dicit
585 2542 611 2590 in
623 2539 725 2604 Epistula
742 2544 778 2592 art
791 2543 915 2607 Epicure:

145 2613 206 2678 qnid
220 2630 235 2664 u
248 2613 312 2674 diri,
327 2611 434 2662 Verbum
447 2615 616 2677 cerofarium
625 2611 756 2670 est,simite
770 2618 809 2662 est
821 2627 850 2663 ae
856 2615 877 2663 si
889 2637 900 2660 ι,
913 2644 915 2647 -

144 2688 208 2736 retur
217 2684 277 2748 quid
291 2686 351 2735 Deus
363 2685 432 2736 honre
443 2685 520 2735 tactus
528 2688 594 2736 est.»

180 2756 334 2820 (Conuuusro.
343 2782 373 2793 -
388 2755 446 2806 Cirr
457 2770 503 2807 nun
517 2757 654 2818 staterae,
666 2754 707 2805 sed
720 2755 746 2804 in
759 2759 884 2821 tempure.
900 2778 914 2801 r

179 2899 211 2961 (t)
226 2903 259 2947 De
270 2901 384 2948 bisetium
394 2901 461 2962 intra,
478 2915 518 2959 qn.
529 2902 569 2961 33,
582 2908 624 2948 urt.
640 2902 664 2961 ³,
679 2912 762 2958 curp.;
777 2906 803 2948 et
816 2904 859 2961 tit,
870 2901 912 2946 sn·
