1917 3317
118 233 140 272 ur
150 233 233 274 ureris
249 233 357 274 vrasrnm
372 234 457 275 saura
473 233 695 276 smururoarrorrs.
754 225 800 276 tta

53 307 74 356 tto
84 311 221 372 pasionem.
240 313 296 366 lude
309 313 371 363 enim
384 312 467 362 seimus
483 312 544 378 qnbd
555 313 577 363 ei
589 314 642 378 plus
652 313 732 376 gratie
751 314 799 364 eol·

55 385 88 428 turn
102 383 155 436 luerit
170 387 200 436 ad
217 385 356 436 uincendum
377 397 406 436 ex
425 385 487 434 omni
505 389 570 449 parto
587 389 725 449 peecatum,
739 384 800 449 pudd

54 454 125 516 irrepere
135 469 157 508 ae
164 471 248 522 parere
258 456 340 508 meruit
351 470 404 508 eum
417 470 486 521 quem
497 459 585 510 constat
595 456 682 507 nullom
693 456 802 508 tabuisse

54 531 152 577 rotun.»

62 595 191 669 ttnautusro.
204 627 235 639 -
246 599 303 650 Cbm
317 599 401 651 exindo
412 602 435 651 et
444 599 557 663 singulari
569 600 669 663 pedam
680 598 749 648 modo
761 599 802 650 bei

54 665 85 714 lin
98 669 189 734 intenta
206 671 298 734 Virgine
312 670 464 732 habitaverit,
483 670 620 734 simpliciter
637 670 753 720 latendum
765 674 802 722 est

56 753 68 782 o
81 753 111 790 nee
122 743 213 794 mortale
226 756 271 792 nee
287 743 376 794 veniale
392 745 512 806 peecatum
524 755 624 806 uuquam
641 740 800 805 commisisse3

53 823 65 856 a
77 815 121 864 euin
136 816 160 868 in
177 815 223 866 tilii
235 815 384 880 ignominiam
403 815 571 878 quodammodo
584 818 713 879 uergeret.)

57 883 161 947 dependes
176 889 316 951 dicendum,
331 885 392 954 qubd
405 887 456 939 illos
472 900 530 950 quos
543 888 604 938 heus
618 887 646 936 ad
659 886 747 951 aliquid
761 887 802 937 eli·

53 967 66 1001 :.
82 957 104 1006 ita
114 964 225 1026 preparat
244 963 267 1012 et
285 959 385 1025 disponit
398 963 424 1010 ut
441 959 470 1010 ad
483 959 506 1009 id
518 959 580 1024 quod
593 959 723 1021 eliguntur,
737 960 802 1010 iuve-

57 1033 98 1077 ntur
112 1032 199 1094 idonei,
215 1033 341 1084 seeundum
352 1032 407 1082 illud
424 1032 453 1082 ll.
466 1031 502 1081 od
520 1032 590 1088 Cor„
608 1032 641 1082 lll
656 1047 662 1080 :
680 1031 802 1086 «idoneos

54 1101 110 1151 stadt
119 1105 235 1156 ministros
251 1104 304 1154 nou
319 1103 465 1154 Testamenti.
477 1121 492 1152 u
504 1104 573 1154 Beata
583 1107 662 1155 autem
674 1104 744 1168 Virgo
757 1104 803 1154 tuit

59 1175 83 1218 rh
96 1174 216 1237 divinitus,
234 1177 260 1226 ut
276 1180 338 1226 esset
355 1177 425 1226 Mater
441 1176 491 1226 liei.
505 1175 535 1225 llt
548 1175 599 1226 ideo
618 1189 666 1226 nou
681 1180 717 1228 est
736 1177 802 1228 dubl

65 1253 96 1293 tra
111 1247 161 1310 quin
182 1249 247 1300 Deus
266 1261 307 1312 per
321 1261 385 1298 suano
400 1246 510 1310 gratiam,
524 1260 574 1298 eam
598 1248 627 1298 ad
640 1249 684 1297 hoe
698 1247 802 1298 idoneam

65 1314 112 1379 itit,
125 1319 256 1370 monadum
274 1320 334 1383 quod
350 1319 444 1382 augelus
461 1319 490 1370 ad
507 1332 557 1370 mm
572 1319 644 1382 dicit,
659 1336 674 1366 «
691 1319 803 1370 invenisti

61 1383 98 1435 <tn
109 1393 165 1454 apud
177 1393 265 1454 henou
274 1404 327 1441 eece
343 1390 472 1455 concipies,
484 1395 529 1442 ete.
545 1392 621 1440 »Non
634 1393 711 1440 numm
723 1389 803 1442 luisset

55 1471 86 1507 ara
95 1467 161 1514 natm
170 1463 229 1526 bei,
242 1462 263 1512 si
271 1467 388 1526 peccasset
406 1461 541 1525 aliquand03
554 1467 603 1512 tum
615 1461 669 1524 quia
679 1462 803 1524 honurpa·

66 1543 92 1578 ttut
108 1535 220 1586 redundat
241 1533 267 1582 io
280 1533 382 1596 prolana,
398 1534 522 1584 secundum
542 1533 596 1583 illud
615 1535 701 1589 Pron„
721 1533 801 1583 llvll:

64 1602 97 1676 justa
106 1604 202 1656 tiliorum
217 1608 299 1670 patres
311 1617 399 1656 eorum.
409 1621 423 1652 »
434 1605 498 1656 Unde
509 1609 534 1656 et
546 1618 587 1670 per
600 1602 801 1670 oppositumigno

54 1685 75 1716 ur
89 1678 161 1728 matris
179 1679 209 1728 ad
225 1676 297 1726 hlium
313 1677 470 1727 redundasset.
485 1676 543 1726 'lum
563 1676 633 1726 etiarn
655 1675 709 1739 quia
726 1675 804 1740 siugu-

53 1767 55 1784 2
87 1747 217 1799 asinitatem
228 1747 308 1798 habub
319 1748 348 1797 ad
361 1746 486 1810 Christum,
499 1747 540 1811 qui
551 1747 579 1798 ab
594 1760 622 1797 ea
635 1759 727 1798 oannem
735 1760 802 1798 acee-

68 1816 137 1868 doitur
150 1823 232 1870 autem
248 1820 276 1869 ll.
293 1819 364 1877 Cor„
374 1819 405 1868 Vl
417 1835 423 1868 ;
437 1835 452 1867 u
464 1820 519 1877 Qus
533 1817 653 1869 conventio
671 1818 758 1869 Christi
773 1821 803 1870 ad

63 1887 82 1932 d.
97 1906 108 1934 u
124 1890 183 1941 Tum
205 1890 278 1942 etiam
295 1890 348 1955 quia
362 1889 470 1954 singulari
483 1890 550 1940 modo
564 1889 605 1940 bei
615 1890 701 1953 Filius,
711 1891 752 1954 qui
767 1895 803 1942 est

70 1961 184 2025 sapientia,
200 1962 227 2013 in
247 1960 297 2026 ipsa
310 1961 438 2023 habitauit,
453 1975 500 2012 noo
519 1962 594 2012 solhm
612 1961 637 2012 in
656 1962 747 2026 anima,
762 1964 803 2014 sed

62 2050 71 2076 u
83 2034 101 2080 in
113 2038 194 2100 utem
212 2033 295 2086 dieitur
312 2036 388 2084 autem
404 2035 475 2098 Sap„
490 2035 501 2084 l
517 2048 524 2083 ε
540 2035 588 2084 «ln
603 2034 736 2084 malevolam
751 2034 802 2085 ani-

53 2138 66 2146 κ.
77 2118 115 2154 uon
128 2107 236 2158 introibit
250 2105 376 2170 sapientia,
389 2120 431 2158 neo
441 2105 553 2157 habitabit
565 2107 590 2156 in
604 2119 699 2170 corporo
712 2107 802 2158 subdito

59 2175 94 2225 sti.
110 2195 122 2225 o
133 2177 163 2230 Et
181 2179 238 2230 ideo
252 2177 386 2242 simpliciter
402 2178 519 2228 latendum
534 2182 571 2228 est
582 2177 643 2242 qndd
654 2179 721 2227 beata
734 2178 804 2242 Virgo

63 2262 84 2294 in
96 2252 181 2302 actuale
196 2254 318 2315 peceatum
332 2248 454 2310 commisit,
464 2263 508 2301 neo
521 2249 631 2311 mortale,
642 2262 687 2299 nee
699 2249 799 2313 reniale3

80 2318 98 2366 iu
108 2334 133 2371 ea
146 2321 273 2387 impleatur
285 2321 346 2384 quod
356 2319 439 2370 dicitur
447 2321 534 2380 Cant,
544 2321 573 2370 lV
587 2336 593 2370 :
609 2321 691 2371 «Tota
707 2322 804 2384 pulehra

65 2393 111 2442 atila
125 2407 195 2457 mea,
212 2397 237 2442 et
252 2391 340 2443 macula
353 2404 400 2444 non
414 2395 448 2442 est
462 2391 487 2441 in
503 2396 559 2442 te.»

53 2461 66 2496 *³
86 2465 178 2524 primurn
202 2477 260 2528 ergo
276 2463 410 2526 dicendum,
427 2461 488 2527 qubd
504 2463 530 2512 in
548 2463 617 2514 beata
636 2463 729 2527 Virgine
748 2467 805 2529 post

66 2534 198 2590 ‘litationem
215 2537 242 2588 in
255 2539 320 2592 utero
333 2535 442 2586 remansit
455 2534 548 2599 qudem
559 2535 633 2587 tomes
648 2537 752 2599 peoeah,
763 2537 806 2588 sed

67 2621 94 2668 e,
106 2623 134 2660 ue
155 2609 251 2660 scilieet
271 2611 428 2672 prorumperet
447 2606 471 2655 in
492 2605 591 2670 aliquem
607 2611 694 2659 motum
715 2607 803 2658 inordi-

70 2691 77 2721 κ
93 2680 128 2742 qni
149 2681 269 2732 rationem
287 2678 436 2743 praeveniret.
450 2677 480 2728 tlt
499 2677 554 2728 lieet
566 2679 594 2728 ad
612 2681 656 2728 boc
674 2681 806 2742 operaretur

53 2759 54 2762 ’
66 2766 70 2792 r
82 2749 274 2804 sanctificationis
280 2788 288 2814 ,
299 2763 347 2801 non
358 2754 434 2800 minen
448 2750 476 2800 ad
492 2751 537 2800 boe
556 2749 695 2807 sufficiebat;
705 2747 806 2811 alioquin

66 2833 82 2868 ‘s
94 2823 150 2876 illius
165 2821 252 2889 gratia
266 2824 311 2874 hoe
327 2822 351 2873 ei
360 2821 442 2872 fuisset
457 2819 632 2886 praestitum,nt
643 2821 719 2870 nullus
729 2822 806 2869 motus

53 2897 77 2939 rt
91 2908 135 2948 esse
154 2896 182 2947 in
196 2893 351 2946 sensualitate
370 2893 436 2958 ejus,
449 2891 494 2944 nisi
510 2893 599 2944 ratione
618 2894 758 2956 praeuentus.
776 2888 806 2938 ht

55 2967 145 3019 {enitens
159 2982 213 3022 non
225 2965 360 3030 habuisset,
372 2966 433 3030 quod
447 2968 482 3016 est
498 2967 578 3016 eontra
591 2961 729 3028 supradicta.
740 2960 805 3012 llnde
