1917 3317
111 169 158 216 85⁰
302 175 365 215 rans
380 178 422 227 rur,
436 178 533 222 ounsr.
551 176 600 226 mr,
617 176 673 214 nur.
691 178 744 214 xm.

113 254 245 306 habitualis.
259 254 324 304 Unde
341 252 479 315 relinquitm
492 250 554 315 gubd
576 254 690 317 susceptio
707 256 793 305 naturae
811 256 918 308 humanae

106 326 136 377 in
150 326 261 375 unitatem
274 337 379 387 persona
393 325 506 388 praeoedat
516 324 615 388 gratiam
629 324 767 374 habitualem
780 326 806 374 iu
817 326 916 379 Christo.

146 398 307 461 (Conclusio.
319 422 351 433 -
362 396 556 453 Quemadmodum
567 395 646 447 missio
658 396 699 445 filii
713 396 794 446 natura
807 396 867 461 prior
882 402 918 449 est

112 469 221 519 missione
239 468 338 532 Spiritus
353 466 444 528 saneti,
459 467 491 517 ita
509 466 582 529 gratia
594 467 686 517 unionis
705 469 831 518 seeundum
850 482 919 533 quam

111 540 247 603 intelligitur
262 540 344 591 missio
352 539 415 602 Filii,
424 552 473 589 non
484 538 575 601 quidem
589 543 701 603 tempore,
714 542 755 590 sed
770 540 863 603 natum,
878 544 919 591 ha-

112 611 223 663 bitualem
232 610 320 661 Christi
328 611 425 674 gratiam
433 609 557 674 praeeedit,
568 611 691 661 secuudum
702 624 770 674 quam
783 612 921 675 intelligitur

115 682 196 733 missio
210 682 311 745 Spiritus
324 681 420 744 sancti.)

146 755 282 817 Respondeo
296 753 435 815 dicendum,
449 752 510 816 quod
529 752 584 802 uuio
595 754 701 803 bumauae
713 756 800 805 naturae
815 758 843 806 ad
856 757 920 806 diri·

116 839 169 875 nam
185 838 304 889 personam
318 826 404 890 (quam
414 838 482 888 supra
493 824 592 875 diximus
601 836 652 874 esse
661 824 734 887 ipsam
745 826 839 888 gratiam
854 828 921 879 uuio·

117 896 170 958 nis)
186 896 294 959 precedit
306 896 401 960 gratiam
413 894 554 945 habitualem
566 895 591 943 in
601 896 692 946 Christo
706 910 752 946 uon
771 898 850 949 ordine
863 901 923 948 tem·

117 967 195 1031 poris,
208 968 248 1017 sed
262 971 347 1018 naturae
360 971 384 1017 et
392 968 531 1017 intellectus.
542 967 572 1016 m
582 968 627 1017 hoe
635 967 720 1031 triplici
733 969 818 1019 ratione
832 970 922 1034 :primo

119 1039 227 1104 quidem,
243 1040 366 1088 seeundum
384 1038 488 1089 ordinem
506 1038 669 1103 principiorum
689 1040 815 1103 utriusque.
837 1040 924 1090 Princi-

118 1111 183 1175 pium
199 1110 262 1160 euim
272 1110 363 1162 unionis
379 1114 415 1159 est
426 1123 523 1175 persona
537 1110 577 1161 tilii
585 1124 709 1167 assumens
720 1112 843 1161 humanam
853 1115 925 1161 natu-

119 1195 183 1243 ram,
196 1196 245 1245 quae
262 1182 385 1231 secuudum
398 1183 442 1231 hoc
453 1182 537 1231 dieitur
547 1182 616 1231 missa
630 1195 682 1232 esse
691 1183 715 1231 iu
729 1183 851 1245 muudum,
862 1182 926 1246 quod

119 1255 243 1305 humanam
259 1257 361 1303 naturam
377 1253 510 1317 assumpsit.
525 1253 664 1317 Principium
681 1257 758 1303 autem
769 1254 847 1317 gratiae
859 1255 925 1303 habi·

119 1326 208 1388 tontis,
222 1338 274 1387 quas
292 1338 344 1374 oum
363 1325 472 1376 charitate
490 1325 570 1388 datur,
585 1328 621 1375 est
641 1324 740 1389 Spiritus
762 1328 869 1389 sanctus,
885 1326 925 1389 qui

122 1399 248 1448 secuudum
262 1398 307 1447 boo
317 1397 401 1447 dicitur
411 1396 482 1460 mitti,
496 1395 557 1461 qudd
568 1408 608 1460 per
620 1396 754 1447 charitatem
767 1400 866 1447 mentem
885 1397 926 1447 iu-

120 1469 219 1520 hahitat.
238 1469 316 1519 llissio
335 1472 412 1519 autem
426 1467 480 1518 Filii
494 1468 619 1519 seeundum
632 1468 733 1519 ordinem
747 1473 849 1531 naturm,
865 1468 928 1533 prior

119 1544 157 1592 est
172 1540 283 1591 missione
307 1539 407 1603 Spiritus
427 1538 514 1605 saneti;
533 1540 594 1589 siout
618 1540 697 1590 ordine
717 1544 801 1590 nature
826 1539 927 1604 Spiritus

122 1616 214 1661 sauctus
227 1612 329 1675 proredit
339 1612 353 1661 t
363 1611 432 1674 Filio,
447 1615 471 1661 et
483 1610 499 1661 a
514 1610 626 1675 sapientia
639 1611 738 1662 dilectio.
757 1612 820 1661 llude
834 1615 857 1661 et
870 1612 926 1662 unio

120 1683 250 1747 personalis
263 1684 390 1734 seeundum
405 1697 473 1747 quam
491 1682 625 1747 intelligitur
638 1682 716 1733 missio
732 1682 799 1745 Filii,
817 1687 853 1734 est
865 1682 928 1749 prior

122 1754 201 1805 ordine
225 1759 311 1805 natue
334 1755 446 1805 habituali
459 1755 544 1818 gratia,
562 1756 687 1806 seeundum
706 1768 774 1817 quam
791 1754 928 1819 intelligitur

121 1825 203 1877 missio
219 1825 316 1890 Spiritus
334 1828 418 1877 sancti.
430 1827 536 1879 Secundo
546 1864 553 1887 ,
564 1826 674 1891 aoeipitur
687 1828 745 1876 ratio
757 1826 826 1889 huJ'us
840 1826 930 1877 ordinis

121 1908 152 1946 ex
170 1896 302 1946 habitudine
319 1896 397 1959 manae
411 1897 441 1948 ad
456 1910 521 1947 suam
535 1910 635 1947 camum.
649 1897 726 1947 Gratia
746 1897 809 1945 enim
823 1902 930 1949 causatur

119 1967 148 2018 iu
165 1968 259 2018 homine
271 1980 302 2017 ex
317 1968 437 2032 presentia
454 1968 596 2031 diuinitatis,
612 1968 672 2019 sient
692 1970 769 2018 lumen
787 1968 811 2017 in
827 1980 881 2020 aere
895 1982 927 2019 ox

120 2038 242 2102 prasentia
259 2038 323 2088 solis.
346 2039 411 2089 llude
432 2038 515 2089 dieitur
533 2039 635 2099 Erech,
653 2040 723 2089 llLlll
744 2056 749 2088 :
766 2040 871 2091 «Gloria
887 2040 930 2093 llei

121 2110 193 2159 lsrael
206 2109 376 2173 ingrediebatur
389 2124 430 2174 per
443 2110 503 2161 uam
518 2111 669 2174 orientalem,
682 2115 706 2162 et
716 2114 777 2163 terra
790 2113 929 2175 splendebat

122 2178 137 2229 a
147 2180 266 2244 majestate
278 2181 338 2245 ejus.
350 2197 364 2227 u
373 2182 500 2232 Praeseutia
512 2186 587 2233 autem
598 2183 638 2233 liei
649 2182 672 2232 iu
685 2182 776 2233 Christo
789 2182 926 2249 intelligitur

120 2252 248 2302 seeundum
260 2252 371 2304 unionem
389 2255 494 2305 humane
510 2258 596 2305 uatmae
618 2256 647 2305 ad
667 2254 768 2305 diuinam
784 2269 926 2321 personam;

120 2322 183 2372 nude
196 2322 269 2387 gratia
284 2324 406 2375 habitualis
419 2323 506 2375 Christi
517 2324 652 2389 intelligitur
665 2330 691 2377 ut
708 2340 850 2389 consequeus
864 2328 929 2377 hune

120 2394 243 2456 unionem,
259 2393 317 2444 siem
336 2396 442 2459 splendor
465 2396 547 2447 solem
565 2397 657 2455 lenit,
672 2398 731 2447 ratio
751 2398 819 2460 hujus
836 2398 927 2448 ordinis

120 2464 181 2516 sumi
194 2469 269 2530 potest
282 2480 312 2517 eu
324 2467 368 2517 tine
380 2467 472 2531 gratiam
484 2468 602 2521 ordinatur
613 2470 675 2521 euim
686 2470 713 2519 ad
726 2470 784 2519 hene
796 2470 922 2533 agendum.

117 2538 229 2589 dodones
248 2542 326 2589 auteur
344 2543 398 2589 suut
418 2540 588 2604 suppositorum
609 2545 635 2593 et
656 2542 835 2592 indiuiduorum.
857 2542 926 2593 Unde

117 2608 180 2659 aetio
190 2648 198 2671 ,
210 2613 233 2659 et
243 2623 286 2674 per
299 2623 439 2675 consequens
456 2611 530 2675 gratia
543 2613 572 2663 ad
589 2612 661 2677 ipsam
678 2612 804 2675 ordinans,
817 2626 927 2677 prnsup·

117 2680 184 2745 ponit
196 2681 339 2745 hypostasim
348 2687 495 2747 operantem.
508 2684 642 2749 hypostasis
660 2687 735 2735 autem
749 2697 797 2735 nou
810 2698 924 2747 prmsnp-

121 2752 214 2817 ponitur
233 2753 258 2802 in
273 2753 373 2804 humana
390 2759 472 2805 natura
487 2760 541 2806 aute
558 2756 677 2820 unionem,
693 2758 759 2806 uter
773 2754 930 2821 supradietis

150 2828 184 2875 tet
199 2824 260 2889 (qu.
276 2828 351 2886 t‚art.
365 2826 405 2889 nl.
421 2828 449 2891 lit
462 2825 515 2877 ideo
524 2827 597 2891 gratia
609 2827 699 2880 unionis
719 2828 844 2883 secundum
855 2826 932 2879 intel-

129 2898 204 2948 eoturn
212 2896 326 2964 precedit
337 2897 435 2963 mabam
447 2897 596 2952 habitualem.
