1917 3317
167 214 276 257 aevoso
293 214 393 255 maora
408 214 479 255 νυνι
496 214 635 258 mutuum.
754 208 800 260 ttt

40 296 99 331 aaa
80 297 99 333 oa
101 299 138 367 me,
147 292 239 343 eamdem
249 292 339 343 scilicet
349 292 421 342 iteum
433 296 455 343 et
465 293 592 354 hominem,
604 295 727 345 anathema
737 295 775 346 sit
785 312 800 344 a

64 357 88 404 td
102 358 178 420 priorum
196 376 248 427 ergo
267 364 402 426 dicendum,
419 364 480 431 qudd
497 365 555 414 sicot
573 366 720 417 accidentalis
737 367 802 419 dide·

40 428 92 475 usura
106 431 149 481 taait
161 434 280 493 atteram,
297 436 330 485 ita
347 434 474 486 differentia
496 437 625 487 essentialis
643 438 697 488 iacit
713 439 799 491 athad

40 498 61 543 ’ν
65 500 110 549 uite
102 506 148 553 tum
160 510 190 557 est
200 511 275 561 autam
289 506 350 575 quaid
362 508 464 557 alteritas
475 522 527 575 qvas
537 509 641 571 provenit
650 524 678 561 or
692 510 800 565 differen-

40 570 176 627 11raraaidortali
183 583 274 643 potest
286 580 315 630 ad
329 581 432 633 eamdem
444 580 589 645 hypostasim
605 582 643 631 vel
656 585 800 647 suppositum

41 655 54 688 u
58 643 139 694 uiuere
134 662 154 697 ro
165 650 228 700 rebus
247 650 345 714 creatis,
365 664 392 701 eo
406 651 466 714 quod
487 651 548 701 idem
562 666 657 703 numero
671 659 746 735 potest
760 656 800 705 di-

40 714 93 763 »ux-ris
107 720 142 769 aei
142 721 239 773 dentibus
258 722 373 786 subesse,
388 735 435 775 uon
456 716 532 774 autom
551 724 690 789 contingit
684 740 708 779 m
732 728 800 847 tepus

48 786 110 845 arm,
121 790 169 853 oodd
182 793 239 845 idem
253 807 349 847 numero
362 794 488 845 subsistere
499 796 572 858 possit
582 796 680 847 diversis
694 811 759 849 osseo
772 814 800 849 us

40 878 53 903 a
47 859 144 915 r.toaturis
152 864 195 919 sud
206 878 265 919 unus
277 869 301 917 et
318 866 378 919 idom
389 866 493 917 Christus
505 867 625 918 subsistit
619 882 642 917 ra
657 869 745 920 duatus
759 884 801 923 rra-

43 943 51 971 a
54 930 81 978 νε
96 932 159 997 Unde,
173 936 230 988 siout
242 938 303 1001 quod
317 936 401 987 dicitur
413 937 526 989 atteram
540 944 564 989 et
578 938 709 989 atteram
702 955 727 993 m
737 955 800 994 crea·

40 1001 84 1063 ais,
96 1018 134 1057 rou
146 1008 253 1071 siguificat
269 1009 426 1061 diversitatem
440 1009 567 1073 suppositi,
580 1010 620 1060 sed
638 1011 711 1061 sotum
724 1012 799 1067 diver-

40 1080 99 1124 ratru
116 1079 227 1134 turmarum
246 1079 435 1143 accidentalium,
457 1081 490 1131 ita
512 1082 571 1143 qaod
593 1081 673 1131 dieitur
697 1083 800 1136 tamtus

40 1147 87 1192 aaa
98 1152 117 1198 et
131 1150 208 1215 atiud,
223 1165 270 1203 non
282 1151 392 1216 importat
408 1152 566 1203 diversitatem
577 1154 689 1216 suppositi
706 1156 744 1205 vet
756 1158 801 1224 rp-

40 1219 102 1268 words
111 1260 115 1279 ‚
125 1223 161 1273 ead
175 1223 329 1277 diversitatem
343 1229 482 1275 natomrum.
492 1225 557 1274 Unde
568 1224 690 1287 Gregorius
703 1227 800 1277 Nazian-

41 1301 82 1335 7ἐνε
95 1291 139 1341 dicit
148 1293 171 1345 iu
184 1294 259 1357 Epist.
273 1293 309 1342 ad
321 1293 483 1349 Ctedoar'am,
499 1295 549 1345 sive
562 1296 624 1347 Orat.
640 1296 668 1346 Ll
679 1312 685 1347 r
698 1315 711 1345 a
723 1298 800 1349 atiud

49 1358 113 1431 urard
124 1368 174 1415 suut
184 1378 211 1415 ea
222 1379 252 1417 ex
267 1364 351 1427 quibus
364 1365 466 1419 Salvator
479 1370 529 1427 est,
542 1380 588 1418 nou
603 1370 680 1417 autem
691 1368 760 1421 oliae
776 1375 800 1421 et

41 1444 42 1453 ¹
54 1434 142 1486 auoiro
157 1450 211 1488 vero
225 1436 304 1487 atiud
317 1439 340 1487 st
352 1436 436 1494 adaquat
453 1436 465 1488 d
480 1439 592 1489 contrario
605 1452 673 1501 quam
682 1441 706 1492 iu
721 1442 799 1494 Triui-

45 1512 56 1540 ·
58 1503 140 1569 -ia3tet
152 1508 182 1559 ibi
197 1508 269 1562 etiam
283 1508 353 1559 addas
366 1511 388 1559 et
403 1508 471 1561 adias
485 1510 601 1574 dicimus,
613 1517 640 1562 ut
653 1526 700 1565 noo
714 1512 799 1566 subsis-

52 1546 278 1643 rirsrau'anoruus,
293 1594 339 1633 nou
356 1584 432 1633 autem
446 1581 520 1632 atiud
530 1586 553 1632 st
565 1584 680 1636 atiud.»¹

56 1647 79 1692 td
93 1654 200 1707 secuudum
219 1652 360 1715 dicendum,
378 1651 438 1715 quod
459 1656 605 1718 hypostasis
618 1658 733 1722 siguificat
746 1660 799 1711 sub-

41 1728 65 1759 ’ν
58 1718 109 1769 utiam
123 1724 293 1786 putiouiarem,
308 1736 355 1777 uou
367 1736 509 1787 quorumque
523 1727 605 1789 modo,
621 1731 660 1779 sed
680 1735 748 1795 prout
762 1736 799 1782 ast

56 1804 86 1840 uro
100 1798 269 1861 complemento
285 1796 415 1849 Secundum
430 1796 483 1847 verd
497 1798 558 1860 quod
575 1801 659 1851 venit
652 1815 677 1850 m
690 1802 799 1853 unionem

45 1897 49 1903 -
61 1864 100 1924 ujus
112 1870 175 1932 magis
190 1867 309 1932 completi,
325 1879 372 1917 nou
385 1868 468 1916 dicitur
479 1868 631 1932 hypostasis,
645 1872 704 1922 siout
716 1888 798 1926 manus

51 1955 54 1977 ·.
68 1950 105 1995 prs.
118 1940 142 1991 Et
153 1941 261 1994 similiter
277 1942 378 1993 domasa
393 1943 471 1993 natura
491 1941 515 1989 in
532 1942 637 2003 Christo,
650 1944 753 2007 quamvis
770 1946 800 1996 sit

52 2010 124 2059 „startia
136 2011 288 2076 particularis,
300 2010 354 2073 quia
363 2014 440 2063 tamea
448 2011 513 2063 veuit
522 2012 547 2065 io
557 2012 665 2064 unionem
679 2017 797 2080 cujusdam

62 2081 205 2142 .;·'ati,soiliaet
218 2082 399 2145 maurepast,
410 2088 476 2146 prout
491 2087 526 2136 est
540 2085 607 2135 Daas
620 2090 643 2137 et
657 2086 739 2144 homo,
753 2102 798 2139 uon

61 2156 84 2197 ut
93 2154 129 2205 dioi
137 2156 295 2221 hypostasis,
308 2156 347 2205 vei
356 2158 532 2218 suppositarum
546 2157 585 2205 sed
594 2158 650 2208 illud
661 2159 798 2222 completum

40 2242 54 2259 ²
69 2226 244 2291 'amoturum
259 2226 344 2281 dieitur
358 2239 409 2279 esso
425 2229 569 2291 hypostases
580 2228 617 2280 voi
627 2233 797 2293 suppositam.

63 2293 158 2350 titatium
174 2266 298 2351 νίοεννυιν
305 2298 403 2362 ,'qudd
397 2312 422 2348 m
435 2300 502 2349 rebus
516 2300 600 2351 creatis
612 2314 649 2351 res
663 2302 738 2365 aliqua
752 2304 800 2353 sia·

41 2398 42 2401 =
69 2364 93 2412 ν
87 2384 144 2419 ooo
159 2372 253 2437 ponitur
274 2371 300 2421 iu
322 2383 421 2435 genere,
438 2370 496 2420 vel'
489 2384 514 2419 m
535 2373 626 2436 specie,
645 2373 731 2424 ratione
749 2374 799 2437 ejus

73 2443 170 2500 pertinet
187 2445 214 2493 ad
234 2443 288 2511 ejus
307 2440 442 2491 individuae·
426 2446 527 2503 t,rouam
545 2443 585 2493 sed
606 2442 693 2494 rationo
715 2449 800 2496 naturae

62 2514 177 2564 secuudum
188 2517 288 2565 formam
303 2513 482 2578 determinatur,
497 2528 549 2563 oum
563 2514 697 2567 individuat
691 2529 713 2566 ro
726 2516 799 2584 magis

40 2598 42 2603 ·
69 2586 165 2635 secuudum
178 2586 300 2637 materiam
313 2586 339 2635 in
352 2586 421 2636 rebus
435 2586 578 2649 compositis.
591 2586 629 2636 Sic
648 2600 701 2651 ergo
718 2588 800 2639 diren-

72 2658 176 2721 utrum
185 2660 292 2713 causus
307 2661 344 2713 est
358 2658 384 2711 ia
395 2658 471 2721 speeie
485 2660 601 2724 humana,
612 2659 700 2715 rationo
713 2663 800 2712 satura

53 2729 187 2792 ''idaturou
200 2730 291 2785 ratione
303 2728 382 2795 ipsias
392 2730 530 2794 hypostasis.
807 2749 813 2757 ·
