1917 3317
175 230 223 281 tlt
259 238 367 280 arumna
379 239 507 290 armant,
524 239 615 286 onnon.
629 236 764 290 demvm,
778 239 832 279 aur.
844 239 876 279 rr.
947 250 948 284 r

173 321 283 384 manium
301 318 434 369 ordinantur
448 319 474 368 ud
492 330 580 369 sacram
600 317 734 368 doctrinam.
749 318 813 368 liudo
828 315 936 380 tupnotiu

172 389 226 440 dioil
241 389 266 439 in
279 390 324 441 fine
337 391 447 445 Musio:
466 406 480 437 a
492 390 552 450 ilos,
564 390 617 440 dum
631 389 777 452 negligendos
791 403 839 442 eane
851 402 898 439 uon
908 390 941 439 en

173 461 281 516 omanus
294 475 352 525 quoa
369 462 472 514 haretici
493 460 592 513 notionis
611 465 634 512 et
652 459 754 512 noientiae
774 460 849 512 iudaei
862 460 948 538 pollion

172 533 235 584 done
244 533 369 598 decipiunt,
384 533 470 585 tardilrs
484 533 609 585 incedimus
619 533 799 584 consideratione
811 534 911 598 ipsamm
922 533 948 604 rip

172 620 231 658 mm.
252 608 315 666 Quod
335 611 413 658 tamen
433 607 508 657 faeere
530 618 576 656 non
594 606 742 668 auderemus,
756 606 802 657 uini
821 605 903 655 multos
920 605 946 668 p'n

172 677 278 730 Ecclesia
293 678 408 729 catholiea
422 678 502 729 matris
515 676 606 740 optime
618 677 690 739 fidon,
706 678 784 728 eadem
798 677 943 729 refellendon

172 750 331 802 haeretieorum
344 749 493 812 necessitate,
507 748 589 802 ronne
599 748 761 800 rideremus.»

448 907 450 909 ’
469 927 626 980 inmenens
639 928 678 1007 ru

178 1060 264 1106 Utraim
273 1059 357 1116 relipio
365 1072 417 1117 pron
424 1054 496 1104 ononi
502 1061 556 1104 nilo
565 1060 751 1116 contemplation
759 1059 792 1105 nit
799 1061 880 1118 potior
888 1064 913 1105 ed
921 1072 943 1116 qn

400 1126 469 1167 ononi
477 1123 584 1179 operiono
592 1123 646 1168 vito
654 1123 745 1168 notiore.

19 1289 30 1316 ¹.
130 1224 133 1230 Ι
206 1254 240 1306 nd
255 1257 345 1307 sextum
358 1253 392 1304 aio
406 1252 545 1318 proceditur.
560 1253 653 1304 Videtur
669 1254 731 1318 quod
751 1255 832 1319 religio
847 1269 936 1320 quera

175 1326 228 1377 ritae
241 1324 431 1390 contemplative,
441 1338 488 1375 non
499 1324 530 1375 sit
542 1327 618 1390 potior
626 1324 654 1376 ed
667 1339 717 1390 quae
726 1331 792 1377 raoni
805 1329 912 1393 operibus
920 1328 944 1375 r‘rl

175 1399 264 1449 aatirae.
279 1396 433 1448 diciturenim
444 1397 570 1447 Extende
579 1397 743 1463 repertoribus
752 1402 778 1448 et
788 1399 944 1451 transeundo

175 1471 211 1520 od
225 1469 389 1536 reliqtonem,
398 1482 450 1534 cap.
460 1471 530 1520 Lt'oet
542 1471 579 1530 (ex
587 1470 718 1521 Innocentio
727 1471 768 1535 ΙΙΙ)
779 1487 786 1521 2
799 1489 813 1519 n
825 1472 891 1524 Siout
904 1472 938 1534 maj

147 1590 150 1592 ,
175 1542 258 1592 bonum
272 1541 354 1593 minori
366 1543 425 1592 hono
435 1541 585 1605 proponitur,
599 1541 632 1592 ita
639 1543 768 1593 eommunis
782 1545 874 1596 utilitas
886 1544 946 1609 spen

177 1615 270 1665 utilitati
288 1613 422 1679 profertum
437 1617 461 1664 et
473 1614 499 1664 in
511 1615 555 1664 hoe
574 1627 628 1664 casn
645 1614 704 1664 recti
722 1615 867 1680 praeponitur
880 1615 941 1668 doctri

178 1685 277 1747 silentio,
289 1686 417 1737 sollieitudo
427 1684 621 1750 contemplationi,
628 1690 652 1737 et
660 1686 722 1736 tabor
729 1686 809 1749 quieti.
817 1704 833 1736 r>
845 1691 892 1741 Sed
903 1688 944 1745 reli

176 1759 212 1807 est
225 1758 305 1808 melior
318 1771 369 1822 qua
384 1759 412 1809 ad
426 1759 502 1822 majus
513 1758 598 1808 bonum
611 1758 734 1808 ordinatur.
743 1760 802 1822 Ergo
812 1761 907 1812 ridetur
917 1774 946 1822 nn

177 1827 298 1891 religiones
311 1844 361 1894 qnae
375 1829 508 1880 ordinantur
516 1830 543 1879 ad
556 1831 629 1881 uitam
640 1829 751 1892 activam,
761 1831 810 1882 sint
824 1830 934 1898 potioros'

178 1913 230 1963 qun
244 1901 376 1953 ordinantur
391 1901 500 1953 advitam
510 1900 721 1965 contemplativam.

211 1977 234 2024 Ι.
249 1973 379 2035 Prnterea,
392 1973 468 2024 omnin
483 1973 562 2036 religio
576 1973 692 2024 ordinatur
705 1974 734 2025 nd
747 1975 914 2038 portentionem
925 1989 941 2023 n

178 2043 266 2106 ributio,
280 2047 306 2094 ut
327 2044 396 2110 suprl
411 2046 514 2096 habitum
535 2048 570 2095 ent
583 2045 640 2109 (art.
662 2049 676 2095 1
690 2050 713 2097 et
727 2049 767 2109 t).
782 2047 829 2098 Sed
845 2047 946 2114 superii

179 2117 215 2168 od
228 2116 311 2173 Heln..
324 2118 382 2167 xil:
397 2119 527 2168 «Nondum
545 2131 617 2180 usquo
633 2119 661 2168 ad
671 2118 806 2180 sangninem
819 2121 942 2177 restitistis,

180 2189 234 2241 dioit
248 2190 327 2240 Gloria
340 2205 347 2240 ι
359 2206 373 2238 o
385 2189 511 2241 Periootior
523 2188 549 2240 in
562 2192 605 2239 irae
618 2190 666 2240 rita
679 2190 771 2241 dileetio
785 2192 853 2244 uuila
866 2199 900 2245 est
911 2192 946 2242 ei⁴

179 2272 247 2324 quarn
260 2261 333 2311 saneti
342 2265 453 2327 martyres
462 2265 627 2326 peruenerunt,
637 2261 676 2326 qui
687 2265 765 2312 contra
777 2270 901 2327 ploratum
909 2277 941 2323 usn

179 2333 206 2383 ad
216 2333 351 2395 sanguinem
362 2337 509 2388 certarunt.»
524 2333 615 2384 Certaro
630 2337 705 2384 autem
718 2347 791 2397 unque
802 2336 834 2386 ad
850 2336 944 2400 sanguin

179 2404 288 2468 dompetit
298 2405 445 2469 religionibus
458 2419 509 2470 qua
523 2405 552 2455 ad
567 2404 671 2455 militiam
685 2405 834 2468 ordinantur,
845 2424 897 2474 que
907 2413 942 2456 tan

178 2476 294 2540 portinent
307 2478 336 2529 ad
347 2477 418 2528 vitam
427 2477 535 2528 activam.
549 2477 609 2540 Ergo
620 2477 710 2527 ridetur
722 2476 784 2540 quod
796 2479 928 2544 hujusmodi

178 2546 274 2610 ligiones
290 2548 337 2600 nint
349 2550 485 2614 potissime.

210 2623 234 2670 n.
247 2622 377 2684 Praelerea,
388 2621 451 2672 tauto
466 2620 556 2672 ridetur
573 2633 625 2671 esse
646 2620 721 2684 aliqua
743 2620 825 2685 religio
848 2622 945 2690 periendo

177 2691 262 2756 quanio
280 2695 315 2744 ent
333 2692 422 2743 arctior.
438 2692 483 2743 Sed
503 2692 562 2742 nihii
578 2692 685 2756 prohibet
705 2692 794 2756 aliquas
817 2697 933 2761 religiones

177 2764 248 2815 vitam
259 2765 363 2815 activam
371 2764 484 2815 ordinatae
495 2777 545 2815 eoae
558 2764 661 2816 arctioris
672 2765 841 2831 observando,
853 2770 918 2834 quim
932 2764 944 2814 ε’

177 2835 223 2888 illan
237 2850 288 2901 que
303 2835 435 2887 ordinantur
448 2837 476 2888 ad
491 2837 561 2887 ritum
575 2838 784 2903 contemplativam.
799 2840 864 2906 Ergo
878 2844 926 2892 nunt
939 2856 944 2881 ι

177 2907 256 2961 tiores.
508 2916 512 2923 ·
826 2943 829 2948 -

210 2980 256 3032 Sod
269 2982 348 3032 oontrn
364 2985 414 3046 eol,
432 2983 492 3047 quod
511 2983 620 3036 Dominus
639 2985 710 3047 Loto,
725 2983 756 3036 ΙΙ.
775 2985 835 3038 dicit
849 3005 865 3039 n
877 2987 943 3053 optim
