1917 3317
142 177 172 225 ll
244 187 353 224 sscuuua
369 185 496 236 emotum,
509 183 712 235 sommam,
726 186 781 225 aar.
798 189 832 227 rr.

139 263 257 326 temptatio
274 263 304 312 ad
320 261 389 311 vitam
408 267 496 325 spectat
512 261 724 326 contemplativam
736 263 869 328 dispositive
880 267 938 318 vcro

139 338 163 385 et
176 334 241 397 quasi
254 331 385 384 secundario
399 333 494 383 uirtutes
510 333 620 396 morales,
636 338 661 384 et
673 333 803 384 divinorum
813 336 939 389 effectuum

137 405 312 469 consideratio.)

168 477 302 541 Respondeo
311 477 441 539 dicendum,
454 476 515 540 qudd
525 476 585 526 sieut
593 477 641 541 jam
650 477 735 527 dictum
745 481 779 528 est
791 479 845 544 (art.
858 479 895 543 a),
906 483 939 532 ad

137 549 206 598 vitam
223 548 421 614 contemplativam
440 549 540 612 pertinet
555 548 640 611 aliquid
656 549 791 612 dupliciter:
808 565 852 602 uno
868 555 939 605 modo

137 619 298 684 principaliter,
310 621 354 670 alio
363 620 428 670 modo
438 619 570 670 secundario
581 621 618 670 vel
627 620 768 685 dispositive.
776 622 941 686 Principaliter

138 691 228 756 quidem
243 694 270 742 ad
281 693 350 741 vitam
361 692 559 755 contemplativam
570 691 668 754 pertinet
680 693 842 755 contemplatio
852 694 942 748 divinae

138 763 249 823 veritatis,
264 763 317 827 quia
326 762 456 828 hujusmodi
465 763 624 825 contemplatio
637 767 674 813 est
686 763 739 814 duis
747 765 815 814 totius
826 766 939 819 humanae

139 835 201 885 ritae.
222 836 284 885 Unde
300 835 437 898 Augustinus
450 834 506 884 dicit
519 835 542 884 in
556 836 574 884 l.
595 835 630 884 De
643 836 709 884 Tria.
725 836 796 900 (cap.
815 838 859 900 8),
874 840 940 902 qnod

141 906 321 970 «contemplatio
332 905 372 956 liei
386 905 523 969 promittitur
532 905 629 956 nohisut
643 906 758 956 actionum
769 910 871 960 omnium
884 911 942 964 linis

140 981 207 1041 atque
228 983 310 1029 aterna
327 979 436 1042 perfectio
453 978 594 1042 gaudiorum.
608 993 623 1024 a
637 981 691 1037 Quae
709 979 801 1042 paridem
819 981 842 1030 in
859 982 943 1036 lutura

139 1050 236 1101 viluerit
245 1052 352 1116 perlecta,
363 1051 451 1114 quando
465 1069 479 1098 u
489 1050 617 1100 videbimus
626 1064 678 1100 eum
692 1051 751 1101 lacte
764 1053 792 1101 ad
808 1053 909 1119 iaciem3
925 1075 941 1105 »

138 1123 198 1173 uude
207 1127 230 1174 et
240 1122 339 1188 perlecti
349 1123 427 1172 beatos
437 1123 514 1172 societ.
524 1124 671 1173 Nuucantem
681 1124 941 1188 contemplatiodivinae

117 1193 237 1259 ,veritatis
249 1195 356 1258 competit
371 1194 437 1244 nohis
451 1194 597 1258 imperfecte,
611 1194 720 1244 videlicet
735 1209 802 1258 oper
817 1199 942 1260 speculum

138 1270 160 1316 et
175 1267 198 1316 in
213 1266 342 1330 aenigmate.
358 1283 371 1314 a
384 1267 448 1317 Unde
462 1280 503 1330 per
514 1279 563 1316 eam
580 1267 606 1316 lit
618 1266 684 1316 nohis
700 1268 802 1330 quadam
817 1268 942 1324 inchoatio

138 1338 292 1399 beatitudinis,
308 1352 358 1401 qrrae
367 1339 405 1388 hic
417 1338 497 1403 incipit
510 1343 535 1388 ot
548 1338 573 1387 in
582 1339 658 1389 loturo
668 1339 821 1390 continuetur.
835 1340 904 1393 Unde
916 1349 943 1397 et

138 1409 287 1474 Philosophus
300 1411 324 1459 in
336 1412 365 1460 il.
377 1412 458 1460 Ethic.
473 1411 539 1474 (cap.
552 1415 576 1472 6,
592 1413 639 1460 'tet
652 1412 693 1471 8),
707 1409 732 1459 in
741 1411 942 1475 contemplatione

137 1481 218 1546 optimi
227 1481 374 1546 intelligibilis
385 1483 449 1546 pouit
458 1473 561 1532 ultimam
569 1481 698 1533 felicitatem
708 1482 814 1532 hominis.
827 1484 870 1534 Sed
879 1489 944 1548 quala

138 1566 178 1616 per
193 1552 282 1604 divinos
297 1554 391 1605 ellectns
404 1554 428 1604 in
441 1555 480 1606 llei
494 1554 685 1617 contemplatione
698 1554 882 1618 manuducimur,
901 1573 944 1611 se-

138 1625 236 1676 cundirm
247 1627 302 1676 illud
317 1627 351 1676 ad
365 1629 466 1681 Rom..l
483 1643 489 1677 ε
504 1644 518 1674 «
527 1625 654 1675 Invisibilia
666 1625 706 1675 Dei
717 1638 756 1690 per
771 1638 799 1675 ea
812 1629 945 1689 quaefacta

138 1700 205 1756 sont,
218 1697 330 1747 intellecta
342 1698 376 1762 (1)
394 1697 595 1762 conspiciuntur‚»
608 1696 662 1747 inde
673 1701 708 1747 est
720 1696 780 1760 qudd
794 1696 864 1747 etiam
878 1714 943 1754 con.

137 1768 253 1830 templalio
263 1769 389 1818 divinorum
399 1771 521 1820 effectuum
529 1769 661 1820 secundario
671 1771 698 1819 ad
710 1770 781 1819 vitam
792 1773 945 1836 contempla.

137 1840 208 1890 liram
226 1840 335 1903 pertinet,
349 1841 517 1904 pronbscilicet
535 1855 564 1892 ex
580 1843 625 1890 hoc
646 1841 804 1891 manuducitur
819 1841 889 1892 homo
915 1849 945 1898 in

138 1911 179 1961 liei
194 1911 355 1974 cognitionem.
365 1913 428 1962 Unde
442 1912 583 1974 Augustinus
593 1912 649 1962 dicit
658 1912 680 1961 in
689 1913 730 1962 lib.
741 1913 778 1962 De
786 1926 844 1961 aero
856 1914 941 1983 reliq,

138 1984 205 2047 (cap.
222 1986 281 2045 ΞΘ),
301 1982 360 2047 qudd
375 1999 389 2030 u
403 1981 428 2034 in
447 1987 597 2034 creaturamm
615 1983 794 2034 consideratione
810 1996 857 2032 nou
875 1999 945 2042 rana

138 2059 161 2105 et
175 2054 273 2118 peritura
282 2055 400 2105 curiositas
416 2058 450 2105 est
461 2055 600 2119 exercenda,
613 2057 652 2106 sed
663 2056 746 2119 padus
755 2057 782 2105 ad
798 2055 946 2114 immortalia

136 2130 160 2176 et
171 2139 259 2190 semper
270 2127 386 2176 manentia
404 2126 530 2177 faciendus.
541 2144 554 2174 n
569 2127 608 2176 Sic
620 2141 674 2191 ergo
687 2141 716 2178 ex
728 2125 849 2190 premissis
859 2134 944 2197 patet,

137 2197 196 2262 qndd
210 2198 288 2248 ordine
303 2198 399 2261 quodam
416 2200 511 2261 quatuor
524 2199 551 2248 ad
563 2199 633 2248 vitam
651 2197 847 2262 oorrtemplativam
861 2206 944 2263 penti.

137 2273 192 2320 ueni
205 2285 210 2318 :
221 2267 293 2332 pcimd
301 2268 390 2332 quidem
399 2269 493 2318 virtutes
504 2271 609 2332 morales,
617 2270 716 2322 seeundo
726 2275 803 2321 autem
813 2270 852 2319 alii
860 2277 944 2341 actus,

136 2344 216 2406 prater
235 2341 461 2404 contemplationem
475 2341 542 2392 terlio
559 2342 613 2393 verd
629 2342 789 2407 contemplatio
802 2342 942 2402 divinorum

136 2413 273 2475 elleclunm;
288 2417 393 2476 quartum
411 2413 465 2464 rard
482 2413 642 2479 completivum
657 2418 692 2464 est
704 2414 753 2478 ipsa
771 2416 944 2479 contemplatio

134 2484 218 2534 diviua
232 2483 343 2534 veritatis.
920 2508 934 2528 a

168 2556 200 2605 ild
210 2555 307 2618 primum
316 2570 369 2621 ergo
379 2556 499 2608 dicendum
507 2556 583 2621 qudd
593 2557 664 2607 llarid
673 2556 827 2620 coguitionem
836 2570 945 2623 operum

169 2718 199 2779 (il
215 2721 259 2766 Seu
279 2720 416 2778 transpositi
435 2722 618 2780 constructione,
639 2726 667 2764 ut
682 2721 712 2767 sit
729 2721 820 2776 planior
834 2734 942 2788 sensus,

135 2785 257 2830 intellecta
273 2797 320 2843 per
337 2799 364 2831 eo
380 2797 432 2843 parm
449 2787 514 2844 foeta
533 2789 599 2830 auat.
622 2785 686 2838 Quod
705 2784 838 2842 planissime
857 2767 944 2845 grem}

138 2847 228 2905 phrasis
238 2849 339 2894 ostendit
349 2849 501 2906 ,ambiguam
521 2849 716 2894 constructionem
730 2860 777 2893 nou
787 2849 942 2917 rellnquens

138 2912 185 2970 τοῖς
198 2910 308 2983 ποιήμοσι
321 2917 432 2981 veipatvot,
446 2912 469 2958 id
478 2917 514 2958 ast
525 2912 632 2971 opificiis
642 2912 774 2959 emilam
