1917 3317
109 236 136 274 nr
150 233 252 274 ommis
267 231 499 279 numennumen
517 231 610 272 sesne.
627 233 653 273 ue
671 233 758 274 em.
804 225 834 274 te

48 311 126 375 sistere,
140 311 267 364 secuudum
285 311 341 361 illud
354 309 452 360 esaim,
465 311 563 362 CXLVII
572 325 579 360 :
589 327 611 359 'c
627 311 671 370 oni
685 312 761 376 posuit
774 312 832 364 flues

47 388 88 433 tuos
98 397 185 448 pmem3
196 401 211 430 n
227 388 252 433 et
264 383 294 432 il.
306 382 343 431 ad
354 383 424 442 Gor„
434 383 489 442 ult,
500 382 581 433 dicitur
593 397 601 432 ι
616 401 630 432 s
642 385 724 433 Pacem
738 385 830 448 hebete,

44 461 64 506 et
76 458 129 507 ileus
142 456 204 520 pacis
217 455 261 506 ecit
276 455 402 506 volscum
418 471 432 501 n
452 457 498 506 Sed
514 454 634 506 diversitas
649 461 684 506 eet
698 456 833 519 impeditius

43 529 105 590 pacis,
113 542 178 591 quam
186 527 314 576 similitudo
324 539 417 576 causare
427 526 717 585 videtur‚seeunddmiliud
730 528 833 587 ductes„

45 601 90 649 lllll
102 613 109 648 :
123 600 218 650 «Omne
227 598 312 648 animal
323 597 397 660 diligit
407 597 480 648 simile
491 597 543 660 silii3
555 613 569 645 u
581 602 604 648 ct
616 598 770 662 Philosophus
781 601 836 652 dicit

49 671 70 717 iu
84 671 125 721 lit.
134 671 224 726 Pelet„
232 669 301 733 *qnod
314 669 426 719 «modica
438 669 566 721 differentia
577 670 632 720 iacit
643 669 670 719 iu
680 671 773 722 ciuitate
785 673 833 722 dis·

50 741 127 792 sidium.
143 760 156 792 o
175 744 236 806 Ergo
254 741 344 791 uidetur
358 740 419 804 quud
435 755 482 792 non
494 746 597 806 oporteat
617 742 642 792 iu
661 743 761 794 Ecclesia
783 758 835 797 esse

47 814 188 864 diversitatem
200 817 302 864 entuum
317 817 342 862 et
354 811 489 865 ciliciorum.

70 887 108 936 Sed
121 890 199 936 contra
211 889 248 936 est
255 921 264 948 ,
274 885 335 948 quod
349 883 373 934 in
388 885 485 934 Psctm.
500 886 572 935 xliv
584 886 612 936 ad
624 885 715 936 laudem
728 887 835 940 Ecclesiae

41 959 122 1022 dieitur,
133 959 194 1022 qudd
205 961 264 1008 estu
277 953 446 1007 circumlinisti
458 958 583 1020 uanetate3
595 975 609 1004 n
624 958 663 1008 uhi
682 960 760 1010 Glosse
770 961 832 1023 dicit,

41 1031 95 1093 quid
106 1047 120 1079 u
133 1028 237 1080 doctrici
246 1029 414 1093 Apostolorum,
423 1033 447 1079 et
455 1029 600 1080 confessione
609 1034 745 1096 martyrum,
757 1037 780 1082 et
791 1047 835 1098 pu·

41 1105 103 1153 ritate
115 1102 243 1164 virgiuum,
256 1105 283 1152 et
293 1101 393 1151 lamento
404 1101 566 1165 poenitentium
576 1106 668 1152 ornatur
681 1104 777 1166 Regina,
786 1120 800 1151 n
810 1105 834 1154 id

41 1179 72 1224 est
86 1174 192 1224 Ecclesia.

71 1245 302 1310 (πωπω-Λᾶ
318 1243 426 1294 Ecclenss
443 1245 483 1296 uei
499 1245 661 1308 perfectionem
675 1249 700 1296 et
718 1247 832 1308 decorem,

42 1318 144 1368 decuitin
155 1331 183 1368 ea
196 1318 341 1368 diversorum
349 1316 474 1368 ciliciorum
487 1321 511 1368 at
522 1321 622 1368 statuum
632 1331 725 1368 munera
740 1319 836 1370 diversis

44 1389 138 1452 personis
152 1389 272 1440 distribute
285 1388 400 1451 inueniri,
412 1402 453 1453 pro
470 1390 606 1449 necessitato
624 1390 745 1440 muitarum
760 1391 836 1441 ectio-

43 1476 92 1512 uum
104 1475 155 1526 qne
169 1462 193 1512 iu
207 1461 249 1512 illa
262 1460 398 1510 necessaria
409 1460 490 1525 suut.)

71 1535 200 1598 despondeo
213 1533 353 1595 dicendum,
364 1530 422 1595 qnod
438 1531 557 1583 diuersitas
569 1534 668 1583 statuum
678 1535 702 1583 et
710 1533 837 1584 ciliciorum

47 1604 67 1652 iu
81 1606 174 1656 inciesis
188 1606 218 1656 ad
235 1605 281 1655 tria
297 1603 396 1668 pertinet
408 1603 499 1669 :primo
511 1604 616 1669 quidem,
630 1606 659 1655 ad
675 1607 836 1670 perfectionem

44 1675 109 1737 ipsius
123 1678 244 1739 Ecclesiam
260 1675 392 1726 sicutenim
406 1678 431 1724 in
445 1689 520 1725 rerum
535 1676 671 1726 naturatum
686 1677 775 1741 nempe,
784 1689 839 1743 per·

40 1748 118 1814 tectio,
136 1762 189 1813 qum
205 1751 232 1798 iu
253 1749 301 1798 lieo
320 1747 455 1812 simpliciter
471 1751 495 1797 et
514 1747 657 1798 uniformiter
675 1748 798 1813 invenitur,
810 1751 837 1801 iu

40 1822 181 1872 universitate
192 1823 349 1872 creaturarum
361 1817 459 1869 inveniri
468 1831 514 1870 uon
524 1823 602 1883 potest
614 1818 660 1869 uisi
669 1819 802 1872 difformiter
812 1827 838 1874 et

39 1892 202 1957 multipliciten
214 1893 249 1942 ita
265 1891 337 1942 etiam
351 1890 629 1954 portentosumque
643 1891 668 1940 iu
678 1893 766 1943 Christo
777 1893 837 1944 sicut

40 1965 61 2013 iu
76 1966 148 2029 eapite
163 1965 287 2024 adunatur,
303 1963 333 2013 ad
350 1963 451 2013 membra
466 1965 518 2028 ejus
537 1964 660 2026 redundat,
675 1963 703 2012 ad
720 1966 765 2014 troc
777 1963 837 2028 qnod

40 2050 116 2100 corpus
126 2036 236 2088 Ecclesiae
249 2035 280 2086 sit
289 2034 424 2100 perlectum.
436 2035 516 2084 lithos
525 2035 629 2099 estquod
641 2036 763 2100 Apostolus
772 2035 837 2098 dicit,

41 2110 71 2156 od
91 2109 192 2174 Epires„
211 2109 241 2157 lv
259 2123 266 2156 ι
285 2107 368 2170 «lpse
382 2106 444 2156 dedit
462 2108 571 2170 quosdam
586 2107 676 2170 quidem
690 2107 834 2172 Apostolos,

42 2181 140 2242 quemdam
157 2183 237 2230 autem
257 2177 408 2242 serapionas,
423 2177 479 2228 alios
498 2178 554 2228 vert
570 2180 761 2244 desepelieiue,
781 2180 838 2230 alios

44 2258 108 2302 rernm
116 2255 238 2303 Postume
246 2254 270 2301 et
278 2250 441 2308 Dostoneoi
451 2251 666 2302 consummationem
675 2252 836 2302 Sanctorum.»

45 2324 136 2375 Secundo
153 2326 234 2374 annm
256 2322 358 2386 pertinet
374 2321 402 2370 ed
417 2320 574 2372 necessitatem
594 2323 708 2373 actionum
722 2337 773 2387 quse
785 2326 840 2373 scut

48 2393 170 2449 iuleciesia
184 2393 332 2445 necessarie.
347 2393 441 2456 Oportet
453 2393 514 2442 euim
528 2395 555 2444 ad
573 2395 673 2447 diversas
685 2395 786 2446 actiones
805 2393 839 2444 di-

52 2477 109 2518 rens
121 2467 233 2519 homines
247 2464 368 2530 deputari,
386 2465 414 2514 ad
424 2467 467 2515 troc
476 2465 537 2529 quod
548 2465 678 2531 expeditius
689 2470 712 2517 et
722 2467 770 2518 sine
785 2479 839 2518 con-

50 2537 119 2591 tusione
131 2539 214 2591 omnia
231 2540 379 2602 peraguntur,
389 2535 418 2584 tlt
426 2537 470 2586 troc
481 2541 517 2587 est
529 2539 588 2602 quod
598 2539 719 2602 Apostolus
727 2538 791 2601 dicit,
803 2538 839 2588 orl

49 2609 112 2668 ion..
129 2613 171 2662 xil
189 2625 197 2660 :
214 2609 303 2659 «Sicut
316 2608 339 2660 in
357 2621 404 2658 uno
422 2621 503 2672 copore
517 2611 588 2660 multa
606 2609 704 2660 membra
719 2611 838 2672 hammus,

49 2683 108 2733 onnia
120 2687 201 2734 antem
215 2681 321 2731 membra
334 2692 381 2729 nou
395 2680 499 2730 eumdem
516 2685 591 2733 uotum
605 2681 706 2742 habent,
726 2681 757 2730 ita
774 2681 841 2732 multi

50 2765 105 2802 tirum
118 2768 204 2819 corpus
217 2765 298 2806 semin
307 2751 333 2800 iu
347 2748 447 2800 Christo.
461 2767 475 2798 »
490 2751 581 2812 Tertio,
595 2753 639 2802 hoc
651 2751 749 2815 pertinet
767 2752 794 2800 sd
804 2751 839 2799 di-

53 2825 141 2880 struiem
155 2830 181 2877 et
198 2822 392 2889 pulchritudinem
406 2822 527 2888 Emissis,
543 2837 594 2888 qua
607 2823 632 2871 in
644 2823 744 2886 quodam
762 2821 840 2870 ordine

56 2897 145 2946 cernit.
158 2897 226 2947 linde
238 2895 325 2946 dicitur
335 2893 377 2944 lll.
389 2892 457 2959 dep„
467 2895 501 2957 X,
511 2893 572 2958 quod
585 2891 773 2953 enidensrepina
781 2888 840 2937 ssim

57 2975 126 3018 tutem
140 2967 281 3034 sapientiam
294 2964 435 3029 Salomonis,
449 2969 474 3016 et
489 2964 617 3016 panucula
628 2974 759 3021 seruorum,
770 2961 794 3007 et
804 2969 841 3004 or·
