1917 3317
282 177 314 215 nu
327 175 418 218 susm
432 177 544 224 emori,
561 178 615 215 uro.
807 168 852 217 stt

75 254 110 304 lid
124 251 224 316 primurn
244 264 299 314 ergo
310 252 447 315 diosndum,
458 252 519 315 qndd
531 252 672 316 Augustinus
687 253 720 303 ioi
734 257 854 317 prolium

45 323 150 376 nominet
164 323 284 385 gratuitum
294 323 335 373 Uei
343 324 493 387 uoluntatem,
504 326 573 389 gratis
584 324 694 375 heueliois
706 325 853 389 largientem.

44 398 73 446 Et
86 398 181 460 propter
189 396 234 443 lroe
247 394 326 445 eedem
339 395 411 457 gretie
423 395 479 445 dicit
492 396 609 446 hominem
623 410 788 461 quemeumque
802 397 855 449 lieri

43 467 210 525 Christianum,
222 480 267 529 qua
277 467 348 530 gratia
361 467 435 518 lautus
444 472 480 517 est
492 469 560 519 horno
571 468 675 519 Christus
682 484 689 531 ;
701 468 755 533 quia
764 473 855 521 utrum·

43 552 89 605 que
99 538 198 602 gratuita
209 537 250 586 Uei
264 538 382 587 voluntate
395 538 479 603 absque
494 538 581 589 meritis
595 538 679 588 laetum
694 544 738 589 est.

77 612 114 661 Ad
132 610 259 659 seeundum
272 608 409 670 dicendum,
424 608 483 673 qu'od
498 610 557 659 siout
573 609 682 674 dipositio
696 610 720 659 in
735 611 772 660 uie
784 624 854 675 gene·

45 680 141 732 rationis
153 679 260 744 precedit
276 680 439 743 perlectionem
453 681 560 745 adquam
574 680 691 745 disponit,
709 681 734 729 iu
747 681 785 730 his
799 696 852 745 quae

46 749 176 803 suooessiue
198 748 347 813 perdoiuntur
363 751 412 813 (l),
429 750 462 799 ita
475 750 609 801 naturaliter
631 750 797 815 perlectionem
814 766 853 802 se·

45 824 133 888 quitur,
147 835 216 887 quam
227 821 310 885 aliquis
319 821 369 885 jum
383 826 519 873 consecutus
533 827 580 884 est3
596 822 653 872 sieut
668 822 737 885 color,
753 822 792 887 qui
812 821 854 872 luit

48 893 169 959 dispositio
182 894 210 942 ad
219 892 315 942 formam
324 893 400 955 ignis,
409 897 443 942 est
457 894 553 943 effeetus
564 893 782 957 prolluensllorma
792 893 854 957 ignis

45 966 91 1030 jam
105 965 284 1030 praeexistentis.
297 964 401 1013 Humana
414 967 491 1013 autern
505 968 586 1014 nature
597 966 621 1014 iu
636 964 727 1014 Christo
741 963 805 1015 unita
817 967 855 1015 est

47 1051 150 1101 personae
169 1036 238 1085 Verbi
253 1035 266 1084 i
279 1035 406 1099 principio,
422 1035 507 1099 ubsque
526 1035 680 1085 successione.
697 1035 761 1084 Unde
782 1035 855 1099 gratia

47 1107 170 1158 habitualis
184 1120 231 1156 non
243 1105 376 1169 intelligitur
389 1109 415 1155 ut
428 1108 560 1170 praeoedens
570 1106 694 1167 unionem,
707 1107 747 1155 sed
761 1110 785 1155 ut
796 1118 854 1157 oon-

48 1192 145 1241 sequeus
157 1191 217 1239 eam,
231 1177 290 1226 sieut
301 1179 405 1240 quaedam
419 1177 546 1241 proprietas
557 1178 676 1227 naturalis.
690 1178 754 1227 Unde
769 1181 793 1227 et
807 1180 853 1227 An-

46 1250 154 1313 gustiuus
175 1248 233 1298 dioit
252 1248 276 1297 in
291 1248 436 1308 Unctirr'd„
456 1247 516 1313 quod
534 1248 607 1312 gratie
629 1252 664 1299 est
686 1248 854 1312 quodammodo

45 1322 135 1371 Christo
150 1320 239 1371 homini
254 1319 372 1369 naturalis.

78 1393 113 1441 Ad
126 1392 220 1441 tertium
240 1392 379 1454 dicendum,
395 1389 455 1452 quid
470 1404 591 1441 commune
610 1394 646 1441 est
661 1392 724 1455 prius
741 1390 853 1455 proprio,

47 1463 68 1513 si
83 1466 209 1525 utrumque
219 1462 327 1511 siturius
335 1462 434 1525 generis;
445 1463 485 1512 sed
497 1461 522 1512 in
534 1462 631 1525 hisque
642 1465 696 1512 sunt
709 1460 854 1511 diversorum

48 1547 169 1598 generum,
180 1533 238 1582 nihil
254 1534 359 1597 prohibet
371 1534 488 1598 proprium
504 1546 554 1584 esse
568 1534 630 1597 prius
644 1532 765 1584 communi.
777 1532 855 1582 Gratia

45 1609 125 1655 autem
145 1604 240 1655 unionis
257 1618 306 1654 non
320 1605 392 1655 estin
405 1618 490 1669 genere
509 1606 588 1669 gretie
605 1604 740 1665 habitualis;
761 1603 802 1653 sed
819 1605 856 1653 est

45 1688 117 1739 supra
135 1688 204 1724 omne
225 1689 317 1738 genus,
334 1676 395 1725 siout
407 1679 430 1725 et
446 1676 497 1739 ipsa
516 1676 592 1725 diviua
609 1686 715 1739 persone.
731 1673 794 1722 Unde
808 1674 854 1723 hoo

44 1746 166 1810 proprium
188 1746 247 1795 nihil
269 1746 373 1810 prohihet
390 1760 444 1798 esse
462 1748 528 1811 prius
545 1746 673 1809 commuui3
689 1744 743 1808 quie
763 1757 810 1794 non
830 1758 856 1796 se

45 1820 117 1869 habet
131 1832 173 1881 per
187 1819 326 1869 additionem
341 1820 370 1869 ud
382 1833 520 1883 commone,
533 1821 572 1869 sed
588 1818 662 1882 potius
673 1822 707 1868 est
717 1816 856 1881 principium

45 1895 70 1939 et
83 1889 152 1953 origo
167 1890 219 1952 ejus
232 1890 292 1951 quod
303 1894 339 1939 est
351 1902 482 1941 commune.

74 2041 110 2103 (1)
126 2044 155 2087 ln
166 2043 252 2099 quibus
264 2054 348 2099 nempe
359 2055 407 2088 non
416 2043 534 2087 intellectu
545 2042 643 2100 tunsum,
657 2042 698 2089 sed
710 2040 781 2085 etiem
792 2045 852 2083 tern-

39 2106 257 2227 {mimum
276 2106 360 2165 debet,
373 2106 418 2151 nisi
435 2106 516 2151 ultimo
534 2111 559 2151 et
579 2105 682 2163 perlecto
705 2102 747 2162 sit,
765 2106 792 2147 ut
803 2100 855 2157 jum
