1917 3317
257 194 289 231 os
304 192 452 234 simperto
467 196 572 235 mussas.
767 187 814 235 itte

59 271 195 323 lConuusro.
210 298 243 309 -
258 270 343 323 Christi
364 274 515 325 sacerdotium
534 273 617 325 dicitur
633 274 758 325 mcuudirm
771 288 810 326 er-

53 357 92 391 nem
108 343 290 407 Melchisedech,
304 349 399 408 propter
411 345 569 397 excellentium
585 346 633 397 veri
651 346 770 399 sacerdotii
784 349 814 399 ed

51 417 104 473 rude
122 416 274 467 sacerdotium
286 415 352 480 legis.
365 416 375 481 )

60 487 177 551 despondeo
188 488 324 547 dicendum,
334 488 393 553 qudd
408 488 469 539 sicut
482 491 550 554 suprl
565 491 650 541 dictum
661 496 697 543 est
710 496 760 553 tart.
777 494 812 558 l),

51 560 90 607 :le
101 560 251 613 sacerdotium
265 561 308 611 luit
323 562 393 625 figura
408 563 529 614 sacerdotii
546 563 646 627 Christi,
662 578 707 615 uon
721 566 816 629 quidem

52 632 86 679 cad
94 634 210 697 adequans
223 633 358 693 veritatem,
374 636 413 685 sed
430 636 529 685 multum
545 636 572 685 ah
590 649 617 687 ea
627 637 750 701 deficiens3
766 642 815 689 tum

51 702 76 749 da
89 704 235 756 sacerdotium
256 704 329 768 legale
348 718 394 756 nou
415 708 540 757 mandabat
554 712 662 771 peccela3
679 713 728 758 tum
747 709 817 760 etiam

52 787 76 819 cu
88 788 123 825 nou
136 780 187 827 erat
202 780 323 838 aelernucn,
335 776 393 827 sicul
405 777 555 828 sacerdotium
565 779 658 830 Christi.
671 781 723 844 lpse
734 783 812 831 aulem

51 846 144 897 iettensis
157 846 282 898 sacerdotii
299 847 382 899 Christi
398 849 426 898 ad
442 849 593 900 sacerdotium
615 850 757 913 Leviticum,
772 852 817 902 luit

51 922 107 966 rorata
122 920 144 969 in
160 918 293 969 sacerdotio
306 919 479 983 Melchisedech,
491 920 531 984 qni
544 921 572 970 ah
590 921 703 972 hhraham
719 923 818 974 decimas

52 990 123 1053 sepsit,
136 990 160 1041 iu
182 990 253 1054 cujus
272 990 355 1041 lumbis
375 990 502 1042 decimatus
525 996 561 1042 est
587 993 752 1056 quodammodo
768 994 819 1058 ipse

54 1060 116 1111 <arios
124 1062 216 1125 legalis.
230 1062 260 1110 et
272 1060 323 1111 ideo
334 1062 486 1111 sacerdotium
497 1062 583 1113 Christi
594 1062 675 1114 dicitur
684 1077 735 1114 esse
750 1081 764 1111 e
778 1078 820 1115 se-

52 1131 110 1179 alam
129 1133 237 1183 ordinem
257 1132 422 1183 Melchisedech
438 1132 493 1197 (l),
513 1150 526 1180 n
544 1139 637 1199 propter
659 1136 819 1186 excellentiam

63 1200 75 1247 ri
85 1204 197 1255 sacerdotii
218 1202 247 1253 ad
259 1202 352 1266 ligurale
371 1205 522 1255 sacerdotium
535 1205 602 1269 legis.

64 1274 87 1320 ld
101 1276 197 1337 primum
213 1288 270 1338 ergo
284 1276 418 1337 dicendum,
432 1276 493 1341 qudd
504 1277 607 1328 Christus
617 1290 664 1327 uon
675 1277 759 1327 dicitur
772 1290 821 1329 esse

62 1345 167 1397 econdhm
185 1347 293 1398 ordinem
313 1346 517 1410 Melchisedech»
531 1348 597 1412 quasi
610 1348 775 1413 principalioris
785 1362 822 1399 sa-

66 1416 118 1478 lotis,
130 1421 172 1470 sed
180 1418 251 1483 quasi
261 1418 427 1481 prefigurautis
441 1418 599 1470 excellentiam
609 1418 729 1470 sacerdotii
737 1420 822 1470 Christi

66 1491 207 1541 secerdotium
221 1489 359 1540 Leviticum.

61 1560 85 1606 ‚td
105 1564 233 1611 secundum
255 1560 391 1623 dicendum,
406 1562 466 1625 quod
486 1562 511 1611 in
529 1563 656 1613 sacerdotio
675 1561 759 1613 Christi
778 1563 821 1612 duo

61 1636 111 1680 ¹«soon
124 1631 270 1685 considerari
280 1670 286 1692 ,
295 1632 381 1683 scilicet
392 1634 442 1697 ipsa
452 1634 536 1685 oblatio
545 1633 630 1684 Christi
644 1636 667 1684 et
678 1632 822 1697 participatio

55 1714 80 1747 ts.
98 1705 210 1763 Quantum
224 1704 254 1753 ad
268 1702 342 1767 ipsam
356 1704 510 1766 oblationem,
520 1704 650 1769 expressius
662 1705 771 1768 figurabat
785 1717 823 1755 sa·

60 1774 139 1825 *lolium
153 1774 243 1827 Christi
253 1775 403 1825 sacerdotium
414 1775 488 1840 legale
496 1790 538 1840 per
548 1775 666 1840 sanguinis
675 1775 822 1835 effusionem,

60 1859 87 1893 an
98 1846 253 1899 sacerdotium
266 1847 444 1911 Melchisedech,
457 1850 479 1897 in
499 1862 546 1913 quo
559 1848 653 1911 sanguis
664 1859 712 1898 non
720 1847 824 1898 stende·

67 1932 96 1980 ar,
106 1921 144 1970 sed
161 1924 277 1983 quantum
289 1919 317 1968 erl
330 1919 529 1984 participationem
542 1920 613 1984 hujus
623 1918 728 1970 sacrificii
739 1923 764 1969 el
772 1918 824 1982 ejus

60 1994 135 2053 estam,
150 1991 177 2041 in
197 2003 246 2055 quo
267 1990 383 2054 precipue
403 1992 526 2042 attenditur
549 1991 686 2041 excellentia
705 1990 826 2041 sacerdotii

64 2060 100 2108 isti
118 2064 145 2113 ad
156 2060 314 2113 sacerdotium
326 2062 415 2126 legale,
428 2064 560 2127 expressius
579 2062 765 2126 praeiigurahatur
784 2074 826 2125 per

65 2131 165 2183 ardutium
179 2132 362 2194 Melchisedech,
374 2134 413 2197 qui
423 2134 532 2184 efferabat
544 2146 628 2197 penem
641 2138 665 2183 et
678 2134 757 2182 vinum
771 2132 825 2181 ssi-

61 2205 143 2255 .rcanlia
165 2205 211 2268 (ut
235 2204 378 2267 Augustinus
398 2205 474 2269 dicitt,
491 2204 675 2255 Ecclesiasticam
694 2204 824 2264 unitatem,

63 2287 88 2319 in
100 2276 221 2327 consiluit
242 2275 389 2339 participatio
405 2275 511 2327 sacrificii
530 2274 622 2327 Christi.
633 2290 647 2321 n
657 2274 736 2337 Unde,
753 2274 824 2325 etiam

52 2370 54 2387 r
70 2348 186 2413 rrraalege,
201 2361 281 2399 verum
291 2347 376 2399 Christi
386 2349 521 2399 sacrificium
530 2346 711 2399 communicatur
721 2344 827 2396 fidelihus

54 2428 68 2459 12·
80 2420 150 2480 specie
164 2420 238 2485 panis
250 2424 274 2470 et
287 2419 345 2469 vini

68 2488 87 2533 tl
97 2490 187 2540 edium
203 2490 340 2551 dicendum,
357 2490 416 2553 qued
430 2490 595 2541 Melchisedech
608 2487 711 2539 dictus«
727 2486 828 2538 estsine

64 2561 188 2613 1acetsiue
209 2565 297 2623 matre,
312 2565 336 2612 et
356 2561 407 2611 eine
428 2561 576 2625 genealogia,
595 2565 648 2611 oet
668 2560 730 2624 quid
749 2574 763 2604 c
781 2570 828 2607 hon

69 2728 93 2789 ’1)
108 2736 155 2781 Moe
167 2735 234 2781 enim
246 2746 316 2779 sensu
330 2736 471 2794 Apostolus,
485 2748 537 2791 cup.
548 2738 579 2793 V,
590 2734 622 2779 ad
636 2730 829 2787 Metmxphcas

61 2796 110 2852 rhu,
126 2798 221 2845 psalm.
232 2798 298 2853 htx,
313 2810 365 2854 ques
376 2799 400 2842 in
414 2810 503 2855 argum.
517 2798 563 2844 Sed
578 2802 663 2843 ceretro
673 2796 748 2840 reluta
761 2796 826 2848 snut,

53 2858 137 2968 titillet?
146 2868 185 2909 est
200 2871 264 2907 vers.
274 2860 306 2914 ὃς
323 2860 386 2918 quod
397 2872 449 2918 cap.
466 2863 512 2907 vu
520 2894 526 2920 ,
541 2872 620 2906 rursus
630 2870 691 2904 vers.
703 2856 742 2914 lt,
756 2853 829 2899 lucut-

77 2954 84 2979 ‚
129 2953 135 2967 .
