1917 3317
143 179 192 228 168
224 185 331 228 suenum
346 188 477 234 numne,
494 188 588 234 curren.
605 188 735 239 murm,
752 188 809 228 nur.
828 189 858 230 ro.

146 265 222 317 officio
232 264 355 329 competit,
368 265 426 314 sicut
439 264 569 316 dictumest
580 267 633 326 (art.
644 267 666 326 3)
677 282 684 329 ;
695 266 726 315 ita
739 265 807 323 etiam
817 262 919 328 religiones

144 335 294 387 instituuntur
304 337 332 385 ad
345 335 512 399 predicandum
523 341 546 387 et
559 337 714 388 confessiones
727 338 877 400 audiendum,
888 347 923 384 non

145 410 236 474 quidem
252 408 385 459 anctoritate
399 407 508 472 proprii,
523 410 562 460 scd
572 409 704 460 auctoritate
721 411 863 474 praelatorum
874 419 924 471 supe

147 481 231 532 riorum
246 484 269 532 et
279 479 426 543 inferiorum,
441 482 469 531 ad
484 495 541 545 quos
553 494 582 531 ex
597 483 672 532 officio
684 483 794 546 pertinet.
809 484 839 533 lit
849 483 876 532 ita
885 479 923 529 sub

146 553 232 605 servire
254 552 352 618 praelatis
365 552 391 603 in
406 552 447 602 tali
464 553 609 617 ministerio,
623 559 660 605 est
678 554 811 619 hujusmodi
830 549 925 616 religionis

145 639 271 690 proprium.

178 699 210 747 Ad
228 697 320 748 tertium
333 697 469 760 dicendum,
484 695 544 760 qndd
561 696 575 746 d
588 695 686 760 prelatis
699 709 747 747 non
760 698 887 749 conceditur
898 698 925 744 ta·

147 769 206 819 libus
225 769 338 833 religiosis
354 773 379 818 ut
393 768 487 832 quilibet
504 769 659 819 indifferenter
676 769 750 832 possit
767 771 885 834 praedicare
902 764 927 814 vel

147 841 302 892 confessiones
318 841 403 900 andire,
414 841 453 891 sed
469 840 594 891 secundnm
609 840 747 891 taxationem
757 854 837 892 eornm
850 841 886 905 qni
896 841 926 887 lu-

145 911 247 976 jnsmodi
265 912 411 976 religionibus
427 912 593 978 praeficiuntur,
609 914 648 963 nel
669 913 793 964 secundnm
808 913 927 964 taxationem

148 983 249 1048 ipsomm
262 983 415 1047 prelatorum.

180 1055 214 1105 dd
232 1059 335 1118 quartum
354 1055 490 1119 dicendum,
508 1053 568 1118 qudd
582 1055 646 1118 plebs
662 1055 735 1106 fidelis
752 1070 799 1108 nou
812 1060 897 1108 tenmnr
908 1063 927 1104 es

148 1127 225 1178 debito
237 1127 294 1191 juris
303 1127 332 1178 ad
343 1131 446 1191 sumptus
458 1127 618 1177 ministrandos
627 1165 633 1188 ‚
643 1126 688 1177 nisi
700 1128 821 1180 ordinariis
838 1127 928 1196 prelatis,

148 1199 187 1262 qui
201 1203 292 1263 propter
305 1201 348 1249 lucc
367 1198 465 1250 decimas
482 1202 506 1248 et
520 1198 646 1250 oblationes
659 1198 760 1250 fidelium
776 1201 928 1268 reciperunt

125 1257 134 1280 ⁴
148 1271 205 1322 alies
217 1271 383 1321 ecclesiasticos
395 1271 489 1322 reditus.
505 1270 550 1321 Sed
561 1271 581 1322 si
593 1271 663 1335 aliqui
675 1271 699 1322 in
712 1273 846 1336 hujusmodi
859 1275 930 1326 actibus

147 1343 297 1407 gratisveliot
307 1343 410 1394 fidelibus
420 1342 608 1405 ministrare,nou
617 1343 755 1407 potestativi
764 1346 792 1396 ab
802 1347 930 1411 eissumplus

148 1414 273 1478 exigentes,
288 1429 333 1466 nou
347 1419 438 1481 propter
453 1417 497 1468 lucc
510 1419 631 1480 manantur
642 1414 736 1480 fideles3
750 1417 804 1481 quia
818 1420 887 1470 etiam
899 1413 930 1479 ipsi

146 1491 244 1550 possunt
262 1486 383 1538 liberaliter
403 1501 575 1552 recompensare
595 1487 741 1551 temporalem
760 1489 932 1547 subventionem,

148 1559 176 1607 ad
187 1571 256 1622 qnam
267 1559 311 1610 etsi
322 1574 368 1611 non
378 1563 499 1610 teneantur
508 1573 537 1609 ex
544 1557 620 1610 debito
628 1558 700 1624 juris,
712 1562 819 1610 tenentur
830 1567 904 1612 tamen
913 1570 933 1607 er

147 1629 223 1680 debito
234 1631 366 1696 charitatis3
382 1642 426 1681 non
436 1633 512 1682 antem
522 1631 554 1681 ita
564 1628 625 1694 qubd
640 1630 696 1680 «eis
710 1631 741 1680 sit
753 1631 882 1698 tribulatio,
895 1629 933 1681 alis

148 1705 223 1753 antem
234 1703 368 1766 remissie»
381 1708 406 1754 nt
415 1703 496 1753 dicitnr
506 1705 535 1753 ll.
548 1704 616 1758 Cor..
627 1703 686 1752 lllll.
696 1703 720 1752 Si
734 1709 812 1754 tamen
824 1720 873 1756 non
882 1705 935 1754 inre

148 1773 249 1825 mirentur
263 1774 301 1838 qni
311 1775 381 1838 gratis
394 1789 419 1826 se
430 1774 561 1839 hujusmodi
574 1774 690 1838 obsequiis
703 1775 876 1841 manciparent,
886 1783 934 1827 tene

152 1849 230 1896 rentur
243 1847 351 1897 ordinarii
363 1846 464 1912 prelati,
480 1847 500 1897 si
513 1846 558 1911 ipsi
570 1859 614 1897 non
629 1846 776 1909 sufficerent,
793 1849 852 1900 alios
864 1850 894 1900 ad
903 1849 937 1897 boo

149 1915 243 1968 idoneos
254 1931 361 1981 querere,
376 1919 458 1982 quibus
471 1922 575 1982 sumptus
588 1918 632 1983 ipsi
647 1917 812 1970 ministrarent.

181 1991 214 2039 dd
234 1990 337 2054 quintum
356 1990 489 2054 dicendum,
502 1989 562 2053 qubd
575 1989 670 2040 formam
688 1991 836 2054 septuaginta
853 1993 938 2043 duorum

150 2061 310 2126 discipulorum
324 2076 370 2113 non
381 2062 455 2114 solium
469 2065 547 2112 teuent
556 2061 682 2127 presbyteri
695 2061 782 2126 curati,
793 2064 835 2114 sod
845 2064 942 2127 quicum·

149 2148 193 2197 qne
210 2134 247 2183 alii
261 2134 354 2186 minoris
368 2135 468 2198 ordinis,
486 2134 525 2198 qui
541 2133 654 2198 episcopis
669 2133 692 2183 in
710 2146 788 2183 eornm
802 2135 882 2186 officio
893 2133 942 2185 snb-

150 2206 255 2256 veniunt.
268 2208 317 2257 Non
333 2207 392 2258 enim
408 2207 490 2270 legitur
504 2205 564 2270 qndd
575 2205 717 2270 septuaginta
726 2206 814 2256 duodus
829 2203 945 2270 discipulis

149 2277 257 2328 Dominus
271 2278 357 2342 aliquas
371 2276 530 2330 determinatas
546 2279 665 2342 parochias
677 2278 817 2341 assignaret,
833 2279 877 2328 sed
891 2276 934 2341 qud

149 2349 253 2401 mittebat
263 2364 303 2402 eos
316 2368 330 2399 «
340 2352 406 2402 binos
420 2353 473 2402 ante
488 2351 570 2401 taciem
583 2364 647 2401 snam
660 2349 684 2400 in
695 2363 787 2400 omnem
798 2349 947 2400 civitatense

148 2419 222 2471 locum
239 2421 284 2485 qud
302 2427 349 2473 erat
368 2423 416 2488 ipse
435 2426 553 2473 neuturus.
570 2423 755 2486 »Opportunum
770 2427 846 2472 antem
863 2421 912 2470 init
929 2436 942 2467 n

44 2533 49 2549 .
149 2498 231 2557 preter
250 2493 375 2545 ordinarios
392 2495 499 2558 prelatos
517 2495 557 2544 alii
575 2498 743 2545 assumerentur
766 2495 794 2545 ad
816 2492 945 2556 hujusmcd

149 2564 240 2626 cilicia,
254 2570 345 2630 propter
359 2565 526 2616 multitudinem
548 2565 621 2616 fidelis
639 2565 734 2630 populi,
748 2569 771 2615 et
789 2563 946 2615 difficultateo

149 2635 281 2688 inveniendi
290 2637 427 2688 sufficientes
435 2651 542 2702 personas
551 2637 714 2687 distribuendas
725 2635 818 2701 singulis
829 2634 944 2699 plebibu„

149 2707 207 2758 sicut
224 2709 292 2760 etiam
315 2709 436 2772 religiones
455 2709 483 2759 ad
504 2708 647 2759 militandum
665 2721 760 2758 necesse
779 2706 822 2756 luit
840 2705 942 2756 institui

149 2785 240 2844 propter
256 2781 367 2832 delectum
386 2781 529 2832 secularium
543 2780 672 2845 principum
689 2780 717 2830 ad
734 2777 895 2831 resistendum
906 2776 945 2827 iu*

151 2852 238 2904 delibus
250 2852 276 2902 in
294 2851 405 2916 aliquibus
417 2851 494 2903 terris.
