1917 3317
294 220 328 257 DE
344 220 536 259 monomenta.

298 406 466 477 QUAESTIO
484 408 539 473 lii.

57 548 80 593 ite
92 550 149 596 sodo
161 551 267 597 mirata
284 562 316 595 ea
328 553 399 607 porte
413 562 524 609 pereum
537 554 695 603 momentis,
708 554 738 598 tre
752 557 802 599 urar

307 620 429 669 articulos
442 621 533 668 diemo.

69 769 133 821 triade
141 770 330 823 considerandum
339 774 375 821 est
383 771 411 821 da
422 770 506 822 unione
516 784 546 822 ex
553 775 619 837 parte
630 787 734 838 persona
747 788 817 826 assu-

45 841 112 891 ruentis.

68 914 87 961 n
99 914 149 965 eirea
159 917 202 967 hoe
216 916 351 981 quaeruntur
364 918 430 965 octo:
447 918 472 964 1⁰
483 914 565 965 Utrum
575 929 689 967 assumere
699 918 822 969 conveniat

45 997 122 1037 'termae
132 988 223 1038 dimne.
232 992 261 1037 2⁰
271 985 353 1036 Utrirm
368 999 482 1037 assumere
492 988 614 1037 conueniat
624 992 712 1040 nature
726 989 818 1042 diuina.

40 1059 58 1095 1³⁰
75 1056 140 1109 iirirm
162 1064 243 1109 natura
267 1056 344 1123 possit
370 1070 486 1109 assumere
510 1060 623 1110 abstracti
647 1062 820 1125 personalitate.

43 1128 132 1181 iristrim
145 1145 189 1181 nna
206 1142 309 1195 persona
329 1129 402 1194 possit
421 1142 536 1192 assumere
555 1133 605 1183 siue
619 1133 671 1182 alia.
691 1138 718 1182 5ο
736 1133 821 1184 Utrum

46 1201 119 1257 penitet
134 1216 230 1268 persona
254 1202 331 1267 possit
344 1214 469 1253 assumere.
487 1209 513 1251 60
527 1203 607 1254 Utrdm
627 1205 704 1268 plures
717 1219 821 1270 persone

42 1271 106 1321 ¹nsiut
117 1286 230 1325 assumere
244 1286 317 1324 unam
335 1286 429 1323 numero
440 1278 553 1324 naturam.
568 1279 595 1323 7⁰
608 1274 688 1325 Uirium
701 1290 749 1327 una
763 1291 823 1341 per-

50 1354 81 1389 sua
91 1345 153 1406 possit
167 1358 286 1397 assumere
306 1345 363 1395 duas
380 1358 474 1395 numero
489 1349 590 1396 naturas.
603 1348 630 1395 8⁰
647 1344 727 1397 Utrnm
747 1348 821 1411 magis

50 1413 90 1461 uerit
104 1417 238 1469 conveniens
252 1416 282 1467 de
293 1428 392 1479 persona
403 1416 457 1466 Filii
471 1416 597 1481 Dei,qudd
613 1418 763 1483 assumpserit
776 1420 820 1469 hu-

42 1495 108 1535 nnum
119 1493 238 1553 naturam,
257 1486 326 1552 quam
341 1488 368 1539 de
380 1488 424 1539 alia
434 1501 534 1553 persona
545 1488 631 1539 diuina.

316 1668 477 1719 ARTICULUS
492 1670 510 1718 Ι.

71 1789 143 1839 otram
154 1806 261 1851 perseum
278 1793 366 1841 divino
379 1794 506 1839 convertat
522 1804 644 1838 assumere
658 1797 776 1839 notarem

361 1861 475 1903 creatam.

64 1980 87 2028 id
97 1982 189 2045 primunr
202 1986 237 2035 sie
249 1983 381 2047 proceditur
389 1983 435 2048 (t).
444 1983 538 2033 Videtur
545 1982 606 2047 qudd
619 1996 723 2047 personae
735 1986 823 2038 diviua

55 2061 73 2097 'u
83 2057 193 2107 conveniat
202 2068 320 2107 assumere
329 2058 432 2103 naturam
440 2061 547 2105 creatam.
559 2056 659 2106 Persona
669 2057 730 2106 enim
741 2057 824 2109 divina

60 2122 127 2179 minuat
135 2128 221 2192 aliquid
233 2124 332 2176 maxime
342 2126 478 2189 perfeetum.
488 2126 615 2177 Perfectum
627 2130 703 2177 antem
717 2132 771 2189 est,
786 2128 825 2179 eni

62 2207 75 2238 o
87 2202 149 2257 potest
159 2199 208 2249 iieri
223 2197 320 2249 additio.
335 2196 392 2247 cum
406 2197 476 2261 igitur
487 2212 616 2248 assumere
630 2198 660 2248 sit
672 2199 739 2261 qnasi
751 2198 788 2248 od
797 2214 823 2248 ee

57 2282 128 2327 torre,
137 2272 167 2324 ita
180 2271 242 2336 quod
257 2271 403 2333 assumptum
417 2270 512 2319 addatur
518 2270 751 2332 assumenti,uidetnr
762 2271 824 2334 qudd

60 2350 120 2391 “uoua
130 2344 214 2395 diuinae
226 2355 275 2394 non
289 2341 412 2393 conveniat
423 2354 539 2393 assumere
553 2346 656 2393 naturam
665 2345 775 2392 creatam.

68 2412 84 2457 ἓ.
96 2412 212 2477 praterea,
226 2414 283 2465 iilud
293 2414 320 2463 ad
331 2412 392 2476 quod
402 2413 488 2476 aliquid
497 2413 630 2474 assumitur,
643 2412 823 2464 communicatur

58 2482 181 2539 ‘adaunodu
189 2487 214 2539 ei
227 2487 290 2551 qnod
304 2484 329 2535 in
342 2485 417 2549 ipsum
432 2485 632 2549 assumitur3sieut
645 2486 745 2547 dignitas
759 2499 822 2537 oom-

53 2570 60 2590 r
69 2554 145 2607 ruientur
152 2558 173 2610 ei
187 2559 230 2623 qui
245 2558 419 2620 indignitatem
433 2556 562 2606 assumitur.
571 2557 614 2607 Sed
626 2557 654 2607 de
666 2556 755 2608 ratione
770 2570 826 2620 per-

50 2632 92 2670 ·‘te
107 2631 210 2694 estquod
230 2629 261 2680 sit
281 2626 515 2689 incommunicabilis,
533 2631 560 2677 ut
583 2628 607 2677 iu
625 2629 645 2677 i.
660 2634 719 2692 part.
741 2629 826 2679 dietum

50 2702 76 2735 ui
86 2696 117 2756 tit.
129 2700 183 2765 Ergo
198 2712 306 2766 persone
326 2696 409 2750 diuina
422 2710 468 2749 non
485 2698 594 2749 conuenit
616 2711 748 2763 assumere,
762 2699 825 2763 quod

51 2768 78 2808 ’ὑὶ
88 2768 108 2815 ad
120 2784 139 2821 ee
150 2784 252 2824 sumere.

78 2871 226 2942 tltmnm,
242 2880 334 2940 rurs,
353 2880 427 2939 qua,
441 2886 487 2931 aa.
498 2878 522 2926 1.

78 2946 100 3006 [ἢ
111 2952 155 3000 din
168 2969 197 3003 ex
208 2956 318 3015 protenso
330 2953 359 3001 de
374 2952 509 3000 definitione
517 2964 633 3028 persona,
644 2964 685 3010 qu.
695 2949 736 3012 2⁹,
745 2955 790 2996 art.
801 2947 825 2994 i.
