1917 3317
276 198 307 236 ur
322 193 607 236 uma-commum.
757 235 767 256 ,
819 185 848 235 it

54 275 217 340 mntemplativa
225 273 369 338 perficiatur,
380 273 451 324 uariis
460 276 538 324 tamen
547 273 616 324 animi
626 273 747 340 operibus,
756 274 786 324 ad
798 287 849 326 eam

52 344 145 396 honines
156 346 299 406 ascendm,
313 349 340 395 ut
352 345 485 406 auditione,
501 344 616 407 lectione,
636 345 755 410 oratione,
771 347 850 398 medi-

51 415 142 474 tatione,
156 415 355 480 consideratione,
366 415 518 480 cogitatione,
533 415 600 479 etc.)

73 488 204 550 despondeo
219 488 356 549 dicendum,
367 487 427 551 qurbd
439 488 467 537 de
482 486 528 537 uita
542 486 717 551 contemplativa
727 501 788 539 nunc
805 489 845 553 lo·⁴

47 558 129 619 quinnr
136 561 263 610 cmundum
274 559 335 622 quod
347 561 375 609 ad
385 559 504 609 huminem
511 560 618 624 pertinet.
629 561 683 610 licec
694 563 770 610 autem
780 561 848 612 didc-

51 631 116 679 rcntic
128 637 161 682 est
170 631 233 682 iuter
246 631 363 682 hominem
378 636 402 682 et
414 630 572 694 angelomus
583 635 648 695 patet
659 646 700 696 per
713 633 847 698 bionysinnr

52 699 94 749 iii.
104 715 148 768 cap.
163 706 199 754 De
213 704 412 754 dicimiiomin.
427 705 472 768 (ll,
483 703 544 768 quod
553 704 646 768 angelus
658 705 756 768 simplici
764 719 847 770 appro-

52 772 148 826 honsione
164 775 288 825 ueritatem
307 776 420 838 intuetur,
435 778 504 826 homo
522 780 597 826 eumn
612 778 710 840 quodam
722 790 845 841 processu,

47 857 71 894 cr
84 847 157 897 multis
177 847 290 910 pertingit
306 847 333 898 ad
354 846 463 897 intuitum
484 846 595 910 simphcis
611 846 724 898 veritatis.
739 849 776 899 Sic
792 863 846 913 ergo

45 919 212 983 contemplativa
228 919 276 968 vita
292 931 367 968 uuum
376 919 468 982 quidem
483 923 557 969 actum
571 921 640 970 babet
652 919 678 970 in
691 935 737 984 quo
747 921 845 973 dualiter

44 989 166 1053 perficitur,
175 990 265 1040 scilicet
278 990 499 1054 contemplationem
509 991 625 1051 ueritatis,
637 991 650 1042 h
661 1006 707 1056 quo
716 994 783 1045 babet
794 995 846 1044 uni-

43 1065 120 1110 talen.
138 1063 213 1112 Habet
234 1066 311 1113 autem
333 1063 419 1112 multos
431 1066 509 1126 actus,
524 1063 606 1126 quibus
618 1064 723 1128 peruenit
743 1066 846 1118 adhunc

42 1139 116 1182 actum
124 1135 231 1197 iudom,
242 1147 340 1198 quorum
350 1135 444 1256 ᾳηὶᾋω
454 1134 570 1199 pertinent
581 1137 607 1186 ad
618 1137 772 1200 acceptionem
783 1139 846 1201 prin·

42 1207 161 1270 cipiorum;
176 1219 205 1257 ex
222 1207 305 1271 quibus
323 1221 393 1272 proce
443 1208 470 1256 ad
489 1208 704 1271 contemplationem
725 1209 842 1274 vummtis3

41 1278 78 1326 aiii
92 1283 165 1328 actem
176 1281 292 1344 pertinent
305 1281 333 1330 ad
346 1279 508 1330 deductionem
518 1279 679 1343 principiorum
690 1279 715 1329 in
725 1282 844 1333 venialem

43 1351 92 1412 ejus
104 1350 169 1414 cujus
183 1350 284 1414 cognitio
301 1350 440 1414 inquisitum
459 1349 553 1400 ultimus
567 1355 642 1401 autem
656 1353 845 1417 mntempiatims

42 1427 105 1472 actus
118 1427 154 1472 est
166 1424 217 1487 ipsa
227 1423 393 1487 contemplatio
409 1422 514 1472 cedetis.

71 1494 103 1543 hd
121 1494 220 1557 primum
240 1507 295 1557 ergo
315 1494 454 1554 dicendum,
468 1493 529 1557 qudd
543 1494 642 1556 cognitio
659 1497 781 1546 secundum
799 1496 844 1546 Ri-

44 1565 147 1614 cbardunr
165 1567 194 1616 de
212 1565 297 1616 Sancto
316 1559 425 1627 Victore,
441 1565 533 1615 videtur
548 1565 660 1628 pertinere
674 1566 703 1616 ad
721 1568 843 1618 multorum

42 1634 220 1699 inspectionem,
235 1651 267 1687 ex
280 1635 366 1700 quibus
380 1635 461 1700 aliquis
479 1635 583 1700 colligere
596 1637 694 1688 intendit
706 1651 775 1688 uuam
788 1639 844 1690 sim·

38 1709 120 1772 plicern
134 1711 265 1760 colubro.
281 1709 347 1760 Unde
367 1709 409 1758 sub
426 1708 555 1770 cognitione
573 1710 734 1774 comprehendi
746 1715 842 1774 possunt

36 1786 58 1831 et
71 1781 231 1845 perceptiones
241 1793 355 1831 sensuum
370 1780 398 1829 ad
410 1781 592 1842 cognoscendum
599 1779 688 1843 aliquos
698 1781 807 1844 eiectus,
817 1787 842 1834 et

34 1853 223 1916 imaginationes,
234 1852 354 1902 discursus
368 1850 463 1901 rationis
474 1851 534 1900 circa
543 1851 631 1902 diuersa
642 1852 719 1916 signa,
735 1854 771 1904 uel
780 1868 842 1918 quu-

35 1923 292 1989 cumqueperducent'ia
300 1923 327 1972 in
335 1923 490 1983 cognitionem
502 1921 602 1973 uerimtis
611 1923 714 1974 intente.
723 1925 840 1987 Quamuis,

34 1997 158 2047 secondum
172 1996 338 2058 augustinum,
351 1995 410 2046 xiv.
426 1995 462 2044 De
477 1995 568 2044 Trinit.
584 1995 652 2060 (cap.
668 1998 699 2056 7)
709 2033 716 2058 ,
728 1999 841 2060 cognitio

35 2071 77 2119 dici
92 2069 167 2134 possit
178 2069 256 2118 omnis
268 2067 365 2118 actualis
377 2065 479 2130 operatio
492 2066 627 2117 intellectus.
641 2066 778 2117 Meditctio
789 2069 841 2120 verb

36 2142 148 2204 pertinere
160 2141 255 2190 videbar
266 2140 295 2188 ad
307 2151 440 2204 processum
450 2137 544 2188 rationis
559 2151 588 2188 ex
601 2137 718 2202 principiis
728 2138 841 2202 aliquibus
875 2173 885 2195 .

37 2213 220 2276 pertingentibus
243 2211 272 2261 ad
294 2209 400 2261 ueritatis
418 2208 515 2272 alicujus
532 2209 754 2273 contemplationem.
769 2211 798 2262 Et
813 2213 842 2263 ad

39 2285 91 2335 dem
104 2286 211 2350 pertinet
230 2281 419 2343 consideratio,
435 2282 556 2331 secundum
572 2282 726 2342 Bemardum,
738 2283 842 2346 quamde

44 2359 155 2408 mundum
171 2355 344 2419 Philosophum
361 2356 387 2403 in
406 2353 446 2426 lll.
464 2354 500 2402 De
519 2355 607 2403 enimc
623 2354 695 2418 (text
711 2352 754 2418 t),
768 2355 843 2409 omnis

48 2433 145 2486 creneio
159 2427 311 2490 intellectus,
328 2423 479 2477 consideratio
491 2425 587 2476 dicatur.
603 2426 649 2476 Sed
661 2427 842 2492 contemplatio

46 2500 127 2557 terimi
144 2501 273 2565 adipsum
293 2495 422 2562 simplicem
435 2496 541 2547 intuitum
555 2497 659 2548 venetis
676 2512 682 2546 :
697 2498 763 2576 Unde
780 2498 842 2550 idem

70 2616 97 2676 ll)
112 2623 146 2668 Sic
161 2621 230 2668 enim
246 2617 291 2678 ibi,
307 2615 366 2677 §22
380 2613 555 2674 scotticorum
568 2616 794 2674 intelligentiarum
803 2618 841 2664 vel

43 2687 146 2729 nemim
164 2685 277 2729 virtutes
293 2679 381 2726 hubent
401 2679 526 2738 simplices
542 2693 570 2724 cc
590 2679 667 2725 beuta
683 2680 844 2730 tmettectivus
872 2700 874 2703 ·

44 2747 153 2797 mucosa,
167 2747 232 2792 daem
247 2757 301 2790 uon
320 2741 491 2788 divisibiliter
504 2741 690 2800 cogitationibus
704 2755 747 2787 mec
763 2745 844 2787 rutic-
872 2749 875 2755 '

45 2809 138 2854 ‘imm
151 2809 273 2855 diuinum
289 2807 419 2852 scientiam
431 2804 568 2862 colligunt,
582 2805 624 2850 sed
638 2804 667 2848 ch
677 2806 746 2849 omui
756 2804 844 2861 plura·

47 2869 102 2912 isicio
112 2885 179 2929 ma
199 2870 411 2932 uniformiores
429 2867 533 2926 capim
551 2880 604 2927 geue
618 2867 729 2925 intelligi
742 2869 845 2924 possunt

48 2930 72 2972 iu
82 2931 178 2982 &muta
