1917 3317
220 189 251 227 uu
268 188 389 227 nmmusu
406 188 502 229 unumst
516 189 549 229 su
564 192 674 230 mrsuos.
800 182 848 230 stt

65 264 105 315 Ad
127 264 256 318 mensuum
273 264 406 328 dicendum,
428 266 489 330 qnbd
507 267 559 317 mm
577 269 699 332 Apostolus
721 267 849 333 dicitquod

29 352 48 385 κ
61 334 144 399 gratia
163 335 204 387 liei
224 336 249 386 in
262 338 339 401 plnres
361 337 498 401 abundauit,
508 355 522 386 n
539 340 563 403 ly
574 339 663 403 plures
676 353 723 390 nou
739 342 775 390 est
791 339 851 390 acci-

27 409 161 473 piendum,
172 408 340 472 comparative,
356 412 421 473 quasi
439 412 517 475 plures
535 424 631 463 numero
648 413 695 462 siut
710 413 792 463 salusti
809 426 849 476 per

26 481 138 543 gratiam
152 480 247 545 Christi,
262 480 329 545 quim
341 482 442 533 damnati
455 492 500 546 per
512 487 634 548 peccatum
649 485 713 547 lde,
727 485 766 535 sed
780 485 850 535 abso·

28 551 105 614 tute,
122 565 150 602 ac
166 552 187 603 si
200 551 285 603 diceret
304 553 365 616 qubd
381 570 394 601 u
407 556 480 618 gratia
495 555 564 606 nnius
580 555 663 607 Christi
683 556 806 606 abundavit
825 556 850 607 in

30 624 128 675 multos
145 625 189 689 lt),
198 641 212 673 n
227 624 285 675 siem
293 629 317 675 et
326 629 442 689 peccatum
453 626 523 677 unius
534 628 589 678 lde
601 628 707 691 peruenit
719 628 746 678 ad
756 628 849 679 multos.
940 681 941 684 ,

31 695 99 757 Sed,
120 695 185 745 sicut
203 699 321 759 peceatum
340 698 394 749 lde
414 697 442 748 ad
460 710 501 749 eus
523 699 612 749 testium
630 697 735 763 peruenit
754 699 794 762 qui
809 712 851 762 per

33 766 182 817 seminalem
197 766 308 818 rationem
327 767 445 819 carnaliter
460 769 489 819 ab
502 783 530 820 eo
541 771 717 833 descenderunt,
734 769 765 819 ita
778 768 851 833 gratia

34 838 130 889 Christi
145 840 174 887 ad
193 838 246 889 illos
263 838 351 889 tantiam
367 837 473 903 peruenit
488 841 528 904 qui
542 842 656 905 spirituali
677 840 851 905 regeneratione

34 912 94 974 ejus
109 910 212 961 membra
227 911 362 975 anathoti,
378 914 436 974 qnod
454 926 501 963 uon
516 913 626 977 competit
641 914 718 977 pueris
738 913 852 964 deceden-
940 959 941 962 ,

33 982 104 1033 tibus
120 996 173 1032 cum
190 982 294 1047 originali
311 987 415 1047 peceato.

76 1055 112 1105 nd
121 1055 214 1107 tertium
226 1054 356 1119 dicendum,
368 1054 429 1119 qubd
442 1056 571 1121 baptismus
583 1057 706 1108 adhibetur
720 1056 852 1108 bominibus

38 1128 197 1189 inmovile,
212 1128 236 1179 in
251 1140 297 1191 qua
310 1128 380 1180 bomo
391 1130 467 1191 potest
480 1128 628 1177 transmutari
641 1128 670 1178 de
682 1127 748 1191 cnlpa
761 1128 786 1177 in
796 1141 852 1191 gra-

39 1199 102 1250 tiam
112 1212 119 1259 3
135 1199 177 1252 sed
187 1200 311 1251 descensus
323 1198 407 1249 Christi
418 1200 446 1249 ad
456 1199 543 1250 inleros
553 1199 671 1249 exhibitus
678 1198 723 1248 luit
734 1199 852 1249 animabus

41 1275 101 1336 post
120 1273 179 1321 banc
193 1272 271 1333 vitam,
283 1272 322 1321 ubi
336 1284 383 1321 non
403 1274 457 1321 sunt
469 1284 566 1335 capaces
581 1270 779 1322 transmutationis
793 1285 853 1335 pre·

43 1344 125 1395 dicte.
144 1344 173 1393 Et
190 1344 240 1393 ideo
253 1348 295 1407 per
306 1343 446 1406 baptismum
458 1344 525 1407 pueri
537 1343 662 1395 liberantur
678 1342 794 1407 'apeccato
807 1344 853 1394 ori·

44 1415 121 1478 ginali
136 1419 160 1465 et
177 1415 204 1465 ab
216 1414 314 1479 inferno,
329 1428 376 1466 non
391 1418 467 1465 autem
480 1428 523 1479 per
533 1416 668 1465 descensum
681 1413 766 1465 Christi
779 1416 806 1465 ad
818 1416 854 1465 in-

44 1488 120 1539 leros.

329 1594 490 1647 nnrlcbnbs
506 1596 567 1645 vill.

110 1722 196 1766 litraim
211 1722 321 1767 Christos
338 1734 381 1767 suo
397 1722 510 1767 descensu
526 1721 665 1767 liberaverit
679 1720 773 1765 animae
786 1720 801 1765 ὰ

376 1785 522 1841 meroutmto.

88 1913 120 1963 ll
137 1915 244 1963 octavum
258 1912 291 1963 sie
305 1911 433 1976 proceditur
445 1910 488 1976 (s).
503 1910 597 1961 Videtur
614 1908 676 1974 qubd
690 1910 794 1961 Christus
813 1921 855 1963 suo

57 1985 167 2037 descensu
180 1984 306 2035 sdinleros
317 1982 445 2033 liberaverit
456 1980 544 2032 animas
552 1982 566 2031 b
575 1982 715 2046 purgatorio.
724 1981 784 2031 bieit
793 1980 855 2032 enim

56 2056 194 2120 Augustinus
205 2057 230 2106 in
243 2057 328 2120 Epist.
343 2054 377 2105 ad
392 2053 523 2103 evodium
538 2054 639 2117 (XCIX,
652 2058 679 2104 ut
689 2055 739 2118 jam
749 2052 853 2117 suprbl:

56 2146 71 2177 a
83 2128 138 2187 Quia
152 2126 265 2179 euidentia
278 2126 408 2179 testimonia
424 2130 447 2175 et
460 2124 574 2175 inlernum
588 2131 768 2176 commemorant
780 2129 804 2176 et
815 2127 855 2176 do-

54 2202 129 2263 lores,
144 2200 203 2250 nulla
218 2211 286 2251 causa
299 2198 396 2249 occurrit
410 2212 450 2247 eur
463 2196 504 2247 illb
517 2199 621 2247 credatur
636 2196 729 2247 uenisse
743 2197 854 2260 Salvator,

58 2271 104 2323 nisi
118 2274 142 2321 ut
157 2271 185 2321 ab
194 2270 281 2321 eisdem
296 2268 409 2321 doloribus
427 2268 502 2317 salvos
518 2267 615 2330 laceret3
628 2267 669 2320 sed
684 2267 761 2318 ntrbm
775 2280 856 2319 omnes

57 2356 114 2407 quus
127 2342 150 2392 in
169 2342 203 2392 eis
222 2341 323 2401 inuenit,
338 2352 369 2391 an
383 2338 494 2403 quosdam
512 2352 570 2402 quos
588 2338 627 2389 illo
640 2338 753 2389 beneficio
774 2339 856 2401 dignos

55 2414 173 2480 judicavit,
182 2416 254 2465 adbuc
267 2413 367 2475 requiro.
376 2411 458 2463 Fntsse
472 2414 551 2461 tamen
566 2410 680 2462 Christum
689 2412 749 2475 apud
761 2410 855 2472 inferos,

59 2491 82 2537 et
99 2486 122 2537 in
136 2498 213 2537 eorum
228 2485 342 2537 doloribus
362 2482 491 2533 constitutis
510 2482 555 2532 boc
568 2482 704 2533 beneficium
725 2481 857 2545 prestitisse

94 2594 123 2658 (l)
140 2599 169 2643 Ut
182 2608 257 2654 graeca
267 2594 357 2653 phrasis
370 2591 494 2638 manifeste
510 2593 626 2649 ostendit,
639 2591 670 2649 εἷς
683 2590 735 2649 τούς
747 2590 855 2660 πολλοὺς,

61 2670 121 2728 quod
134 2669 226 2728 perinde
241 2672 277 2714 est
298 2679 325 2713 ao
338 2668 366 2712 iu
385 2665 489 2719 multon
505 2677 553 2711 non
572 2669 649 2711 antem
663 2661 769 2730 πλείους,
785 2662 859 2709 idest

61 2742 159 2801 plores,
172 2740 278 2798 quamvis
291 2740 373 2785 eodem
390 2750 485 2795 qnoque
506 2737 576 2783 modo
597 2741 623 2781 nt
635 2731 672 2780 bic
691 2734 800 2791 explicari
818 2734 858 2780 de·

63 2807 171 2936 emh
180 2875 216 2921 bis
225 2874 295 2921 etiam
307 2874 384 2932 tulli,
396 2872 473 2923 Sent,
484 2871 539 2917 dist.
550 2870 591 2932 bt,
602 2880 642 2925 qn.
652 2867 677 2928 ἢ,
690 2874 735 2915 art.
745 2866 769 2928 2,
781 2877 859 2925 quus·

67 2939 135 2986 tinne.
144 2938 170 2995 ις
187 2943 211 2985 et
221 2938 321 2998 opusc„
329 2938 372 2997 111,
382 2948 435 2995 usp.
452 2934 508 2981 nte.
