1917 3317
219 157 250 194 os
265 154 409 194 morinus
424 154 547 194 rssssoaus
564 141 666 196 muneri.
796 149 842 196 89⁷

70 232 336 293 (commuuio-cim
353 247 394 298 per
413 231 501 284 Chusii
516 233 647 298 passionem
659 233 754 286 remissa
769 235 835 286 nobis

28 306 128 357 fuerint
147 309 255 370 moesta,
269 307 352 358 etheo
366 307 427 357 Patri
440 306 552 357 fuerimus
566 305 720 371 reconciliati,
732 310 754 357 et
764 311 842 360 teme-

28 377 100 429 ranib
119 377 190 428 iuerh
200 378 225 428 in
238 383 334 429 montom
347 378 432 430 Christi
442 378 546 430 diabolus
561 379 713 443 machinatus,
726 393 805 430 sumus
814 379 843 431 ab

28 450 101 501 iliius
115 451 230 514 potestate
242 449 356 514 perillum
370 449 486 515 liberati.)

70 523 211 586 Respondeo
222 523 351 586 uiuendum,
364 523 425 586 quon
438 523 496 574 eires
508 525 645 588 potestatem
656 535 724 586 quam
742 523 844 576 diabolus

31 595 63 645 in
76 595 187 645 homines
197 596 316 646 exercebat
329 595 476 646 antechristi
489 595 618 660 passionem
628 634 634 660 ,
646 596 689 647 tria
700 600 753 648 sunt
766 597 842 650 eonsi-

32 667 162 716 donanda:
181 667 278 731 primum
292 667 383 732 quidem
397 679 425 718 en
435 670 499 732 parte
510 667 624 732 hominis,
639 669 678 733 qui
689 683 729 720 sno
747 671 842 733 peceato

31 737 127 788 meruit
141 740 167 787 nt
183 739 207 788 in
222 741 361 804 potestatem
376 739 502 789 traderetur
516 739 615 801 diaboii,
631 753 672 804 per
686 741 751 804 eujus
763 743 840 790 ienta-

31 811 129 862 tionem
143 813 217 861 iuerat
232 815 361 875 superatus.
371 810 437 861 blind
450 814 526 862 autem
542 815 614 863 osten
625 816 688 877 parte
701 813 756 875 hei,
771 826 840 877 quem

32 883 110 934 homo
123 884 240 947 peccando
251 882 392 942 offenderat,
406 882 447 946 qui
465 897 506 948 per
522 898 587 934 suam
598 885 712 967 justitiam
726 885 841 937 homiuem

33 955 165 1018 reliquerat
180 953 288 1017 potestati
303 952 394 1004 diaboii
415 954 515 1004 tertium
531 958 567 1006 est
580 968 609 1006 ex
619 957 703 1020 parie'
697 957 770 1021 ipsius
787 958 842 1008 dia-

33 1026 104 1088 boli,
120 1024 161 1088 qui
177 1024 218 1076 sui
234 1019 387 1089 nequissimi
392 1025 508 1076 voluntate
522 1026 638 1076 hominem
653 1027 666 1076 i
680 1029 841 1080 consecutione

35 1063 124 1150 saiut'is
135 1096 280 1160 impediebat.
294 1096 406 1155 Quantum
419 1109 473 1160 ergo
486 1097 515 1148 ad
525 1097 641 1160 primum,
654 1098 722 1149 homo
732 1103 767 1150 ast
778 1100 841 1165 ipo-

35 1173 125 1222 testate
145 1170 228 1222 diaboli
247 1170 355 1221 liberatus
370 1181 411 1232 per
427 1168 556 1232 passionem
574 1169 697 1230 Christi‚'
690 1183 715 1220 1n
732 1175 841 1233 quantum

37 1241 119 1307 passio
140 1242 226 1292 Christi
241 1244 278 1293 est
299 1253 367 1290 eausa
389 1241 533 1291 remissionis
551 1243 704 1305 peecatorum.
728 1243 841 1301 Quantum

37 1320 118 1366 autem
135 1315 163 1364 ad
178 1314 315 1374 seeundum,
325 1313 447 1363 hioenhum
460 1312 520 1377 qubd
536 1313 612 1377 passio
626 1312 762 1366 christinus
776 1314 841 1379 ipo·

37 1389 124 1438 testate
132 1385 216 1436 diaboli
228 1385 333 1436 liberauit
343 1423 350 1447 ,
362 1384 387 1434 in
399 1388 510 1449 quantum
528 1399 570 1436 nos
581 1386 626 1436 heo
635 1385 799 1450 reconciliauit,
814 1391 840 1437 ut

38 1459 101 1510 iniri
113 1457 208 1509 dinetus,
225 1457 338 1515 Quantum
351 1456 406 1508 verb
422 1458 450 1507 ad
467 1457 568 1520 tertium,
580 1455 657 1521 passio
672 1456 757 1508 Christi
772 1458 841 1510 nost

40 1531 133 1583 diabolo
146 1527 261 1592 liberarit,
273 1529 297 1578 in
313 1532 423 1591 qnantum
434 1530 458 1578 in
466 1528 573 1592 passione
586 1528 670 1580 Christi
680 1530 778 1580 excessit
791 1543 840 1580 mo-

40 1603 97 1652 dum
116 1601 237 1666 potestatis
260 1599 304 1650 sibi
319 1599 406 1651 nanim
426 1600 515 1665 hbeo,
529 1599 678 1652 machinando
699 1601 723 1650 iu
746 1604 841 1652 mortem

41 1672 140 1736 Christi,
150 1672 189 1737 qui
208 1685 254 1723 non
267 1672 364 1722 hahebat
378 1671 482 1722 meritum
496 1672 592 1729 mortis,
606 1671 658 1722 eiam
677 1676 739 1723 osset
756 1674 841 1737 absquo

40 1748 137 1810 peceato
147 1761 154 1805 3
165 1745 224 1794 unde
235 1743 373 1808 Augustinus
384 1743 440 1794 dieii
450 1744 588 1795 inX111.De
600 1744 692 1794 Triutt.
706 1745 768 1811 (eap.
777 1745 818 1808 it]
831 1761 836 1794 :
901 1774 903 1777 v

44 1814 161 1867 «iustitia
173 1814 260 1867 Christi
279 1815 352 1865 motos
369 1815 533 1880 estdiabolus,
551 1815 604 1880 quia
623 1815 674 1866 ciam
695 1816 764 1868 ineo
782 1815 841 1868 nihil

42 1892 118 1938 morte
135 1887 227 1951 mgnum
247 1885 421 1952 invenirem),
444 1887 527 1939 oceidit
544 1900 597 1938 eum
617 1891 707 1952 tamen;
722 1894 746 1940 et
761 1888 839 1952 utique

40 1961 130 2023 justum
149 1963 222 2010 estut
240 1958 353 2010 debitores
366 1971 422 2022 quos
437 1959 542 2023 tenebat,
555 1959 621 2010 libeni
641 1959 796 2022 dimittantur,
815 1960 839 2010 in

43 2043 98 2082 eum
114 2031 233 2081 erodentes
251 2044 319 2093 quem
336 2030 386 2081 sine
402 2031 448 2081 uilo
463 2031 539 2083 debito
552 2031 641 2082 oceidit.
651 2047 665 2078 n

76 2102 109 2152 hd
117 2103 215 2167 primum
224 2114 277 2165 engo
286 2102 416 2165 dicendum,
426 2102 487 2166 qood
499 2116 545 2153 non
557 2102 638 2152 dieitur
652 2101 686 2153 sie
700 2102 802 2153 diabolus
815 2097 840 2154 in

45 2172 148 2224 homines
167 2176 302 2236 potestatem
321 2173 444 2233 habuisse,
457 2174 522 2238 qnasi
541 2172 618 2239 posset
637 2173 671 2224 eis
684 2185 778 2236 nocere,
795 2173 839 2225 beo

45 2259 91 2295 non
104 2243 259 2310 permittente,
275 2245 314 2295 sed
328 2244 381 2308 qrria
395 2245 457 2309 justi
476 2246 648 2309 permittebatur
663 2258 744 2296 nouere
760 2245 840 2296 homi—

46 2317 119 2379 nihus,
135 2329 192 2380 quos
201 2317 311 2367 tentando
323 2318 350 2367 ad
361 2331 427 2368 suum
438 2331 575 2369 consensum
586 2319 732 2383 perduxerat.

77 2390 109 2439 hd
123 2389 247 2438 seeundum
263 2388 398 2450 dicendum,
410 2389 470 2452 qnbd
489 2389 590 2440 diabolus
605 2389 748 2441 etiamnunc
764 2393 838 2453 potest

47 2461 136 2524 quidem
153 2465 199 2510 heo
215 2461 360 2525 permittente
376 2459 482 2511 homines
499 2464 603 2523 tentam,
616 2464 724 2526 quantum
744 2463 771 2512 ad
791 2461 839 2511 ani-

47 2544 114 2590 mam,
128 2534 151 2580 et
166 2543 258 2591 verare,
270 2534 379 2594 quantum
395 2533 423 2582 ad
436 2545 532 2596 eorpus3
547 2533 587 2583 sed
598 2536 674 2583 tamen
687 2536 837 2598 praeparatum

48 2605 83 2653 est
92 2601 177 2652 homini
191 2602 313 2654 remedium
327 2615 356 2653 ex
368 2603 473 2668 passione
487 2603 585 2666 Christi,
600 2617 644 2668 quo
658 2617 682 2656 se
694 2607 770 2668 potest
778 2603 839 2654 tueri

48 2676 123 2724 eontra
134 2673 204 2725 hostis
215 2673 406 2740 impugnationes,
416 2689 445 2726 ne
456 2676 579 2727 deduoatnr
591 2676 616 2726 in
629 2676 744 2726 interitum
758 2675 836 2726 montis

80 2825 109 2888 (i)
119 2830 186 2876 turta
196 2829 252 2875 rhod
260 2830 343 2884 loon
351 2831 440 2876 xxiv·
434 2831 523 2881 Vooat
530 2833 649 2894 Princeps
658 2832 733 2892 tuum
741 2831 839 2888 mosidi,

52 2893 153 2939 etism
167 2891 446 2954 sumptuosarum.
