1917 3317
175 256 208 293 nc
222 254 290 294 naono
305 255 511 298 comissatores
527 258 630 300 maram.
756 255 801 304 771
902 231 903 254 ³

55 342 87 377 um
98 343 144 382 cura
156 343 208 382 esse
228 332 355 399 absolutos3
371 336 431 398 quod
449 335 526 387 lacere
539 350 586 388 uon
605 342 703 404 possunt
716 340 756 407 qui
769 342 803 392 di-

55 400 77 450 tas
94 403 214 467 possident.
228 404 292 455 Unde
307 407 392 471 etipse
414 406 521 457 Dominus
542 411 661 474 Apostolos
672 412 698 462 ad
713 412 801 476 pradi-

55 474 102 523 rdum
123 475 232 538 mittens,
248 475 301 526 dicit
324 476 359 527 eis
379 478 480 534 Mutat„
505 480 525 529 ll
542 496 549 529 ε
565 497 579 528 u
595 480 669 533 Nolite
685 483 802 546 possidere

56 558 86 593 um
103 560 173 610 neque
185 550 313 611 argentum.
326 562 341 594 a
354 549 383 597 ur
396 549 441 614 ipsi
459 550 563 615 apostoli
574 550 661 613 dicunt,
673 556 737 614 Act,
751 555 801 605 lll:

55 616 87 665 {on
100 622 132 667 est
149 632 239 683 equum
257 632 299 669 uos
315 619 442 684 relinquere
455 622 551 672 verbum
563 622 618 685 bei,
636 626 660 673 et
672 622 803 677 ministrare

55 689 120 739 isis.»
135 690 253 752 monade,
268 691 321 755 quia
334 692 392 743 sicut
404 697 501 744 monem
514 695 654 759 corporalem
665 698 800 761 assumpsit,

57 760 100 811 obis
113 761 183 812 vitam
198 760 317 824 largiretur
335 763 489 829 spiritualem,
504 764 537 815 ita
551 767 690 830 corporalem
704 780 801 832 pauper·

55 845 70 879 m
89 832 211 897 sustinuit,
230 836 255 883 ut
276 834 342 885 uobis
361 834 451 886 divitias
473 836 602 899 spirituales
623 837 750 901 largiretur,
766 853 802 890 se·

56 902 100 953 idm
110 904 165 953 illud
176 905 205 955 ll.
216 904 252 955 ool
263 905 333 962 Cor„
343 906 408 957 Vlll:
421 924 435 955 n
446 906 513 957 Scitis
524 909 619 972 gratiam
627 908 717 959 llomini
729 911 802 962 nostri

74 975 173 1039 Christi,
191 976 298 1041 quoniam
310 982 402 1042 propter
415 991 456 1030 ros
467 991 554 1043 egenus
565 980 639 1031 lactus
650 984 694 1043 est,
704 984 730 1031 ut
739 981 802 1032 illius

57 1046 75 1093 ia
94 1060 137 1097 uos
152 1048 236 1099 diuites
249 1050 339 1100 essetis.
355 1066 368 1097 u
391 1050 484 1113 lertio,
498 1065 527 1101 ue
541 1053 561 1101 si
580 1052 673 1102 diuitias
693 1053 800 1117 haberet,

56 1118 117 1167 litati
130 1118 184 1183 ejus
194 1120 327 1183 pradicatio
335 1122 499 1185 ascriberetur3
511 1124 573 1175 uude
584 1124 735 1189 llieronpmus
745 1125 803 1175 dicit

57 1206 70 1235 r
88 1192 243 1241 Mattdmom
256 1192 292 1258 (l)
309 1208 315 1242 :
331 1193 422 1253 «Quod
435 1194 456 1243 si
469 1194 577 1258 discipuli
590 1195 641 1258 ejus
657 1196 748 1245 diuitias
761 1198 802 1247 ba·

56 1268 113 1325 ent,
127 1262 262 1314 viderentur
283 1266 329 1316 nod
343 1278 411 1317 causa
429 1264 510 1317 salutis
522 1268 659 1330 bominum,
674 1267 715 1317 sed
732 1280 802 1318 causa

59 1336 227 1398 predicare.»
240 1337 269 1387 Et
286 1337 366 1388 eadem
381 1338 438 1387 ratio
451 1341 487 1389 cst
498 1339 526 1389 de
541 1338 641 1390 Christo.
661 1340 761 1401 Quane,
777 1343 803 1390 ut

69 1410 150 1473 major
166 1406 240 1458 uirtus
258 1408 386 1459 diuinitatis
400 1411 451 1473 ejus
473 1411 645 1468 ostenderetur,
660 1408 745 1475 quanto
761 1424 803 1475 per

55 1484 155 1531 ertatem
169 1478 290 1531 videbatur
303 1480 421 1545 abjectior3
435 1483 495 1532 uude
509 1481 593 1532 dicitur
604 1482 629 1532 iu
643 1483 741 1545 quodam
755 1496 803 1533 ser-

69 1551 110 1616 (a)
126 1550 241 1615 Ephesini
252 1551 346 1603 concilii
361 1568 366 1603 :
382 1553 488 1604 «Omnia
500 1566 602 1617 paupera
615 1551 703 1604 etsilia
721 1553 800 1617 elegit,

55 1638 57 1673 r
76 1621 212 1673 mediocria
226 1625 250 1673 et
264 1623 367 1687 plurimis
380 1624 491 1685 obscura,
506 1629 532 1674 ut
551 1624 661 1675 divinitas
674 1637 803 1688 cognosce-

58 1696 152 1744 nrbem
170 1695 345 1745 transformasse
361 1697 487 1758 terrarum,
502 1700 623 1761 pmpterca
642 1696 803 1761 pauperculam

66 1770 191 1828 aratrum,
207 1766 366 1831 pauperiorem
377 1766 483 1831 patriam,
502 1781 573 1831 egens
592 1766 637 1817 luit
652 1766 768 1832 pecuniis;
780 1771 804 1819 et

59 1839 88 1888 bi
110 1837 213 1902 exponit
227 1850 339 1903 presepe.
354 1855 368 1885 a

56 1911 174 1975 primum
188 1922 243 1973 orgo
261 1910 397 1968 dicendum,
416 1910 477 1975 qudd
489 1910 695 1975 superabundantia
709 1911 804 1962 diuitia-

56 1988 68 2033 t
88 1978 250 2043 mendicitas,
265 1980 357 2031 vitanda
370 1981 477 2031 uidentur
491 1981 519 2031 ab
532 1982 570 2031 his
583 1982 622 2045 qui
636 1982 716 2032 volunt
725 1981 803 2033 vivere

56 2059 119 2105 ,irm
140 2052 271 2116 virtutem,
286 2053 309 2103 in
329 2053 440 2117 quantdm
453 2058 507 2105 suut
528 2055 660 2105 occasiones
679 2055 801 2119 peccandi;

56 2128 131 2178 tutia
147 2138 250 2188 namque
265 2124 395 2175 divitiarum
409 2130 445 2177 est
454 2126 602 2190 superbiendi
616 2126 718 2190 occasi03
735 2141 803 2179 men-

76 2202 176 2251 autem
197 2200 233 2247 est
255 2199 343 2250 occasio
364 2198 454 2248 iurandi
474 2201 499 2247 et
521 2197 661 2262 mentiendi,
676 2202 715 2248 aut
733 2200 803 2250 etiam

56 2272 137 2325 indi.
149 2268 212 2329 Quia
222 2282 278 2321 aero
289 2268 393 2320 Christus
402 2270 490 2334 peccati
500 2282 573 2335 capax
584 2282 632 2320 non
642 2273 700 2332 erat,
711 2272 804 2335 propter

56 2356 168 2396 vcursam
194 2354 223 2390 ex
243 2354 288 2405 qua
306 2340 412 2392 Salomon
433 2342 476 2392 lroc
493 2340 596 2404 vitabat,
610 2340 699 2392 desto
712 2341 805 2392 uitanda

56 2421 129 2470 int.
151 2412 237 2476 Neque
256 2416 332 2461 tamen
348 2412 454 2475 quaelibet
471 2411 608 2463 mendicitas
621 2416 656 2462 est
672 2411 761 2463 iurandi
781 2416 805 2463 et

58 2488 123 2542 nali
145 2482 256 2546 occasio,
270 2488 296 2533 ut
310 2482 393 2533 ibidem
414 2483 521 2534 Salomon
535 2484 632 2535 subdere
646 2482 749 2543 videtur,
765 2483 805 2533 sed

57 2582 61 2618 ρ
86 2572 159 2628 quaa
171 2560 210 2607 est
224 2555 336 2606 contraria
347 2555 473 2615 uoluntati,
485 2557 513 2605 ad
525 2570 593 2617 quam
604 2555 721 2605 uitandam
734 2556 803 2605 homo

60 2642 102 2690 et
135 2628 259 2696 perjurat;
277 2627 318 2677 sed
333 2629 457 2691 paupertas
476 2627 605 2677 voluntaria
620 2628 664 2677 troc
677 2624 804 2690 periculum

57 2710 130 2761 ‚ea
156 2702 189 2751 lit
203 2700 274 2750 talem
288 2700 447 2763 paupertatem
463 2698 569 2749 Christus
582 2698 661 2761 elegit.

57 2775 199 2838 gundum
210 2770 347 2835 dicandum,
360 2770 421 2835 quod
430 2771 545 2823 communi
556 2770 602 2821 sita
612 2770 646 2819 uti
655 2771 765 2833 quacum
776 2770 804 2821 ad

57 2953 65 2981 r
72 2936 149 2992 per
160 2921 229 2981 illud,
245 2918 321 2966 solite
333 2918 458 2977 proscidere
471 2930 574 2969 norm,
588 2928 617 2962 cx
630 2915 726 2965 Mattio„
740 2916 769 2960 X.

57 2998 170 3053 ¹ilicet
183 2995 208 3040 in
221 2994 332 3040 sermone
344 3002 413 3049 quem
425 2990 562 3038 Theodorus
572 2990 709 3045 Amenanus
722 2986 804 3032 babuit
