<?xml version="1.0" encoding="UTF-8"?>
<!DOCTYPE html PUBLIC "-//W3C//DTD XHTML 1.0 Transitional//EN"
    "http://www.w3.org/TR/xhtml1/DTD/xhtml1-transitional.dtd">
<html xmlns="http://www.w3.org/1999/xhtml" xml:lang="en" lang="en">
 <head>
  <title>
</title>
<meta http-equiv="Content-Type" content="text/html;charset=utf-8" />
  <meta name='ocr-system' content='tesseract 3.04.00' />
  <meta name='ocr-capabilities' content='ocr_page ocr_carea ocr_par ocr_line ocrx_word'/>
</head>
<body>
  <div class='ocr_page' id='page_1' title='image "./summatheologica02nicogoog_0393.png"; bbox 0 0 1917 3317; ppageno 0'>
   <div class='ocr_carea' id='block_1_1' title="bbox 122 225 722 286">
    <p class='ocr_par' dir='ltr' id='par_1_1' title="bbox 122 225 722 286">
     <span class='ocr_line' id='line_1_1' title="bbox 122 225 722 286; baseline 0 -12"><span class='ocrx_word' id='word_1_1' title='bbox 122 225 170 274; x_wconf 84' lang='lat' dir='ltr'>seo</span> <span class='ocrx_word' id='word_1_2' title='bbox 323 237 386 276; x_wconf 81' lang='lat' dir='ltr'>rans</span> <span class='ocrx_word' id='word_1_3' title='bbox 399 239 442 286; x_wconf 89' lang='grc' dir='ltr'>ιιι,</span> <span class='ocrx_word' id='word_1_4' title='bbox 457 237 554 284; x_wconf 71' lang='lat' dir='ltr'>ouum.</span> <span class='ocrx_word' id='word_1_5' title='bbox 570 237 599 285; x_wconf 78' lang='lat' dir='ltr'>a,</span> <span class='ocrx_word' id='word_1_6' title='bbox 615 237 671 276; x_wconf 80' lang='lat' dir='ltr'>aar.</span> <span class='ocrx_word' id='word_1_7' title='bbox 687 237 722 274; x_wconf 79' lang='grc' dir='ltr'>ιι.</span> 
     </span>
    </p>
   </div>
   <div class='ocr_carea' id='block_1_2' title="bbox 125 311 910 2879">
    <p class='ocr_par' dir='ltr' id='par_1_2' title="bbox 125 311 909 792">
     <span class='ocr_line' id='line_1_2' title="bbox 126 311 904 364; baseline 0 -4"><span class='ocrx_word' id='word_1_8' title='bbox 126 329 141 360; x_wconf 82' lang='lat' dir='ltr'>o</span> <span class='ocrx_word' id='word_1_9' title='bbox 152 314 212 364; x_wconf 82' lang='lat' dir='ltr'>Deus</span> <span class='ocrx_word' id='word_1_10' title='bbox 230 311 349 363; x_wconf 88' lang='lat' dir='ltr'>constituit</span> <span class='ocrx_word' id='word_1_11' title='bbox 366 313 478 363; x_wconf 82' lang='lat' dir='ltr'>christum</span> <span class='ocrx_word' id='word_1_12' title='bbox 492 313 522 362; x_wconf 87' lang='lat' dir='ltr'>ad</span> <span class='ocrx_word' id='word_1_13' title='bbox 539 312 658 362; x_wconf 80' lang='lat' dir='ltr'>dexteram</span> <span class='ocrx_word' id='word_1_14' title='bbox 674 325 739 363; x_wconf 84' lang='lat' dir='ltr'>suam</span> <span class='ocrx_word' id='word_1_15' title='bbox 754 312 781 361; x_wconf 91' lang='lat' dir='ltr'>in</span> <span class='ocrx_word' id='word_1_16' title='bbox 794 311 904 362; x_wconf 60' lang='lat' dir='ltr'>medin</span> 
     </span>
     <span class='ocr_line' id='line_1_3' title="bbox 127 382 906 448; baseline -0.006 -14"><span class='ocrx_word' id='word_1_17' title='bbox 127 396 195 448; x_wconf 89' lang='lat' dir='ltr'>supra</span> <span class='ocrx_word' id='word_1_18' title='bbox 208 395 299 434; x_wconf 91' lang='lat' dir='ltr'>omnem</span> <span class='ocrx_word' id='word_1_19' title='bbox 313 382 482 447; x_wconf 73' lang='lat' dir='ltr'>principatum,</span> <span class='ocrx_word' id='word_1_20' title='bbox 493 387 518 432; x_wconf 91' lang='lat' dir='ltr'>et</span> <span class='ocrx_word' id='word_1_21' title='bbox 527 385 679 446; x_wconf 77' lang='lat' dir='ltr'>potestatem,</span> <span class='ocrx_word' id='word_1_22' title='bbox 688 387 713 434; x_wconf 89' lang='lat' dir='ltr'>et</span> <span class='ocrx_word' id='word_1_23' title='bbox 721 383 838 445; x_wconf 81' lang='lat' dir='ltr'>uirtutem,</span> <span class='ocrx_word' id='word_1_24' title='bbox 850 384 906 432; x_wconf 77' lang='lat' dir='ltr'>etde</span> 
     </span>
     <span class='ocr_line' id='line_1_4' title="bbox 126 454 906 517; baseline -0.009 -9"><span class='ocrx_word' id='word_1_25' title='bbox 126 454 275 508; x_wconf 78' lang='lat' dir='ltr'><strong>minationem</strong></span> <span class='ocrx_word' id='word_1_26' title='bbox 282 491 290 517; x_wconf 88' lang='lat'><em>‚</em></span> <span class='ocrx_word' id='word_1_27' title='bbox 306 459 328 504; x_wconf 89' lang='lat' dir='ltr'>et</span> <span class='ocrx_word' id='word_1_28' title='bbox 339 467 407 504; x_wconf 88' lang='lat' dir='ltr'>omne</span> <span class='ocrx_word' id='word_1_29' title='bbox 422 467 508 504; x_wconf 92' lang='lat' dir='ltr'>nomen</span> <span class='ocrx_word' id='word_1_30' title='bbox 521 454 583 517; x_wconf 85' lang='lat' dir='ltr'>qnod</span> <span class='ocrx_word' id='word_1_31' title='bbox 601 455 746 517; x_wconf 76' lang='lat' dir='ltr'>nominatm,</span> <span class='ocrx_word' id='word_1_32' title='bbox 759 468 804 505; x_wconf 89' lang='lat' dir='ltr'>non</span> <span class='ocrx_word' id='word_1_33' title='bbox 816 454 906 506; x_wconf 78' lang='lat' dir='ltr'>solinu·</span> 
     </span>
     <span class='ocr_line' id='line_1_5' title="bbox 125 525 909 588; baseline -0.009 -10"><span class='ocrx_word' id='word_1_34' title='bbox 125 526 170 578; x_wconf 82' lang='lat' dir='ltr'>ltoc</span> <span class='ocrx_word' id='word_1_35' title='bbox 187 527 277 583; x_wconf 78' lang='lat' dir='ltr'>sermo,</span> <span class='ocrx_word' id='word_1_36' title='bbox 291 527 331 576; x_wconf 90' lang='lat' dir='ltr'>sed</span> <span class='ocrx_word' id='word_1_37' title='bbox 349 526 417 575; x_wconf 89' lang='lat' dir='ltr'>etiam</span> <span class='ocrx_word' id='word_1_38' title='bbox 429 525 453 574; x_wconf 91' lang='lat' dir='ltr'>in</span> <span class='ocrx_word' id='word_1_39' title='bbox 470 525 555 576; x_wconf 84' lang='lat' dir='ltr'>tuturo.</span> <span class='ocrx_word' id='word_1_40' title='bbox 573 541 588 572; x_wconf 80' lang='lat' dir='ltr'>o</span> <span class='ocrx_word' id='word_1_41' title='bbox 603 528 650 578; x_wconf 80' lang='lat' dir='ltr'>Sed</span> <span class='ocrx_word' id='word_1_42' title='bbox 665 528 691 576; x_wconf 92' lang='lat' dir='ltr'>in</span> <span class='ocrx_word' id='word_1_43' title='bbox 704 527 745 577; x_wconf 86' lang='lat' dir='ltr'>illa</span> <span class='ocrx_word' id='word_1_44' title='bbox 755 526 842 578; x_wconf 80' lang='lat' dir='ltr'>scelesti</span> <span class='ocrx_word' id='word_1_45' title='bbox 852 527 909 588; x_wconf 83' lang='lat' dir='ltr'>glou</span> 
     </span>
     <span class='ocr_line' id='line_1_6' title="bbox 125 596 906 662; baseline -0.006 -14"><span class='ocrx_word' id='word_1_46' title='bbox 125 597 189 648; x_wconf 85' lang='lat' dir='ltr'>tantd</span> <span class='ocrx_word' id='word_1_47' title='bbox 204 597 286 661; x_wconf 81' lang='lat' dir='ltr'>aliquis</span> <span class='ocrx_word' id='word_1_48' title='bbox 300 601 336 648; x_wconf 91' lang='lat' dir='ltr'>est</span> <span class='ocrx_word' id='word_1_49' title='bbox 349 599 466 660; x_wconf 79' lang='lat' dir='ltr'>superior,</span> <span class='ocrx_word' id='word_1_50' title='bbox 477 596 563 660; x_wconf 79' lang='lat' dir='ltr'>quanti</span> <span class='ocrx_word' id='word_1_51' title='bbox 577 598 701 662; x_wconf 84' lang='lat' dir='ltr'>periectids</span> <span class='ocrx_word' id='word_1_52' title='bbox 717 599 832 661; x_wconf 74' lang='lat' dir='ltr'>cognoscit</span> <span class='ocrx_word' id='word_1_53' title='bbox 842 599 906 648; x_wconf 86' lang='lat' dir='ltr'>ileum</span> 
     </span>
     <span class='ocr_line' id='line_1_7' title="bbox 125 668 908 733; baseline -0.008 -13"><span class='ocrx_word' id='word_1_54' title='bbox 125 669 186 732; x_wconf 76' lang='lat' dir='ltr'>nego</span> <span class='ocrx_word' id='word_1_55' title='bbox 199 669 275 720; x_wconf 85' lang='lat' dir='ltr'>anima</span> <span class='ocrx_word' id='word_1_56' title='bbox 294 669 380 718; x_wconf 85' lang='lat' dir='ltr'>Christi</span> <span class='ocrx_word' id='word_1_57' title='bbox 398 668 524 733; x_wconf 85' lang='lat' dir='ltr'>perlectiirs</span> <span class='ocrx_word' id='word_1_58' title='bbox 541 668 605 719; x_wconf 81' lang='lat' dir='ltr'>uidet</span> <span class='ocrx_word' id='word_1_59' title='bbox 617 670 690 718; x_wconf 85' lang='lat' dir='ltr'>ileum</span> <span class='ocrx_word' id='word_1_60' title='bbox 704 669 772 733; x_wconf 78' lang='lat' dir='ltr'>quim</span> <span class='ocrx_word' id='word_1_61' title='bbox 784 670 868 733; x_wconf 74' lang='lat' dir='ltr'>quaene</span> <span class='ocrx_word' id='word_1_62' title='bbox 878 670 908 717; x_wconf 69' lang='lat' dir='ltr'>alia</span> 
     </span>
     <span class='ocr_line' id='line_1_8' title="bbox 128 743 240 792; baseline 0 0"><span class='ocrx_word' id='word_1_63' title='bbox 128 743 240 792; x_wconf 88' lang='lat' dir='ltr'>creatura.</span> 
     </span>
    </p>

    <p class='ocr_par' dir='ltr' id='par_1_3' title="bbox 127 810 909 1018">
     <span class='ocr_line' id='line_1_9' title="bbox 161 810 907 876; baseline -0.011 -13"><span class='ocrx_word' id='word_1_64' title='bbox 161 813 318 876; x_wconf 77' lang='lat' dir='ltr'>(Concurrere.</span> <span class='ocrx_word' id='word_1_65' title='bbox 330 839 360 850; x_wconf 86' lang='lat'>-</span> <span class='ocrx_word' id='word_1_66' title='bbox 369 812 451 862; x_wconf 80' lang='lat' dir='ltr'>trima</span> <span class='ocrx_word' id='word_1_67' title='bbox 462 811 556 873; x_wconf 82' lang='lat' dir='ltr'>Christi,</span> <span class='ocrx_word' id='word_1_68' title='bbox 565 810 618 862; x_wconf 86' lang='lat' dir='ltr'>crim</span> <span class='ocrx_word' id='word_1_69' title='bbox 628 811 796 875; x_wconf 77' lang='lat' dir='ltr'>perfectissimi</span> <span class='ocrx_word' id='word_1_70' title='bbox 804 813 907 875; x_wconf 78' lang='lat' dir='ltr'>conjuncti</span> 
     </span>
     <span class='ocr_line' id='line_1_10' title="bbox 127 882 909 948; baseline -0.008 -15"><span class='ocrx_word' id='word_1_71' title='bbox 127 883 197 934; x_wconf 81' lang='lat' dir='ltr'>luerit</span> <span class='ocrx_word' id='word_1_72' title='bbox 210 886 283 936; x_wconf 86' lang='lat' dir='ltr'>Verbo</span> <span class='ocrx_word' id='word_1_73' title='bbox 297 886 351 945; x_wconf 83' lang='lat' dir='ltr'>llei,</span> <span class='ocrx_word' id='word_1_74' title='bbox 362 883 482 934; x_wconf 87' lang='lat' dir='ltr'>scilieetin</span> <span class='ocrx_word' id='word_1_75' title='bbox 496 896 607 946; x_wconf 91' lang='lat' dir='ltr'>persona,</span> <span class='ocrx_word' id='word_1_76' title='bbox 617 884 709 934; x_wconf 86' lang='lat' dir='ltr'>caeteris</span> <span class='ocrx_word' id='word_1_77' title='bbox 719 898 810 948; x_wconf 84' lang='lat' dir='ltr'>quoqne</span> <span class='ocrx_word' id='word_1_78' title='bbox 822 882 909 934; x_wconf 70' lang='lat' dir='ltr'>creatum</span> 
     </span>
     <span class='ocr_line' id='line_1_11' title="bbox 127 952 764 1018; baseline -0.002 -13"><span class='ocrx_word' id='word_1_79' title='bbox 127 955 226 1005; x_wconf 84' lang='lat' dir='ltr'>divinam</span> <span class='ocrx_word' id='word_1_80' title='bbox 237 955 360 1006; x_wconf 89' lang='lat' dir='ltr'>essentiam</span> <span class='ocrx_word' id='word_1_81' title='bbox 375 952 501 1018; x_wconf 86' lang='lat' dir='ltr'>periectiias</span> <span class='ocrx_word' id='word_1_82' title='bbox 513 958 537 1004; x_wconf 90' lang='lat' dir='ltr'>et</span> <span class='ocrx_word' id='word_1_83' title='bbox 550 953 632 1004; x_wconf 79' lang='lat' dir='ltr'>clariis</span> <span class='ocrx_word' id='word_1_84' title='bbox 641 955 764 1017; x_wconf 74' lang='lat' dir='ltr'>intuetur.)</span> 
     </span>
    </p>

    <p class='ocr_par' dir='ltr' id='par_1_4' title="bbox 127 1024 910 1805">
     <span class='ocr_line' id='line_1_12' title="bbox 159 1024 910 1090; baseline -0.011 -14"><span class='ocrx_word' id='word_1_85' title='bbox 159 1027 293 1090; x_wconf 84' lang='lat' dir='ltr'>Respondec</span> <span class='ocrx_word' id='word_1_86' title='bbox 312 1025 446 1088; x_wconf 87' lang='lat' dir='ltr'>dicendum,</span> <span class='ocrx_word' id='word_1_87' title='bbox 461 1025 522 1088; x_wconf 82' lang='lat' dir='ltr'>quid</span> <span class='ocrx_word' id='word_1_88' title='bbox 534 1024 593 1075; x_wconf 82' lang='lat' dir='ltr'>visio</span> <span class='ocrx_word' id='word_1_89' title='bbox 606 1024 690 1076; x_wconf 78' lang='lat' dir='ltr'>divine</span> <span class='ocrx_word' id='word_1_90' title='bbox 703 1026 811 1077; x_wconf 80' lang='lat' dir='ltr'>essentie</span> <span class='ocrx_word' id='word_1_91' title='bbox 823 1030 910 1076; x_wconf 80' lang='lat' dir='ltr'>onorem</span> 
     </span>
     <span class='ocr_line' id='line_1_13' title="bbox 128 1095 889 1161; baseline -0.006 -14"><span class='ocrx_word' id='word_1_92' title='bbox 128 1097 234 1148; x_wconf 86' lang='lat' dir='ltr'>omnibus</span> <span class='ocrx_word' id='word_1_93' title='bbox 247 1097 335 1161; x_wconf 88' lang='lat' dir='ltr'>beatis,</span> <span class='ocrx_word' id='word_1_94' title='bbox 344 1095 467 1148; x_wconf 84' lang='lat' dir='ltr'>secundim</span> <span class='ocrx_word' id='word_1_95' title='bbox 482 1095 678 1161; x_wconf 78' lang='lat' dir='ltr'>participationem</span> <span class='ocrx_word' id='word_1_96' title='bbox 688 1097 787 1148; x_wconf 86' lang='lat' dir='ltr'>luminis</span> <span class='ocrx_word' id='word_1_97' title='bbox 799 1098 889 1148; x_wconf 79' lang='lat' dir='ltr'>derivati</span> 
     </span>
     <span class='ocr_line' id='line_1_14' title="bbox 128 1168 880 1231; baseline -0.005 -11"><span class='ocrx_word' id='word_1_98' title='bbox 128 1181 169 1220; x_wconf 87' lang='lat' dir='ltr'>eos</span> <span class='ocrx_word' id='word_1_99' title='bbox 183 1170 196 1220; x_wconf 82' lang='grc' dir='ltr'>ι</span> <span class='ocrx_word' id='word_1_100' title='bbox 208 1171 268 1220; x_wconf 88' lang='lat' dir='ltr'>tonte</span> <span class='ocrx_word' id='word_1_101' title='bbox 282 1169 350 1220; x_wconf 85' lang='lat' dir='ltr'>Verbi</span> <span class='ocrx_word' id='word_1_102' title='bbox 362 1169 416 1231; x_wconf 78' lang='lat' dir='ltr'>liei,</span> <span class='ocrx_word' id='word_1_103' title='bbox 431 1168 558 1220; x_wconf 84' lang='lat' dir='ltr'>secunddm</span> <span class='ocrx_word' id='word_1_104' title='bbox 569 1169 625 1219; x_wconf 92' lang='lat' dir='ltr'>illud</span> <span class='ocrx_word' id='word_1_105' title='bbox 640 1169 744 1227; x_wconf 69' lang='lat' dir='ltr'>notes..</span> <span class='ocrx_word' id='word_1_106' title='bbox 759 1171 786 1219; x_wconf 92' lang='lat' dir='ltr'>l:</span> <span class='ocrx_word' id='word_1_107' title='bbox 799 1170 910 1220; x_wconf 68' lang='lat' dir='ltr'>allone:-</span> 
     </span>
     <span class='ocr_line' id='line_1_15' title="bbox 128 1241 910 1306; baseline -0.003 -16"><span class='ocrx_word' id='word_1_108' title='bbox 128 1241 238 1306; x_wconf 76' lang='lat' dir='ltr'>pientiae,</span> <span class='ocrx_word' id='word_1_109' title='bbox 252 1241 350 1292; x_wconf 88' lang='lat' dir='ltr'>Verbum</span> <span class='ocrx_word' id='word_1_110' title='bbox 359 1242 400 1292; x_wconf 80' lang='lat' dir='ltr'>liei</span> <span class='ocrx_word' id='word_1_111' title='bbox 410 1242 435 1291; x_wconf 93' lang='lat' dir='ltr'>in</span> <span class='ocrx_word' id='word_1_112' title='bbox 446 1241 552 1291; x_wconf 82' lang='lat' dir='ltr'>excelsis.</span> <span class='ocrx_word' id='word_1_113' title='bbox 563 1257 577 1288; x_wconf 82' lang='lat' dir='ltr'>n</span> <span class='ocrx_word' id='word_1_114' title='bbox 588 1241 646 1291; x_wconf 88' lang='lat' dir='ltr'>lluic</span> <span class='ocrx_word' id='word_1_115' title='bbox 656 1249 737 1292; x_wconf 82' lang='lat' dir='ltr'>antem</span> <span class='ocrx_word' id='word_1_116' title='bbox 745 1244 822 1294; x_wconf 86' lang='lat' dir='ltr'>llerbo</span> <span class='ocrx_word' id='word_1_117' title='bbox 831 1244 910 1306; x_wconf 63' lang='lat' dir='ltr'>lleipr»</span> 
     </span>
     <span class='ocr_line' id='line_1_16' title="bbox 127 1311 887 1377; baseline 0.001 -17"><span class='ocrx_word' id='word_1_118' title='bbox 127 1311 235 1377; x_wconf 86' lang='lat' dir='ltr'>pinquiirs</span> <span class='ocrx_word' id='word_1_119' title='bbox 249 1312 395 1376; x_wconf 80' lang='lat' dir='ltr'>conjungitur</span> <span class='ocrx_word' id='word_1_120' title='bbox 411 1313 486 1362; x_wconf 89' lang='lat' dir='ltr'>anima</span> <span class='ocrx_word' id='word_1_121' title='bbox 503 1312 602 1376; x_wconf 83' lang='lat' dir='ltr'>Christi,</span> <span class='ocrx_word' id='word_1_122' title='bbox 617 1325 669 1376; x_wconf 79' lang='lat' dir='ltr'>qum</span> <span class='ocrx_word' id='word_1_123' title='bbox 683 1317 719 1362; x_wconf 81' lang='lat' dir='ltr'>est</span> <span class='ocrx_word' id='word_1_124' title='bbox 737 1313 804 1363; x_wconf 90' lang='lat' dir='ltr'>unita</span> <span class='ocrx_word' id='word_1_125' title='bbox 821 1315 887 1364; x_wconf 80' lang='lat' dir='ltr'>Verln</span> 
     </span>
     <span class='ocr_line' id='line_1_17' title="bbox 127 1383 894 1449; baseline -0.003 -17"><span class='ocrx_word' id='word_1_126' title='bbox 127 1395 238 1448; x_wconf 88' lang='lat' dir='ltr'>persona,</span> <span class='ocrx_word' id='word_1_127' title='bbox 249 1383 318 1447; x_wconf 51' lang='lat' dir='ltr'>¹quim</span> <span class='ocrx_word' id='word_1_128' title='bbox 331 1385 419 1447; x_wconf 79' lang='lat' dir='ltr'>quavis</span> <span class='ocrx_word' id='word_1_129' title='bbox 437 1383 482 1435; x_wconf 83' lang='lat' dir='ltr'>alia</span> <span class='ocrx_word' id='word_1_130' title='bbox 498 1388 607 1434; x_wconf 87' lang='lat' dir='ltr'>ereatura.</span> <span class='ocrx_word' id='word_1_131' title='bbox 626 1385 656 1433; x_wconf 80' lang='lat' dir='ltr'>lit</span> <span class='ocrx_word' id='word_1_132' title='bbox 672 1385 725 1434; x_wconf 85' lang='lat' dir='ltr'>ideo</span> <span class='ocrx_word' id='word_1_133' title='bbox 737 1385 833 1449; x_wconf 86' lang='lat' dir='ltr'>plenitas</span> <span class='ocrx_word' id='word_1_134' title='bbox 849 1386 894 1442; x_wconf 69' lang='lat' dir='ltr'>reri·</span> 
     </span>
     <span class='ocr_line' id='line_1_18' title="bbox 127 1453 898 1520; baseline -0.005 -16"><span class='ocrx_word' id='word_1_135' title='bbox 127 1453 268 1506; x_wconf 85' lang='lat' dir='ltr'>influentiam</span> <span class='ocrx_word' id='word_1_136' title='bbox 285 1454 378 1505; x_wconf 89' lang='lat' dir='ltr'>luminis</span> <span class='ocrx_word' id='word_1_137' title='bbox 396 1467 441 1518; x_wconf 89' lang='lat' dir='ltr'>quo</span> <span class='ocrx_word' id='word_1_138' title='bbox 461 1457 522 1506; x_wconf 82' lang='lat' dir='ltr'>neus</span> <span class='ocrx_word' id='word_1_139' title='bbox 536 1455 626 1505; x_wconf 83' lang='lat' dir='ltr'>ridetur</span> <span class='ocrx_word' id='word_1_140' title='bbox 638 1455 667 1504; x_wconf 87' lang='lat' dir='ltr'>ab</span> <span class='ocrx_word' id='word_1_141' title='bbox 688 1455 740 1520; x_wconf 90' lang='lat' dir='ltr'>ipso</span> <span class='ocrx_word' id='word_1_142' title='bbox 760 1458 852 1520; x_wconf 80' lang='lat' dir='ltr'>Verbo,</span> <span class='ocrx_word' id='word_1_143' title='bbox 865 1455 898 1519; x_wconf 71' lang='lat' dir='ltr'>ip&#39;:</span> 
     </span>
     <span class='ocr_line' id='line_1_19' title="bbox 129 1525 908 1590; baseline 0 -13"><span class='ocrx_word' id='word_1_144' title='bbox 129 1539 276 1590; x_wconf 79' lang='lat' dir='ltr'>quaecnmque</span> <span class='ocrx_word' id='word_1_145' title='bbox 291 1525 333 1576; x_wconf 85' lang='lat' dir='ltr'>alin</span> <span class='ocrx_word' id='word_1_146' title='bbox 350 1530 460 1576; x_wconf 85' lang='lat' dir='ltr'>creatum.</span> <span class='ocrx_word' id='word_1_147' title='bbox 482 1527 512 1576; x_wconf 79' lang='lat' dir='ltr'>lit</span> <span class='ocrx_word' id='word_1_148' title='bbox 527 1526 580 1576; x_wconf 88' lang='lat' dir='ltr'>ideo</span> <span class='ocrx_word' id='word_1_149' title='bbox 593 1539 640 1589; x_wconf 77' lang='lat' dir='ltr'>prae</span> <span class='ocrx_word' id='word_1_150' title='bbox 653 1527 742 1576; x_wconf 83' lang='lat' dir='ltr'>caeteris</span> <span class='ocrx_word' id='word_1_151' title='bbox 752 1529 865 1578; x_wconf 73' lang='lat' dir='ltr'>creaturis</span> <span class='ocrx_word' id='word_1_152' title='bbox 873 1539 908 1590; x_wconf 73' lang='lat' dir='ltr'>pus·</span> 
     </span>
     <span class='ocr_line' id='line_1_20' title="bbox 128 1596 896 1663; baseline -0.004 -16"><span class='ocrx_word' id='word_1_153' title='bbox 128 1596 212 1648; x_wconf 87' lang='lat' dir='ltr'>ieetiirs</span> <span class='ocrx_word' id='word_1_154' title='bbox 226 1599 288 1650; x_wconf 86' lang='lat' dir='ltr'>videt</span> <span class='ocrx_word' id='word_1_155' title='bbox 301 1600 374 1663; x_wconf 84' lang='lat' dir='ltr'>ipsam</span> <span class='ocrx_word' id='word_1_156' title='bbox 388 1598 486 1662; x_wconf 83' lang='lat' dir='ltr'>primam</span> <span class='ocrx_word' id='word_1_157' title='bbox 498 1599 633 1660; x_wconf 82' lang='lat' dir='ltr'>ueritatem,</span> <span class='ocrx_word' id='word_1_158' title='bbox 652 1602 756 1662; x_wconf 82' lang='lat' dir='ltr'>quaeest</span> <span class='ocrx_word' id='word_1_159' title='bbox 768 1598 811 1649; x_wconf 88' lang='lat' dir='ltr'>llei</span> <span class='ocrx_word' id='word_1_160' title='bbox 820 1606 896 1650; x_wconf 74' lang='lat' dir='ltr'>essent¹</span> 
     </span>
     <span class='ocr_line' id='line_1_21' title="bbox 129 1669 898 1734; baseline -0.003 -16"><span class='ocrx_word' id='word_1_161' title='bbox 129 1669 194 1720; x_wconf 90' lang='lat' dir='ltr'>Unde</span> <span class='ocrx_word' id='word_1_162' title='bbox 205 1670 287 1720; x_wconf 88' lang='lat' dir='ltr'>dicitur</span> <span class='ocrx_word' id='word_1_163' title='bbox 301 1675 384 1725; x_wconf 80' lang='lat' dir='ltr'>loon..</span> <span class='ocrx_word' id='word_1_164' title='bbox 397 1672 425 1720; x_wconf 92' lang='lat' dir='ltr'>l:</span> <span class='ocrx_word' id='word_1_165' title='bbox 443 1669 571 1719; x_wconf 78' lang='lat' dir='ltr'>«Vidimus</span> <span class='ocrx_word' id='word_1_166' title='bbox 585 1669 678 1733; x_wconf 80' lang='lat' dir='ltr'>gloriam</span> <span class='ocrx_word' id='word_1_167' title='bbox 690 1669 756 1733; x_wconf 84' lang='lat' dir='ltr'>ejus,</span> <span class='ocrx_word' id='word_1_168' title='bbox 771 1671 840 1734; x_wconf 80' lang='lat' dir='ltr'>quusi</span> <span class='ocrx_word' id='word_1_169' title='bbox 854 1671 898 1729; x_wconf 75' lang='lat' dir='ltr'>uni·</span> 
     </span>
     <span class='ocr_line' id='line_1_22' title="bbox 129 1738 897 1805; baseline 0.003 -18"><span class='ocrx_word' id='word_1_170' title='bbox 129 1739 173 1788; x_wconf 89' lang='lat' dir='ltr'>niti</span> <span class='ocrx_word' id='word_1_171' title='bbox 185 1739 198 1788; x_wconf 81' lang='lat' dir='ltr'>i</span> <span class='ocrx_word' id='word_1_172' title='bbox 211 1742 293 1803; x_wconf 87' lang='lat' dir='ltr'>Patre,</span> <span class='ocrx_word' id='word_1_173' title='bbox 307 1743 460 1805; x_wconf 82' lang='lat' dir='ltr'>plennmmon</span> <span class='ocrx_word' id='word_1_174' title='bbox 471 1741 545 1792; x_wconf 79' lang='lat' dir='ltr'>solium</span> <span class='ocrx_word' id='word_1_175' title='bbox 555 1742 646 1805; x_wconf 79' lang='lat' dir='ltr'>gratim,</span> <span class='ocrx_word' id='word_1_176' title='bbox 657 1741 779 1792; x_wconf 80' lang='lat' dir='ltr'>sedetiam</span> <span class='ocrx_word' id='word_1_177' title='bbox 792 1738 897 1793; x_wconf 69' lang='lat' dir='ltr'>veritalis.</span> 
     </span>
    </p>

    <p class='ocr_par' dir='ltr' id='par_1_5' title="bbox 128 1813 908 2448">
     <span class='ocr_line' id='line_1_23' title="bbox 161 1813 906 1878; baseline -0.001 -18"><span class='ocrx_word' id='word_1_178' title='bbox 161 1813 196 1862; x_wconf 77' lang='lat' dir='ltr'>nd</span> <span class='ocrx_word' id='word_1_179' title='bbox 217 1813 316 1876; x_wconf 88' lang='lat' dir='ltr'>primum</span> <span class='ocrx_word' id='word_1_180' title='bbox 339 1825 392 1878; x_wconf 85' lang='lat' dir='ltr'>ergo</span> <span class='ocrx_word' id='word_1_181' title='bbox 414 1813 547 1876; x_wconf 88' lang='lat' dir='ltr'>dicendum,</span> <span class='ocrx_word' id='word_1_182' title='bbox 564 1813 624 1876; x_wconf 83' lang='lat' dir='ltr'>qudd</span> <span class='ocrx_word' id='word_1_183' title='bbox 644 1813 758 1876; x_wconf 79' lang='lat' dir='ltr'>perfectio</span> <span class='ocrx_word' id='word_1_184' title='bbox 779 1815 906 1877; x_wconf 62' lang='lat' dir='ltr'>cognition&gt;</span> 
     </span>
     <span class='ocr_line' id='line_1_24' title="bbox 131 1884 905 1949; baseline -0.003 -17"><span class='ocrx_word' id='word_1_185' title='bbox 131 1887 241 1946; x_wconf 87' lang='lat' dir='ltr'>quantum</span> <span class='ocrx_word' id='word_1_186' title='bbox 254 1887 289 1934; x_wconf 90' lang='lat' dir='ltr'>est</span> <span class='ocrx_word' id='word_1_187' title='bbox 301 1897 331 1933; x_wconf 85' lang='lat' dir='ltr'>ex</span> <span class='ocrx_word' id='word_1_188' title='bbox 344 1889 406 1949; x_wconf 89' lang='lat' dir='ltr'>parte</span> <span class='ocrx_word' id='word_1_189' title='bbox 421 1884 523 1947; x_wconf 85' lang='lat' dir='ltr'>cogniti,</span> <span class='ocrx_word' id='word_1_190' title='bbox 536 1884 659 1934; x_wconf 90' lang='lat' dir='ltr'>attenditur</span> <span class='ocrx_word' id='word_1_191' title='bbox 673 1885 802 1936; x_wconf 74' lang='lat' dir='ltr'>secundnm</span> <span class='ocrx_word' id='word_1_192' title='bbox 815 1889 905 1937; x_wconf 74' lang='lat' dir='ltr'>medin.</span> 
     </span>
     <span class='ocr_line' id='line_1_25' title="bbox 130 1955 902 2021; baseline 0.001 -17"><span class='ocrx_word' id='word_1_193' title='bbox 130 1955 169 2005; x_wconf 87' lang='lat' dir='ltr'>sed</span> <span class='ocrx_word' id='word_1_194' title='bbox 186 1959 294 2019; x_wconf 86' lang='lat' dir='ltr'>quantum</span> <span class='ocrx_word' id='word_1_195' title='bbox 309 1960 344 2006; x_wconf 90' lang='lat' dir='ltr'>est</span> <span class='ocrx_word' id='word_1_196' title='bbox 355 1969 383 2006; x_wconf 84' lang='lat' dir='ltr'>er</span> <span class='ocrx_word' id='word_1_197' title='bbox 396 1960 461 2021; x_wconf 86' lang='lat' dir='ltr'>parte</span> <span class='ocrx_word' id='word_1_198' title='bbox 477 1956 653 2021; x_wconf 87' lang='lat' dir='ltr'>cognoscentis,</span> <span class='ocrx_word' id='word_1_199' title='bbox 665 1959 796 2008; x_wconf 86' lang='lat' dir='ltr'>attenditur</span> <span class='ocrx_word' id='word_1_200' title='bbox 809 1958 902 2009; x_wconf 82' lang='lat' dir='ltr'>secundi</span> 
     </span>
     <span class='ocr_line' id='line_1_26' title="bbox 129 2026 907 2090; baseline -0.001 -14"><span class='ocrx_word' id='word_1_201' title='bbox 129 2027 256 2090; x_wconf 90' lang='lat' dir='ltr'>potentiam</span> <span class='ocrx_word' id='word_1_202' title='bbox 271 2029 309 2077; x_wconf 84' lang='lat' dir='ltr'>vel</span> <span class='ocrx_word' id='word_1_203' title='bbox 321 2029 434 2078; x_wconf 87' lang='lat' dir='ltr'>habiturn.</span> <span class='ocrx_word' id='word_1_204' title='bbox 446 2029 475 2077; x_wconf 81' lang='lat' dir='ltr'>lit</span> <span class='ocrx_word' id='word_1_205' title='bbox 491 2028 545 2078; x_wconf 89' lang='lat' dir='ltr'>inde</span> <span class='ocrx_word' id='word_1_206' title='bbox 560 2032 595 2078; x_wconf 88' lang='lat' dir='ltr'>est</span> <span class='ocrx_word' id='word_1_207' title='bbox 603 2026 665 2090; x_wconf 76' lang='lat' dir='ltr'>qudd</span> <span class='ocrx_word' id='word_1_208' title='bbox 673 2028 748 2077; x_wconf 89' lang='lat' dir='ltr'>etiam</span> <span class='ocrx_word' id='word_1_209' title='bbox 760 2029 907 2080; x_wconf 75' lang='lat' dir='ltr'>internorum·</span> 
     </span>
     <span class='ocr_line' id='line_1_27' title="bbox 130 2099 902 2165; baseline -0.001 -18"><span class='ocrx_word' id='word_1_210' title='bbox 130 2111 172 2161; x_wconf 89' lang='lat' dir='ltr'>per</span> <span class='ocrx_word' id='word_1_211' title='bbox 183 2111 254 2148; x_wconf 90' lang='lat' dir='ltr'>unum</span> <span class='ocrx_word' id='word_1_212' title='bbox 267 2100 376 2162; x_wconf 89' lang='lat' dir='ltr'>medium,</span> <span class='ocrx_word' id='word_1_213' title='bbox 388 2113 448 2150; x_wconf 91' lang='lat' dir='ltr'>nnus</span> <span class='ocrx_word' id='word_1_214' title='bbox 457 2100 581 2164; x_wconf 85' lang='lat' dir='ltr'>perlectiirs</span> <span class='ocrx_word' id='word_1_215' title='bbox 591 2099 710 2164; x_wconf 83' lang='lat' dir='ltr'>cognoscit</span> <span class='ocrx_word' id='word_1_216' title='bbox 723 2102 827 2165; x_wconf 80' lang='lat' dir='ltr'>aliquam</span> <span class='ocrx_word' id='word_1_217' title='bbox 844 2106 902 2153; x_wconf 67' lang='lat' dir='ltr'>conr:</span> 
     </span>
     <span class='ocr_line' id='line_1_28' title="bbox 130 2168 908 2234; baseline 0 -16"><span class='ocrx_word' id='word_1_218' title='bbox 130 2168 219 2219; x_wconf 87' lang='lat' dir='ltr'>sionem</span> <span class='ocrx_word' id='word_1_219' title='bbox 233 2169 300 2234; x_wconf 79' lang='lat' dir='ltr'>quim</span> <span class='ocrx_word' id='word_1_220' title='bbox 316 2170 381 2220; x_wconf 89' lang='lat' dir='ltr'>alius.</span> <span class='ocrx_word' id='word_1_221' title='bbox 396 2172 426 2220; x_wconf 87' lang='lat' dir='ltr'>Et</span> <span class='ocrx_word' id='word_1_222' title='bbox 436 2183 477 2234; x_wconf 90' lang='lat' dir='ltr'>per</span> <span class='ocrx_word' id='word_1_223' title='bbox 492 2173 554 2221; x_wconf 90' lang='lat' dir='ltr'>hunc</span> <span class='ocrx_word' id='word_1_224' title='bbox 571 2173 663 2220; x_wconf 87' lang='lat' dir='ltr'>modum</span> <span class='ocrx_word' id='word_1_225' title='bbox 678 2171 758 2223; x_wconf 88' lang='lat' dir='ltr'>anima</span> <span class='ocrx_word' id='word_1_226' title='bbox 771 2172 871 2227; x_wconf 71' lang='lat' dir='ltr'>timisti,</span> <span class='ocrx_word' id='word_1_227' title='bbox 885 2186 908 2232; x_wconf 77' lang='lat' dir='ltr'>qr</span> 
     </span>
     <span class='ocr_line' id='line_1_29' title="bbox 130 2239 905 2308; baseline 0.003 -19"><span class='ocrx_word' id='word_1_228' title='bbox 130 2239 291 2290; x_wconf 83' lang='lat' dir='ltr'>abundantiori</span> <span class='ocrx_word' id='word_1_229' title='bbox 310 2243 410 2306; x_wconf 89' lang='lat' dir='ltr'>repletur</span> <span class='ocrx_word' id='word_1_230' title='bbox 432 2243 531 2305; x_wconf 86' lang='lat' dir='ltr'>lumine,</span> <span class='ocrx_word' id='word_1_231' title='bbox 549 2241 675 2307; x_wconf 86' lang='lat' dir='ltr'>perlectids</span> <span class='ocrx_word' id='word_1_232' title='bbox 693 2246 813 2308; x_wconf 75' lang='lat' dir='ltr'>cognoscit</span> <span class='ocrx_word' id='word_1_233' title='bbox 833 2246 905 2295; x_wconf 75' lang='lat' dir='ltr'>dirim</span> 
     </span>
     <span class='ocr_line' id='line_1_30' title="bbox 130 2311 901 2376; baseline 0 -15"><span class='ocrx_word' id='word_1_234' title='bbox 130 2311 252 2362; x_wconf 88' lang='lat' dir='ltr'>essentiam</span> <span class='ocrx_word' id='word_1_235' title='bbox 267 2311 334 2376; x_wconf 82' lang='lat' dir='ltr'>quim</span> <span class='ocrx_word' id='word_1_236' title='bbox 352 2312 392 2362; x_wconf 89' lang='lat' dir='ltr'>alii</span> <span class='ocrx_word' id='word_1_237' title='bbox 409 2312 484 2374; x_wconf 83' lang='lat' dir='ltr'>beati,</span> <span class='ocrx_word' id='word_1_238' title='bbox 494 2313 550 2364; x_wconf 75' lang='lat' dir='ltr'>licet</span> <span class='ocrx_word' id='word_1_239' title='bbox 561 2326 642 2364; x_wconf 90' lang='lat' dir='ltr'>omnes</span> <span class='ocrx_word' id='word_1_240' title='bbox 655 2313 731 2376; x_wconf 90' lang='lat' dir='ltr'>ipsam</span> <span class='ocrx_word' id='word_1_241' title='bbox 750 2317 795 2366; x_wconf 83' lang='lat' dir='ltr'>ltei</span> <span class='ocrx_word' id='word_1_242' title='bbox 811 2316 901 2368; x_wconf 80' lang='lat' dir='ltr'>esseni.</span> 
     </span>
     <span class='ocr_line' id='line_1_31' title="bbox 128 2381 393 2448; baseline 0.008 -16"><span class='ocrx_word' id='word_1_243' title='bbox 128 2381 222 2432; x_wconf 82' lang='lat' dir='ltr'>rideant</span> <span class='ocrx_word' id='word_1_244' title='bbox 234 2395 275 2448; x_wconf 89' lang='lat' dir='ltr'>per</span> <span class='ocrx_word' id='word_1_245' title='bbox 286 2383 393 2448; x_wconf 85' lang='lat' dir='ltr'>seipsam.</span> 
     </span>
    </p>

    <p class='ocr_par' dir='ltr' id='par_1_6' title="bbox 127 2455 910 2879">
     <span class='ocr_line' id='line_1_32' title="bbox 161 2455 900 2518; baseline 0.001 -14"><span class='ocrx_word' id='word_1_246' title='bbox 161 2455 194 2504; x_wconf 81' lang='lat' dir='ltr'>Ad</span> <span class='ocrx_word' id='word_1_247' title='bbox 212 2455 336 2505; x_wconf 90' lang='lat' dir='ltr'>secundnm</span> <span class='ocrx_word' id='word_1_248' title='bbox 350 2455 486 2517; x_wconf 88' lang='lat' dir='ltr'>dicendum,</span> <span class='ocrx_word' id='word_1_249' title='bbox 500 2455 560 2518; x_wconf 88' lang='lat' dir='ltr'>qndd</span> <span class='ocrx_word' id='word_1_250' title='bbox 577 2455 637 2505; x_wconf 82' lang='lat' dir='ltr'>sisio</span> <span class='ocrx_word' id='word_1_251' title='bbox 651 2455 735 2507; x_wconf 82' lang='lat' dir='ltr'>dirinae</span> <span class='ocrx_word' id='word_1_252' title='bbox 749 2459 861 2510; x_wconf 76' lang='lat' dir='ltr'>essentie</span> <span class='ocrx_word' id='word_1_253' title='bbox 870 2473 900 2507; x_wconf 77' lang='lat' dir='ltr'>en</span> 
     </span>
     <span class='ocr_line' id='line_1_33' title="bbox 129 2524 908 2594; baseline 0.001 -20"><span class='ocrx_word' id='word_1_254' title='bbox 129 2524 163 2574; x_wconf 90' lang='lat' dir='ltr'>dit</span> <span class='ocrx_word' id='word_1_255' title='bbox 179 2525 305 2577; x_wconf 88' lang='lat' dir='ltr'>naturalem</span> <span class='ocrx_word' id='word_1_256' title='bbox 318 2527 445 2591; x_wconf 88' lang='lat' dir='ltr'>potentiam</span> <span class='ocrx_word' id='word_1_257' title='bbox 466 2528 588 2592; x_wconf 83' lang='lat' dir='ltr'>cujuslibet</span> <span class='ocrx_word' id='word_1_258' title='bbox 607 2532 732 2590; x_wconf 82' lang='lat' dir='ltr'>creature,</span> <span class='ocrx_word' id='word_1_259' title='bbox 750 2534 779 2579; x_wconf 91' lang='lat' dir='ltr'>ut</span> <span class='ocrx_word' id='word_1_260' title='bbox 796 2531 822 2580; x_wconf 92' lang='lat' dir='ltr'>in</span> <span class='ocrx_word' id='word_1_261' title='bbox 840 2533 860 2580; x_wconf 90' lang='lat' dir='ltr'>l.</span> <span class='ocrx_word' id='word_1_262' title='bbox 876 2544 908 2594; x_wconf 78' lang='lat' dir='ltr'>pr:</span> 
     </span>
     <span class='ocr_line' id='line_1_34' title="bbox 130 2596 910 2664; baseline 0.004 -17"><span class='ocrx_word' id='word_1_263' title='bbox 130 2596 214 2648; x_wconf 87' lang='lat' dir='ltr'>dietum</span> <span class='ocrx_word' id='word_1_264' title='bbox 225 2602 260 2648; x_wconf 88' lang='lat' dir='ltr'>est</span> <span class='ocrx_word' id='word_1_265' title='bbox 271 2599 326 2664; x_wconf 83' lang='lat' dir='ltr'>(qu.</span> <span class='ocrx_word' id='word_1_266' title='bbox 340 2603 379 2662; x_wconf 72' lang='grc' dir='ltr'>ιι,</span> <span class='ocrx_word' id='word_1_267' title='bbox 389 2601 432 2649; x_wconf 86' lang='lat' dir='ltr'>art.</span> <span class='ocrx_word' id='word_1_268' title='bbox 446 2599 478 2662; x_wconf 85' lang='grc' dir='ltr'>ι),</span> <span class='ocrx_word' id='word_1_269' title='bbox 489 2600 517 2648; x_wconf 85' lang='lat' dir='ltr'>lit</span> <span class='ocrx_word' id='word_1_270' title='bbox 527 2599 578 2650; x_wconf 88' lang='lat' dir='ltr'>ideo</span> <span class='ocrx_word' id='word_1_271' title='bbox 589 2600 670 2664; x_wconf 76' lang='lat' dir='ltr'>gradun</span> <span class='ocrx_word' id='word_1_272' title='bbox 680 2599 706 2650; x_wconf 90' lang='lat' dir='ltr'>in</span> <span class='ocrx_word' id='word_1_273' title='bbox 717 2600 771 2664; x_wconf 88' lang='lat' dir='ltr'>ipso</span> <span class='ocrx_word' id='word_1_274' title='bbox 785 2605 910 2653; x_wconf 69' lang='lat' dir='ltr'>atteudnnu</span> 
     </span>
     <span class='ocr_line' id='line_1_35' title="bbox 127 2670 898 2735; baseline 0 -15"><span class='ocrx_word' id='word_1_275' title='bbox 127 2670 201 2734; x_wconf 86' lang='lat' dir='ltr'>magis</span> <span class='ocrx_word' id='word_1_276' title='bbox 214 2670 338 2720; x_wconf 84' lang='lat' dir='ltr'>secundiam</span> <span class='ocrx_word' id='word_1_277' title='bbox 346 2671 449 2722; x_wconf 90' lang='lat' dir='ltr'>ordinem</span> <span class='ocrx_word' id='word_1_278' title='bbox 462 2671 581 2734; x_wconf 83' lang='lat' dir='ltr'>gratiae,in</span> <span class='ocrx_word' id='word_1_279' title='bbox 594 2685 640 2735; x_wconf 88' lang='lat' dir='ltr'>qno</span> <span class='ocrx_word' id='word_1_280' title='bbox 651 2671 760 2722; x_wconf 86' lang='lat' dir='ltr'>Christus</span> <span class='ocrx_word' id='word_1_281' title='bbox 770 2678 808 2723; x_wconf 89' lang='lat' dir='ltr'>est</span> <span class='ocrx_word' id='word_1_282' title='bbox 821 2676 898 2724; x_wconf 81' lang='lat' dir='ltr'>excell</span> 
     </span>
     <span class='ocr_line' id='line_1_36' title="bbox 128 2740 904 2809; baseline 0.001 -20"><span class='ocrx_word' id='word_1_283' title='bbox 128 2741 243 2804; x_wconf 88' lang='lat' dir='ltr'>tissimus,</span> <span class='ocrx_word' id='word_1_284' title='bbox 259 2740 327 2804; x_wconf 77' lang='lat' dir='ltr'>quim</span> <span class='ocrx_word' id='word_1_285' title='bbox 345 2741 469 2792; x_wconf 83' lang='lat' dir='ltr'>secunddm</span> <span class='ocrx_word' id='word_1_286' title='bbox 489 2743 591 2792; x_wconf 87' lang='lat' dir='ltr'>ordinem</span> <span class='ocrx_word' id='word_1_287' title='bbox 609 2745 710 2805; x_wconf 74' lang='lat' dir='ltr'>nature,</span> <span class='ocrx_word' id='word_1_288' title='bbox 724 2745 856 2796; x_wconf 84' lang='lat' dir='ltr'>secundiam</span> <span class='ocrx_word' id='word_1_289' title='bbox 869 2760 904 2809; x_wconf 68' lang='lat' dir='ltr'>qu»</span> 
     </span>
     <span class='ocr_line' id='line_1_37' title="bbox 127 2812 624 2879; baseline 0.006 -18"><span class='ocrx_word' id='word_1_290' title='bbox 127 2817 208 2864; x_wconf 85' lang='lat' dir='ltr'>natura</span> <span class='ocrx_word' id='word_1_291' title='bbox 219 2812 321 2876; x_wconf 82' lang='lat' dir='ltr'>angelice</span> <span class='ocrx_word' id='word_1_292' title='bbox 335 2813 455 2876; x_wconf 80' lang='lat' dir='ltr'>prefertur</span> <span class='ocrx_word' id='word_1_293' title='bbox 464 2815 570 2865; x_wconf 81' lang='lat' dir='ltr'>humane</span> <span class='ocrx_word' id='word_1_294' title='bbox 582 2813 624 2879; x_wconf 83' lang='lat' dir='ltr'>(l).</span> 
     </span>
    </p>
   </div>
   <div class='ocr_carea' id='block_1_3' title="bbox 164 2953 898 3020">
    <p class='ocr_par' dir='ltr' id='par_1_7' title="bbox 164 2953 898 3020">
     <span class='ocr_line' id='line_1_38' title="bbox 164 2953 898 3020; baseline 0.005 -18"><span class='ocrx_word' id='word_1_295' title='bbox 164 2953 196 3018; x_wconf 81' lang='lat' dir='ltr'>(l)</span> <span class='ocrx_word' id='word_1_296' title='bbox 211 2959 272 3004; x_wconf 87' lang='lat' dir='ltr'>Hinc</span> <span class='ocrx_word' id='word_1_297' title='bbox 283 2958 338 3005; x_wconf 85' lang='lat' dir='ltr'>rerd</span> <span class='ocrx_word' id='word_1_298' title='bbox 348 2958 477 3004; x_wconf 73' lang='lat' dir='ltr'>naturalem</span> <span class='ocrx_word' id='word_1_299' title='bbox 486 2958 653 3017; x_wconf 74' lang='lat' dir='ltr'>perspicaciam</span> <span class='ocrx_word' id='word_1_300' title='bbox 662 2959 799 3012; x_wconf 75' lang='lat' dir='ltr'>intellectis</span> <span class='ocrx_word' id='word_1_301' title='bbox 809 2963 898 3020; x_wconf 77' lang='lat' dir='ltr'>aliquid</span> 
     </span>
    </p>
   </div>
   <div class='ocr_carea' id='block_1_4' title="bbox 0 0 968 3317">
    <p class='ocr_par' dir='ltr' id='par_1_8' title="bbox 0 0 968 3317">
     <span class='ocr_line' id='line_1_39' title="bbox 0 0 968 3317; baseline 0 0"><span class='ocrx_word' id='word_1_302' title='bbox 0 0 968 3317; x_wconf 95' lang='lat' dir='ltr'> </span> 
     </span>
    </p>
   </div>
  </div>
 </body>
</html>
