<?xml version="1.0" encoding="UTF-8"?>
<!DOCTYPE html PUBLIC "-//W3C//DTD XHTML 1.0 Transitional//EN"
    "http://www.w3.org/TR/xhtml1/DTD/xhtml1-transitional.dtd">
<html xmlns="http://www.w3.org/1999/xhtml" xml:lang="en" lang="en">
 <head>
  <title>
</title>
<meta http-equiv="Content-Type" content="text/html;charset=utf-8" />
  <meta name='ocr-system' content='tesseract 3.04.00' />
  <meta name='ocr-capabilities' content='ocr_page ocr_carea ocr_par ocr_line ocrx_word'/>
</head>
<body>
  <div class='ocr_page' id='page_1' title='image "./summatheologica02nicogoog_0245.png"; bbox 0 0 1917 3317; ppageno 0'>
   <div class='ocr_carea' id='block_1_1' title="bbox 574 120 1757 189">
    <p class='ocr_par' dir='ltr' id='par_1_1' title="bbox 574 120 1757 189">
     <span class='ocr_line' id='line_1_1' title="bbox 574 120 1757 189; baseline -0.004 -13"><span class='ocrx_word' id='word_1_1' title='bbox 574 120 669 176; x_wconf 69' lang='lat'>2⁸8</span> <span class='ocrx_word' id='word_1_2' title='bbox 991 130 1111 175; x_wconf 63' lang='lat' dir='ltr'>mm</span> <span class='ocrx_word' id='word_1_3' title='bbox 1142 132 1225 189; x_wconf 82' lang='lat' dir='ltr'>m,</span> <span class='ocrx_word' id='word_1_4' title='bbox 1257 129 1444 180; x_wconf 56' lang='lat' dir='ltr'>onmem.</span> <span class='ocrx_word' id='word_1_5' title='bbox 1478 130 1543 184; x_wconf 78' lang='lat' dir='ltr'>n,</span> <span class='ocrx_word' id='word_1_6' title='bbox 1575 129 1687 173; x_wconf 70' lang='lat' dir='ltr'>mr.</span> <span class='ocrx_word' id='word_1_7' title='bbox 1720 132 1757 171; x_wconf 78' lang='grc' dir='ltr'>ι.</span> 
     </span>
    </p>
   </div>
   <div class='ocr_carea' id='block_1_2' title="bbox 575 205 1917 2492">
    <p class='ocr_par' dir='ltr' id='par_1_2' title="bbox 575 205 1917 475">
     <span class='ocr_line' id='line_1_2' title="bbox 575 205 1917 274; baseline -0.007 -13"><span class='ocrx_word' id='word_1_8' title='bbox 575 209 715 274; x_wconf 71' lang='lat' dir='ltr'>gestis</span> <span class='ocrx_word' id='word_1_9' title='bbox 741 206 932 260; x_wconf 75' lang='lat' dir='ltr'>concilii</span> <span class='ocrx_word' id='word_1_10' title='bbox 957 206 1362 270; x_wconf 55' lang='lat' dir='ltr'>Chalcedonam,</span> <span class='ocrx_word' id='word_1_11' title='bbox 1394 208 1513 265; x_wconf 69' lang='lat' dir='ltr'>act„</span> <span class='ocrx_word' id='word_1_12' title='bbox 1536 206 1556 256; x_wconf 93' lang='lat'>1</span> <span class='ocrx_word' id='word_1_13' title='bbox 1580 222 1593 256; x_wconf 74' lang='grc' dir='ltr'><em>τ</em></span> <span class='ocrx_word' id='word_1_14' title='bbox 1630 221 1657 254; x_wconf 71' lang='grc' dir='ltr'>(ι</span> <span class='ocrx_word' id='word_1_15' title='bbox 1680 205 1783 257; x_wconf 81' lang='lat' dir='ltr'>Non</span> <span class='ocrx_word' id='word_1_16' title='bbox 1809 207 1917 269; x_wconf 70' lang='lat' dir='ltr'>oport</span> 
     </span>
     <span class='ocr_line' id='line_1_3' title="bbox 576 275 1917 345; baseline -0.006 -13"><span class='ocrx_word' id='word_1_17' title='bbox 576 295 680 345; x_wconf 80' lang='lat' dir='ltr'>gere</span> <span class='ocrx_word' id='word_1_18' title='bbox 707 282 818 331; x_wconf 85' lang='lat' dir='ltr'>duas</span> <span class='ocrx_word' id='word_1_19' title='bbox 841 285 1025 331; x_wconf 79' lang='lat' dir='ltr'>naturas</span> <span class='ocrx_word' id='word_1_20' title='bbox 1043 319 1057 345; x_wconf 93' lang='lat'>‚</span> <span class='ocrx_word' id='word_1_21' title='bbox 1075 281 1153 331; x_wconf 89' lang='lat' dir='ltr'>sed</span> <span class='ocrx_word' id='word_1_22' title='bbox 1180 294 1320 329; x_wconf 88' lang='lat' dir='ltr'>unam</span> <span class='ocrx_word' id='word_1_23' title='bbox 1340 282 1546 330; x_wconf 77' lang='lat' dir='ltr'>naturam</span> <span class='ocrx_word' id='word_1_24' title='bbox 1572 278 1653 328; x_wconf 86' lang='lat' dir='ltr'>Dei</span> <span class='ocrx_word' id='word_1_25' title='bbox 1672 275 1804 329; x_wconf 70' lang='lat' dir='ltr'>Verbi</span> <span class='ocrx_word' id='word_1_26' title='bbox 1821 277 1917 325; x_wconf 55' lang='lat' dir='ltr'>inea*</span> 
     </span>
     <span class='ocr_line' id='line_1_4' title="bbox 577 347 1917 415; baseline -0.004 -13"><span class='ocrx_word' id='word_1_27' title='bbox 577 353 704 411; x_wconf 84' lang='lat' dir='ltr'>Quod</span> <span class='ocrx_word' id='word_1_28' title='bbox 735 352 919 415; x_wconf 87' lang='lat' dir='ltr'>quidem</span> <span class='ocrx_word' id='word_1_29' title='bbox 941 364 1032 403; x_wconf 87' lang='lat' dir='ltr'>non</span> <span class='ocrx_word' id='word_1_30' title='bbox 1059 355 1214 415; x_wconf 80' lang='lat' dir='ltr'>esset,</span> <span class='ocrx_word' id='word_1_31' title='bbox 1243 352 1337 401; x_wconf 85' lang='lat' dir='ltr'>nisi</span> <span class='ocrx_word' id='word_1_32' title='bbox 1364 350 1472 401; x_wconf 88' lang='lat' dir='ltr'>unio</span> <span class='ocrx_word' id='word_1_33' title='bbox 1494 352 1620 401; x_wconf 84' lang='lat' dir='ltr'>fieret</span> <span class='ocrx_word' id='word_1_34' title='bbox 1649 350 1697 399; x_wconf 89' lang='lat' dir='ltr'>in</span> <span class='ocrx_word' id='word_1_35' title='bbox 1724 347 1917 399; x_wconf 76' lang='lat' dir='ltr'>natura-l</span> 
     </span>
     <span class='ocr_line' id='line_1_5' title="bbox 577 422 1478 475; baseline -0.001 -3"><span class='ocrx_word' id='word_1_36' title='bbox 577 423 711 473; x_wconf 87' lang='lat' dir='ltr'>Verbi</span> <span class='ocrx_word' id='word_1_37' title='bbox 734 424 954 475; x_wconf 85' lang='lat' dir='ltr'>incarnati</span> <span class='ocrx_word' id='word_1_38' title='bbox 982 424 1101 474; x_wconf 78' lang='lat' dir='ltr'>facta</span> <span class='ocrx_word' id='word_1_39' title='bbox 1127 429 1199 474; x_wconf 87' lang='lat' dir='ltr'>est</span> <span class='ocrx_word' id='word_1_40' title='bbox 1226 422 1275 472; x_wconf 91' lang='lat' dir='ltr'>in</span> <span class='ocrx_word' id='word_1_41' title='bbox 1299 427 1478 473; x_wconf 73' lang='lat' dir='ltr'>natura.</span> 
     </span>
    </p>

    <p class='ocr_par' dir='ltr' id='par_1_3' title="bbox 579 491 1917 903">
     <span class='ocr_line' id='line_1_6' title="bbox 642 491 1917 559; baseline -0.003 -16"><span class='ocrx_word' id='word_1_42' title='bbox 642 498 688 543; x_wconf 76' lang='lat'>2.</span> <span class='ocrx_word' id='word_1_43' title='bbox 715 497 954 557; x_wconf 82' lang='lat' dir='ltr'>Praeterea,</span> <span class='ocrx_word' id='word_1_44' title='bbox 984 494 1259 545; x_wconf 73' lang='lat' dir='ltr'>Athanasius</span> <span class='ocrx_word' id='word_1_45' title='bbox 1276 495 1388 544; x_wconf 83' lang='lat' dir='ltr'>dicit</span> <span class='ocrx_word' id='word_1_46' title='bbox 1409 495 1477 559; x_wconf 91' lang='lat' dir='ltr'>(in</span> <span class='ocrx_word' id='word_1_47' title='bbox 1498 492 1753 557; x_wconf 75' lang='lat' dir='ltr'>Symbola)</span> <span class='ocrx_word' id='word_1_48' title='bbox 1788 508 1805 542; x_wconf 92' lang='lat'>.·</span> <span class='ocrx_word' id='word_1_49' title='bbox 1832 491 1917 540; x_wconf 77' lang='lat' dir='ltr'>«si</span> 
     </span>
     <span class='ocr_line' id='line_1_7' title="bbox 579 566 1917 629; baseline -0.001 -14"><span class='ocrx_word' id='word_1_50' title='bbox 579 566 814 617; x_wconf 83' lang='lat' dir='ltr'>rationalis</span> <span class='ocrx_word' id='word_1_51' title='bbox 844 571 891 618; x_wconf 87' lang='lat' dir='ltr'>et</span> <span class='ocrx_word' id='word_1_52' title='bbox 910 580 1015 617; x_wconf 82' lang='lat' dir='ltr'>caro</span> <span class='ocrx_word' id='word_1_53' title='bbox 1041 580 1161 617; x_wconf 83' lang='lat' dir='ltr'>unus</span> <span class='ocrx_word' id='word_1_54' title='bbox 1192 571 1261 617; x_wconf 88' lang='lat' dir='ltr'>est</span> <span class='ocrx_word' id='word_1_55' title='bbox 1293 568 1455 629; x_wconf 90' lang='lat' dir='ltr'>homo;</span> <span class='ocrx_word' id='word_1_56' title='bbox 1489 566 1552 615; x_wconf 85' lang='lat' dir='ltr'>ita</span> <span class='ocrx_word' id='word_1_57' title='bbox 1577 567 1697 615; x_wconf 84' lang='lat' dir='ltr'>Deus</span> <span class='ocrx_word' id='word_1_58' title='bbox 1725 570 1771 614; x_wconf 88' lang='lat' dir='ltr'>et</span> <span class='ocrx_word' id='word_1_59' title='bbox 1794 566 1917 615; x_wconf 82' lang='lat' dir='ltr'>homo</span> 
     </span>
     <span class='ocr_line' id='line_1_8' title="bbox 579 636 1905 689; baseline -0.002 -2"><span class='ocrx_word' id='word_1_60' title='bbox 579 637 804 689; x_wconf 84' lang='lat' dir='ltr'>Christus.</span> <span class='ocrx_word' id='word_1_61' title='bbox 834 655 862 686; x_wconf 75' lang='lat' dir='ltr'>n</span> <span class='ocrx_word' id='word_1_62' title='bbox 891 640 979 689; x_wconf 86' lang='lat' dir='ltr'>Sed</span> <span class='ocrx_word' id='word_1_63' title='bbox 1004 638 1156 689; x_wconf 87' lang='lat' dir='ltr'>anima</span> <span class='ocrx_word' id='word_1_64' title='bbox 1179 637 1413 688; x_wconf 81' lang='lat' dir='ltr'>rationalis</span> <span class='ocrx_word' id='word_1_65' title='bbox 1433 641 1479 687; x_wconf 83' lang='lat' dir='ltr'>et</span> <span class='ocrx_word' id='word_1_66' title='bbox 1502 650 1607 687; x_wconf 81' lang='lat' dir='ltr'>caro</span> <span class='ocrx_word' id='word_1_67' title='bbox 1635 636 1905 687; x_wconf 80' lang='lat' dir='ltr'>conveniunt</span> 
     </span>
     <span class='ocr_line' id='line_1_9' title="bbox 581 709 1917 771; baseline -0.001 -14"><span class='ocrx_word' id='word_1_68' title='bbox 581 709 757 761; x_wconf 81' lang='lat' dir='ltr'>tutione</span> <span class='ocrx_word' id='word_1_69' title='bbox 786 710 920 760; x_wconf 86' lang='lat' dir='ltr'>unius</span> <span class='ocrx_word' id='word_1_70' title='bbox 943 714 1115 760; x_wconf 80' lang='lat' dir='ltr'>naturae</span> <span class='ocrx_word' id='word_1_71' title='bbox 1147 711 1373 760; x_wconf 83' lang='lat' dir='ltr'>humanae.</span> <span class='ocrx_word' id='word_1_72' title='bbox 1405 709 1483 757; x_wconf 84' lang='lat' dir='ltr'>Sic</span> <span class='ocrx_word' id='word_1_73' title='bbox 1514 721 1620 771; x_wconf 82' lang='lat' dir='ltr'>ergo</span> <span class='ocrx_word' id='word_1_74' title='bbox 1651 710 1787 758; x_wconf 78' lang='lat' dir='ltr'>Deus</span> <span class='ocrx_word' id='word_1_75' title='bbox 1813 710 1857 757; x_wconf 90' lang='lat' dir='ltr'>et</span> <span class='ocrx_word' id='word_1_76' title='bbox 1885 710 1917 755; x_wconf 75' lang='grc' dir='ltr'>Ιι</span> 
     </span>
     <span class='ocr_line' id='line_1_10' title="bbox 581 780 1912 845; baseline -0.001 -15"><span class='ocrx_word' id='word_1_77' title='bbox 581 784 773 831; x_wconf 80' lang='lat' dir='ltr'>veniunt</span> <span class='ocrx_word' id='word_1_78' title='bbox 791 782 840 831; x_wconf 89' lang='lat' dir='ltr'>in</span> <span class='ocrx_word' id='word_1_79' title='bbox 862 780 1187 833; x_wconf 83' lang='lat' dir='ltr'>constitutione</span> <span class='ocrx_word' id='word_1_80' title='bbox 1206 780 1400 845; x_wconf 83' lang='lat' dir='ltr'>alicujus</span> <span class='ocrx_word' id='word_1_81' title='bbox 1419 780 1555 831; x_wconf 90' lang='lat' dir='ltr'>unius</span> <span class='ocrx_word' id='word_1_82' title='bbox 1583 784 1770 831; x_wconf 85' lang='lat' dir='ltr'>naturae.</span> <span class='ocrx_word' id='word_1_83' title='bbox 1795 780 1912 843; x_wconf 82' lang='lat' dir='ltr'>Ergo</span> 
     </span>
     <span class='ocr_line' id='line_1_11' title="bbox 585 853 929 903; baseline 0 0"><span class='ocrx_word' id='word_1_84' title='bbox 585 857 657 903; x_wconf 82' lang='lat' dir='ltr'>est</span> <span class='ocrx_word' id='word_1_85' title='bbox 683 853 732 902; x_wconf 88' lang='lat' dir='ltr'>in</span> <span class='ocrx_word' id='word_1_86' title='bbox 754 859 929 903; x_wconf 82' lang='lat' dir='ltr'>natura.</span> 
     </span>
    </p>

    <p class='ocr_par' dir='ltr' id='par_1_4' title="bbox 585 924 1917 1404">
     <span class='ocr_line' id='line_1_12' title="bbox 649 924 1917 987; baseline -0.002 -14"><span class='ocrx_word' id='word_1_87' title='bbox 649 929 695 973; x_wconf 84' lang='lat'>3.</span> <span class='ocrx_word' id='word_1_88' title='bbox 736 926 992 987; x_wconf 63' lang='lat' dir='ltr'>Praeterea,</span> <span class='ocrx_word' id='word_1_89' title='bbox 1023 926 1212 974; x_wconf 85' lang='lat' dir='ltr'>duarum</span> <span class='ocrx_word' id='word_1_90' title='bbox 1247 926 1507 974; x_wconf 81' lang='lat' dir='ltr'>naturarum</span> <span class='ocrx_word' id='word_1_91' title='bbox 1534 936 1625 972; x_wconf 86' lang='lat' dir='ltr'>una</span> <span class='ocrx_word' id='word_1_92' title='bbox 1665 935 1759 972; x_wconf 90' lang='lat' dir='ltr'>non</span> <span class='ocrx_word' id='word_1_93' title='bbox 1786 924 1917 973; x_wconf 82' lang='lat' dir='ltr'>deum</span> 
     </span>
     <span class='ocr_line' id='line_1_13' title="bbox 586 996 1917 1060; baseline -0.001 -15"><span class='ocrx_word' id='word_1_94' title='bbox 586 996 725 1046; x_wconf 78' lang='lat' dir='ltr'>altera</span> <span class='ocrx_word' id='word_1_95' title='bbox 752 997 837 1046; x_wconf 85' lang='lat' dir='ltr'>nisi</span> <span class='ocrx_word' id='word_1_96' title='bbox 866 996 1020 1060; x_wconf 78' lang='lat' dir='ltr'>aliquo</span> <span class='ocrx_word' id='word_1_97' title='bbox 1052 997 1186 1046; x_wconf 88' lang='lat' dir='ltr'>modo</span> <span class='ocrx_word' id='word_1_98' title='bbox 1208 996 1255 1045; x_wconf 92' lang='lat' dir='ltr'>in</span> <span class='ocrx_word' id='word_1_99' title='bbox 1285 996 1483 1045; x_wconf 86' lang='lat' dir='ltr'>invicem</span> <span class='ocrx_word' id='word_1_100' title='bbox 1510 997 1917 1044; x_wconf 46' lang='lat' dir='ltr'>transmutentu1·.‘¹</span> 
     </span>
     <span class='ocr_line' id='line_1_14' title="bbox 585 1065 1917 1118; baseline -0.002 -1"><span class='ocrx_word' id='word_1_101' title='bbox 585 1072 742 1117; x_wconf 86' lang='lat' dir='ltr'>natura</span> <span class='ocrx_word' id='word_1_102' title='bbox 765 1075 812 1118; x_wconf 86' lang='lat' dir='ltr'>et</span> <span class='ocrx_word' id='word_1_103' title='bbox 839 1068 1041 1118; x_wconf 82' lang='lat' dir='ltr'>humana</span> <span class='ocrx_word' id='word_1_104' title='bbox 1066 1069 1116 1117; x_wconf 88' lang='lat' dir='ltr'>in</span> <span class='ocrx_word' id='word_1_105' title='bbox 1143 1068 1323 1118; x_wconf 85' lang='lat' dir='ltr'>Christo</span> <span class='ocrx_word' id='word_1_106' title='bbox 1353 1067 1409 1117; x_wconf 84' lang='lat' dir='ltr'>ab</span> <span class='ocrx_word' id='word_1_107' title='bbox 1439 1065 1638 1117; x_wconf 83' lang='lat' dir='ltr'>invicem</span> <span class='ocrx_word' id='word_1_108' title='bbox 1666 1067 1917 1118; x_wconf 68' lang='lat' dir='ltr'>denomina]</span> 
     </span>
     <span class='ocr_line' id='line_1_15' title="bbox 586 1137 1917 1203; baseline -0.001 -15"><span class='ocrx_word' id='word_1_109' title='bbox 586 1138 707 1188; x_wconf 86' lang='lat' dir='ltr'>enim</span> <span class='ocrx_word' id='word_1_110' title='bbox 726 1137 919 1203; x_wconf 73' lang='lat' dir='ltr'><strong>cyrillus</strong></span> <span class='ocrx_word' id='word_1_111' title='bbox 941 1140 1143 1190; x_wconf 80' lang='lat' dir='ltr'>divinam</span> <span class='ocrx_word' id='word_1_112' title='bbox 1166 1144 1372 1189; x_wconf 85' lang='lat' dir='ltr'>naturam</span> <span class='ocrx_word' id='word_1_113' title='bbox 1410 1151 1510 1189; x_wconf 88' lang='lat' dir='ltr'>esse</span> <span class='ocrx_word' id='word_1_114' title='bbox 1531 1138 1842 1201; x_wconf 65' lang='lat' dir='ltr'>incarnatam</span> <span class='ocrx_word' id='word_1_115' title='bbox 1874 1143 1917 1189; x_wconf 85' lang='lat' dir='ltr'>et</span> 
     </span>
     <span class='ocr_line' id='line_1_16' title="bbox 586 1210 1917 1272; baseline -0.002 -13"><span class='ocrx_word' id='word_1_116' title='bbox 586 1210 904 1261; x_wconf 81' lang='lat' dir='ltr'><strong>Nazianzenus</strong></span> <span class='ocrx_word' id='word_1_117' title='bbox 936 1212 1082 1261; x_wconf 84' lang='lat' dir='ltr'><em>Orat.</em></span> <span class='ocrx_word' id='word_1_118' title='bbox 1115 1212 1225 1272; x_wconf 91' lang='lat' dir='ltr'>LI),</span> <span class='ocrx_word' id='word_1_119' title='bbox 1257 1210 1367 1262; x_wconf 89' lang='lat' dir='ltr'>dicit</span> <span class='ocrx_word' id='word_1_120' title='bbox 1385 1211 1629 1260; x_wconf 85' lang='lat' dir='ltr'>humanam</span> <span class='ocrx_word' id='word_1_121' title='bbox 1658 1213 1869 1258; x_wconf 82' lang='lat' dir='ltr'>naturam</span> <span class='ocrx_word' id='word_1_122' title='bbox 1909 1224 1917 1257; x_wconf 77' lang='grc' dir='ltr'>ι</span> 
     </span>
     <span class='ocr_line' id='line_1_17' title="bbox 587 1280 1907 1346; baseline 0 -17"><span class='ocrx_word' id='word_1_123' title='bbox 587 1284 756 1330; x_wconf 76' lang='lat' dir='ltr'>eatam</span> <span class='ocrx_word' id='word_1_124' title='bbox 775 1320 788 1338; x_wconf 90' lang='lat'>,</span> <span class='ocrx_word' id='word_1_125' title='bbox 823 1285 876 1330; x_wconf 87' lang='lat' dir='ltr'>ut</span> <span class='ocrx_word' id='word_1_126' title='bbox 901 1285 1025 1345; x_wconf 82' lang='lat' dir='ltr'>patet</span> <span class='ocrx_word' id='word_1_127' title='bbox 1039 1295 1121 1346; x_wconf 85' lang='lat' dir='ltr'>per</span> <span class='ocrx_word' id='word_1_128' title='bbox 1138 1282 1460 1331; x_wconf 83' lang='lat' dir='ltr'>Damascenum</span> <span class='ocrx_word' id='word_1_129' title='bbox 1479 1280 1586 1345; x_wconf 85' lang='lat' dir='ltr'><strong>(lib.</strong></span> <span class='ocrx_word' id='word_1_130' title='bbox 1623 1281 1712 1342; x_wconf 87' lang='lat'>111,</span> <span class='ocrx_word' id='word_1_131' title='bbox 1742 1293 1844 1345; x_wconf 81' lang='lat' dir='ltr'>cap.</span> <span class='ocrx_word' id='word_1_132' title='bbox 1877 1285 1907 1330; x_wconf 76' lang='grc' dir='ltr'>ὃ</span> 
     </span>
     <span class='ocr_line' id='line_1_18' title="bbox 591 1349 1748 1404; baseline -0.001 -3"><span class='ocrx_word' id='word_1_133' title='bbox 591 1349 764 1402; x_wconf 73' lang='lat' dir='ltr'>duabus</span> <span class='ocrx_word' id='word_1_134' title='bbox 787 1354 958 1402; x_wconf 82' lang='lat' dir='ltr'>naturis</span> <span class='ocrx_word' id='word_1_135' title='bbox 986 1354 1167 1403; x_wconf 83' lang='lat' dir='ltr'>videtur</span> <span class='ocrx_word' id='word_1_136' title='bbox 1188 1365 1291 1404; x_wconf 87' lang='lat' dir='ltr'>esse</span> <span class='ocrx_word' id='word_1_137' title='bbox 1319 1352 1434 1402; x_wconf 80' lang='lat' dir='ltr'>facta</span> <span class='ocrx_word' id='word_1_138' title='bbox 1461 1363 1551 1402; x_wconf 84' lang='lat' dir='ltr'>una</span> <span class='ocrx_word' id='word_1_139' title='bbox 1571 1356 1748 1401; x_wconf 81' lang='lat' dir='ltr'>natura.</span> 
     </span>
    </p>

    <p class='ocr_par' dir='ltr' id='par_1_5' title="bbox 589 1421 1917 1830">
     <span class='ocr_line' id='line_1_19' title="bbox 652 1421 1917 1488; baseline 0 -15"><span class='ocrx_word' id='word_1_140' title='bbox 652 1423 739 1473; x_wconf 87' lang='lat' dir='ltr'>Sed</span> <span class='ocrx_word' id='word_1_141' title='bbox 755 1428 909 1474; x_wconf 86' lang='lat' dir='ltr'>contra</span> <span class='ocrx_word' id='word_1_142' title='bbox 926 1428 1024 1485; x_wconf 87' lang='lat' dir='ltr'>est,</span> <span class='ocrx_word' id='word_1_143' title='bbox 1044 1425 1165 1488; x_wconf 88' lang='lat' dir='ltr'>quod</span> <span class='ocrx_word' id='word_1_144' title='bbox 1192 1423 1354 1475; x_wconf 84' lang='lat' dir='ltr'>dieitur</span> <span class='ocrx_word' id='word_1_145' title='bbox 1373 1423 1420 1472; x_wconf 89' lang='lat' dir='ltr'>in</span> <span class='ocrx_word' id='word_1_146' title='bbox 1446 1422 1823 1473; x_wconf 81' lang='lat' dir='ltr'>determinatione</span> <span class='ocrx_word' id='word_1_147' title='bbox 1849 1421 1917 1473; x_wconf 87' lang='lat' dir='ltr'>Co</span> 
     </span>
     <span class='ocr_line' id='line_1_20' title="bbox 590 1495 1917 1547; baseline 0 -2"><span class='ocrx_word' id='word_1_148' title='bbox 590 1496 889 1547; x_wconf 79' lang='lat' dir='ltr'>eedonensis:</span> <span class='ocrx_word' id='word_1_149' title='bbox 917 1514 944 1543; x_wconf 85' lang='lat'>«</span> <span class='ocrx_word' id='word_1_150' title='bbox 972 1498 1248 1546; x_wconf 77' lang='lat' dir='ltr'>confitemur</span> <span class='ocrx_word' id='word_1_151' title='bbox 1264 1496 1313 1545; x_wconf 88' lang='lat' dir='ltr'>in</span> <span class='ocrx_word' id='word_1_152' title='bbox 1334 1496 1595 1547; x_wconf 83' lang='lat' dir='ltr'>novissimis</span> <span class='ocrx_word' id='word_1_153' title='bbox 1620 1496 1779 1545; x_wconf 84' lang='lat' dir='ltr'>diebus</span> <span class='ocrx_word' id='word_1_154' title='bbox 1800 1495 1917 1546; x_wconf 79' lang='lat' dir='ltr'>Filiu</span> 
     </span>
     <span class='ocr_line' id='line_1_21' title="bbox 591 1566 1917 1629; baseline 0.001 -14"><span class='ocrx_word' id='word_1_155' title='bbox 591 1568 791 1629; x_wconf 81' lang='lat' dir='ltr'>genitum</span> <span class='ocrx_word' id='word_1_156' title='bbox 823 1567 871 1617; x_wconf 89' lang='lat' dir='ltr'>in</span> <span class='ocrx_word' id='word_1_157' title='bbox 894 1568 1067 1617; x_wconf 86' lang='lat' dir='ltr'>duabus</span> <span class='ocrx_word' id='word_1_158' title='bbox 1095 1568 1269 1617; x_wconf 80' lang='lat' dir='ltr'>naturis</span> <span class='ocrx_word' id='word_1_159' title='bbox 1290 1566 1530 1617; x_wconf 76' lang='lat' dir='ltr'>inconfuse</span> <span class='ocrx_word' id='word_1_160' title='bbox 1548 1606 1561 1628; x_wconf 94' lang='lat'><strong><em>‚</em></strong></span> <span class='ocrx_word' id='word_1_161' title='bbox 1584 1567 1917 1618; x_wconf 73' lang='lat' dir='ltr'>immutabilitffl</span> 
     </span>
     <span class='ocr_line' id='line_1_22' title="bbox 591 1638 1917 1704; baseline 0 -17"><span class='ocrx_word' id='word_1_162' title='bbox 591 1638 950 1703; x_wconf 81' lang='lat' dir='ltr'>inseparabiliter</span> <span class='ocrx_word' id='word_1_163' title='bbox 976 1641 1343 1704; x_wconf 81' lang='lat' dir='ltr'>agnoscendum,</span> <span class='ocrx_word' id='word_1_164' title='bbox 1367 1641 1597 1703; x_wconf 64' lang='lat' dir='ltr'>nunquam</span> <span class='ocrx_word' id='word_1_165' title='bbox 1626 1638 1805 1689; x_wconf 82' lang='lat' dir='ltr'>sublata</span> <span class='ocrx_word' id='word_1_166' title='bbox 1837 1639 1917 1687; x_wconf 87' lang='lat' dir='ltr'>difl</span> 
     </span>
     <span class='ocr_line' id='line_1_23' title="bbox 589 1709 1917 1776; baseline 0.002 -19"><span class='ocrx_word' id='word_1_167' title='bbox 589 1711 792 1759; x_wconf 83' lang='lat' dir='ltr'>turarnm</span> <span class='ocrx_word' id='word_1_168' title='bbox 833 1716 1019 1776; x_wconf 81' lang='lat' dir='ltr'>propter</span> <span class='ocrx_word' id='word_1_169' title='bbox 1048 1711 1281 1762; x_wconf 84' lang='lat' dir='ltr'>unionem.</span> <span class='ocrx_word' id='word_1_170' title='bbox 1316 1728 1345 1758; x_wconf 91' lang='lat'>»</span> <span class='ocrx_word' id='word_1_171' title='bbox 1376 1712 1495 1775; x_wconf 82' lang='lat' dir='ltr'>Ergo</span> <span class='ocrx_word' id='word_1_172' title='bbox 1518 1709 1625 1759; x_wconf 91' lang='lat' dir='ltr'>unio</span> <span class='ocrx_word' id='word_1_173' title='bbox 1651 1721 1743 1759; x_wconf 88' lang='lat' dir='ltr'>non</span> <span class='ocrx_word' id='word_1_174' title='bbox 1768 1712 1842 1760; x_wconf 87' lang='lat' dir='ltr'>est</span> <span class='ocrx_word' id='word_1_175' title='bbox 1879 1711 1917 1759; x_wconf 76' lang='lat' dir='ltr'>se</span> 
     </span>
     <span class='ocr_line' id='line_1_24' title="bbox 592 1779 710 1830; baseline 0.008 -1"><span class='ocrx_word' id='word_1_176' title='bbox 592 1779 710 1830; x_wconf 82' lang='lat' dir='ltr'>tura.</span> 
     </span>
    </p>

    <p class='ocr_par' dir='ltr' id='par_1_6' title="bbox 591 1852 1917 1991">
     <span class='ocr_line' id='line_1_25' title="bbox 662 1852 1917 1918; baseline 0 -15"><span class='ocrx_word' id='word_1_177' title='bbox 662 1853 680 1917; x_wconf 92' lang='lat'>(</span> <span class='ocrx_word' id='word_1_178' title='bbox 707 1854 993 1904; x_wconf 66' lang='lat' dir='ltr'>Conmusto.</span> <span class='ocrx_word' id='word_1_179' title='bbox 1020 1879 1081 1891; x_wconf 89' lang='lat'><em>-</em></span> <span class='ocrx_word' id='word_1_180' title='bbox 1098 1852 1382 1918; x_wconf 79' lang='lat' dir='ltr'>Impossibile</span> <span class='ocrx_word' id='word_1_181' title='bbox 1424 1857 1493 1904; x_wconf 84' lang='lat' dir='ltr'>est</span> <span class='ocrx_word' id='word_1_182' title='bbox 1532 1852 1754 1903; x_wconf 83' lang='lat' dir='ltr'>incarnati</span> <span class='ocrx_word' id='word_1_183' title='bbox 1786 1852 1917 1904; x_wconf 73' lang='lat' dir='ltr'>Verbi</span> 
     </span>
     <span class='ocr_line' id='line_1_26' title="bbox 591 1921 1210 1991; baseline 0.003 -18"><span class='ocrx_word' id='word_1_184' title='bbox 591 1921 756 1974; x_wconf 77' lang='lat' dir='ltr'>factam</span> <span class='ocrx_word' id='word_1_185' title='bbox 781 1937 881 1975; x_wconf 85' lang='lat' dir='ltr'>esse</span> <span class='ocrx_word' id='word_1_186' title='bbox 914 1925 960 1974; x_wconf 89' lang='lat' dir='ltr'>in</span> <span class='ocrx_word' id='word_1_187' title='bbox 992 1924 1210 1991; x_wconf 79' lang='lat' dir='ltr'>natura.)</span> 
     </span>
    </p>

    <p class='ocr_par' dir='ltr' id='par_1_7' title="bbox 594 1994 1917 2492">
     <span class='ocr_line' id='line_1_27' title="bbox 656 1994 1891 2061; baseline 0 -16"><span class='ocrx_word' id='word_1_188' title='bbox 656 1994 925 2060; x_wconf 85' lang='lat' dir='ltr'>Respondeo</span> <span class='ocrx_word' id='word_1_189' title='bbox 953 1996 1219 2057; x_wconf 81' lang='lat' dir='ltr'>dicendum,</span> <span class='ocrx_word' id='word_1_190' title='bbox 1240 1995 1359 2061; x_wconf 78' lang='lat' dir='ltr'>quod</span> <span class='ocrx_word' id='word_1_191' title='bbox 1391 1996 1447 2046; x_wconf 76' lang='lat' dir='ltr'>ad</span> <span class='ocrx_word' id='word_1_192' title='bbox 1467 1996 1605 2061; x_wconf 82' lang='lat' dir='ltr'><strong>hujus</strong></span> <span class='ocrx_word' id='word_1_193' title='bbox 1628 1994 1891 2059; x_wconf 82' lang='lat' dir='ltr'>quaestionis</span> 
     </span>
     <span class='ocr_line' id='line_1_28' title="bbox 595 2066 1917 2133; baseline 0.001 -17"><span class='ocrx_word' id='word_1_194' title='bbox 595 2071 772 2130; x_wconf 82' lang='lat' dir='ltr'>oportet</span> <span class='ocrx_word' id='word_1_195' title='bbox 797 2068 1081 2119; x_wconf 83' lang='lat' dir='ltr'>considerare</span> <span class='ocrx_word' id='word_1_196' title='bbox 1101 2069 1209 2133; x_wconf 88' lang='lat' dir='ltr'>quid</span> <span class='ocrx_word' id='word_1_197' title='bbox 1238 2068 1297 2119; x_wconf 87' lang='lat' dir='ltr'>sit</span> <span class='ocrx_word' id='word_1_198' title='bbox 1322 2071 1526 2118; x_wconf 79' lang='lat' dir='ltr'>natura.</span> <span class='ocrx_word' id='word_1_199' title='bbox 1556 2066 1801 2117; x_wconf 85' lang='lat' dir='ltr'><strong>Sciendum</strong></span> <span class='ocrx_word' id='word_1_200' title='bbox 1830 2080 1917 2129; x_wconf 78' lang='lat' dir='ltr'>erg·</span> 
     </span>
     <span class='ocr_line' id='line_1_29' title="bbox 595 2138 1917 2202; baseline 0 -15"><span class='ocrx_word' id='word_1_201' title='bbox 595 2150 703 2187; x_wconf 86' lang='lat' dir='ltr'>men</span> <span class='ocrx_word' id='word_1_202' title='bbox 745 2142 944 2188; x_wconf 79' lang='lat' dir='ltr'>natur-oe</span> <span class='ocrx_word' id='word_1_203' title='bbox 974 2138 1001 2188; x_wconf 64' lang='lat' dir='ltr'>h</span> <span class='ocrx_word' id='word_1_204' title='bbox 1025 2141 1251 2190; x_wconf 86' lang='lat' dir='ltr'>nascendo</span> <span class='ocrx_word' id='word_1_205' title='bbox 1280 2144 1351 2191; x_wconf 86' lang='lat' dir='ltr'>est</span> <span class='ocrx_word' id='word_1_206' title='bbox 1375 2139 1548 2190; x_wconf 79' lang='lat' dir='ltr'>dictum</span> <span class='ocrx_word' id='word_1_207' title='bbox 1582 2140 1656 2189; x_wconf 79' lang='lat' dir='ltr'>vel</span> <span class='ocrx_word' id='word_1_208' title='bbox 1684 2143 1917 2202; x_wconf 87' lang='lat' dir='ltr'>sumptum</span> 
     </span>
     <span class='ocr_line' id='line_1_30' title="bbox 594 2209 1910 2274; baseline 0.001 -17"><span class='ocrx_word' id='word_1_209' title='bbox 594 2209 740 2272; x_wconf 86' lang='lat' dir='ltr'>primo</span> <span class='ocrx_word' id='word_1_210' title='bbox 769 2213 838 2260; x_wconf 83' lang='lat' dir='ltr'>est</span> <span class='ocrx_word' id='word_1_211' title='bbox 860 2210 1118 2274; x_wconf 82' lang='lat' dir='ltr'>impositum</span> <span class='ocrx_word' id='word_1_212' title='bbox 1156 2213 1244 2261; x_wconf 87' lang='lat' dir='ltr'>hoc</span> <span class='ocrx_word' id='word_1_213' title='bbox 1272 2224 1440 2263; x_wconf 89' lang='lat' dir='ltr'>nomen</span> <span class='ocrx_word' id='word_1_214' title='bbox 1470 2211 1529 2261; x_wconf 81' lang='lat' dir='ltr'>ad</span> <span class='ocrx_word' id='word_1_215' title='bbox 1562 2210 1910 2273; x_wconf 80' lang='lat' dir='ltr'>significandum</span> 
     </span>
     <span class='ocr_line' id='line_1_31' title="bbox 597 2277 1872 2347; baseline 0 -17"><span class='ocrx_word' id='word_1_216' title='bbox 597 2294 704 2331; x_wconf 87' lang='lat' dir='ltr'>nem</span> <span class='ocrx_word' id='word_1_217' title='bbox 729 2282 985 2332; x_wconf 80' lang='lat' dir='ltr'>viventium</span> <span class='ocrx_word' id='word_1_218' title='bbox 1004 2320 1017 2345; x_wconf 91' lang='lat'><strong>,</strong></span> <span class='ocrx_word' id='word_1_219' title='bbox 1053 2295 1155 2346; x_wconf 82' lang='lat' dir='ltr'>quae</span> <span class='ocrx_word' id='word_1_220' title='bbox 1189 2285 1437 2332; x_wconf 78' lang='lat' dir='ltr'>nativitas</span> <span class='ocrx_word' id='word_1_221' title='bbox 1474 2282 1551 2333; x_wconf 78' lang='lat' dir='ltr'>vel</span> <span class='ocrx_word' id='word_1_222' title='bbox 1589 2277 1872 2347; x_wconf 75' lang='lat' dir='ltr'>pullulatio</span> 
     </span>
     <span class='ocr_line' id='line_1_32' title="bbox 597 2351 1914 2417; baseline 0.001 -16"><span class='ocrx_word' id='word_1_223' title='bbox 597 2351 770 2404; x_wconf 82' lang='lat' dir='ltr'>dicatur</span> <span class='ocrx_word' id='word_1_224' title='bbox 791 2357 979 2403; x_wconf 84' lang='lat' dir='ltr'>natura</span> <span class='ocrx_word' id='word_1_225' title='bbox 1006 2355 1135 2417; x_wconf 86' lang='lat' dir='ltr'>quasi</span> <span class='ocrx_word' id='word_1_226' title='bbox 1154 2356 1432 2404; x_wconf 76' lang='lat' dir='ltr'>nascitura.</span> <span class='ocrx_word' id='word_1_227' title='bbox 1456 2354 1623 2404; x_wconf 85' lang='lat' dir='ltr'>Deinde</span> <span class='ocrx_word' id='word_1_228' title='bbox 1642 2354 1914 2403; x_wconf 78' lang='lat' dir='ltr'>translatum</span> 
     </span>
     <span class='ocr_line' id='line_1_33' title="bbox 595 2424 1917 2492; baseline 0.002 -19"><span class='ocrx_word' id='word_1_229' title='bbox 595 2430 796 2474; x_wconf 71' lang='lat' dir='ltr'>natura·</span> <span class='ocrx_word' id='word_1_230' title='bbox 834 2426 888 2475; x_wconf 88' lang='lat' dir='ltr'>ad</span> <span class='ocrx_word' id='word_1_231' title='bbox 931 2424 1274 2490; x_wconf 82' lang='lat' dir='ltr'>significandum</span> <span class='ocrx_word' id='word_1_232' title='bbox 1311 2426 1585 2492; x_wconf 80' lang='lat' dir='ltr'>principium</span> <span class='ocrx_word' id='word_1_233' title='bbox 1614 2424 1754 2490; x_wconf 83' lang='lat' dir='ltr'><strong>hujus</strong></span> <span class='ocrx_word' id='word_1_234' title='bbox 1788 2434 1917 2492; x_wconf 78' lang='lat' dir='ltr'>geue]</span> 
     </span>
    </p>
   </div>
   <div class='ocr_carea' id='block_1_3' title="bbox 595 2594 1915 2785">
    <p class='ocr_par' dir='ltr' id='par_1_8' title="bbox 595 2594 1915 2785">
     <span class='ocr_line' id='line_1_34' title="bbox 597 2594 1915 2658; baseline 0.002 -16"><span class='ocrx_word' id='word_1_235' title='bbox 597 2604 699 2643; x_wconf 78' lang='lat' dir='ltr'>rum</span> <span class='ocrx_word' id='word_1_236' title='bbox 726 2598 832 2643; x_wconf 84' lang='lat' dir='ltr'>dist.</span> <span class='ocrx_word' id='word_1_237' title='bbox 871 2596 928 2658; x_wconf 83' lang='lat'>5,</span> <span class='ocrx_word' id='word_1_238' title='bbox 955 2609 1035 2656; x_wconf 80' lang='lat' dir='ltr'>qu.</span> <span class='ocrx_word' id='word_1_239' title='bbox 1078 2597 1104 2643; x_wconf 84' lang='lat'><strong>1</strong></span> <span class='ocrx_word' id='word_1_240' title='bbox 1126 2632 1139 2657; x_wconf 87' lang='lat'><strong>,</strong></span> <span class='ocrx_word' id='word_1_241' title='bbox 1165 2601 1270 2645; x_wconf 58' lang='lat' dir='ltr'>art?</span> <span class='ocrx_word' id='word_1_242' title='bbox 1290 2600 1320 2643; x_wconf 75' lang='lat'><strong>2</strong></span> <span class='ocrx_word' id='word_1_243' title='bbox 1348 2604 1396 2645; x_wconf 88' lang='lat' dir='ltr'>et</span> <span class='ocrx_word' id='word_1_244' title='bbox 1414 2596 1475 2654; x_wconf 79' lang='lat'>3;</span> <span class='ocrx_word' id='word_1_245' title='bbox 1507 2604 1554 2645; x_wconf 84' lang='lat' dir='ltr'>et</span> <span class='ocrx_word' id='word_1_246' title='bbox 1584 2594 1767 2645; x_wconf 77' lang='lat' dir='ltr'>Contra</span> <span class='ocrx_word' id='word_1_247' title='bbox 1789 2595 1915 2645; x_wconf 67' lang='lat' dir='ltr'>Gom</span> 
     </span>
     <span class='ocr_line' id='line_1_35' title="bbox 595 2657 1908 2722; baseline 0.002 -16"><span class='ocrx_word' id='word_1_248' title='bbox 595 2671 701 2717; x_wconf 77' lang='lat' dir='ltr'>cap.</span> <span class='ocrx_word' id='word_1_249' title='bbox 723 2660 801 2720; x_wconf 76' lang='lat'>35,</span> <span class='ocrx_word' id='word_1_250' title='bbox 824 2660 909 2719; x_wconf 62' lang='lat'>³7,</span> <span class='ocrx_word' id='word_1_251' title='bbox 931 2660 989 2707; x_wconf 70' lang='lat'>41</span> <span class='ocrx_word' id='word_1_252' title='bbox 1011 2667 1089 2715; x_wconf 82' lang='lat' dir='ltr'>;et</span> <span class='ocrx_word' id='word_1_253' title='bbox 1112 2662 1157 2707; x_wconf 82' lang='lat' dir='ltr'>in</span> <span class='ocrx_word' id='word_1_254' title='bbox 1180 2668 1347 2720; x_wconf 60' lang='lat' dir='ltr'>quest.</span> <span class='ocrx_word' id='word_1_255' title='bbox 1369 2657 1539 2720; x_wconf 74' lang='lat' dir='ltr'>disput.</span> <span class='ocrx_word' id='word_1_256' title='bbox 1567 2660 1624 2708; x_wconf 80' lang='lat' dir='ltr'>de</span> <span class='ocrx_word' id='word_1_257' title='bbox 1643 2662 1801 2722; x_wconf 64' lang='lat' dir='ltr'>verit„</span> <span class='ocrx_word' id='word_1_258' title='bbox 1824 2671 1908 2721; x_wconf 82' lang='lat' dir='ltr'>qu.</span> 
     </span>
     <span class='ocr_line' id='line_1_36' title="bbox 598 2722 1551 2785; baseline 0.002 -16"><span class='ocrx_word' id='word_1_259' title='bbox 598 2730 646 2770; x_wconf 83' lang='lat' dir='ltr'>et</span> <span class='ocrx_word' id='word_1_260' title='bbox 676 2724 877 2782; x_wconf 69' lang='lat' dir='ltr'>opusc„</span> <span class='ocrx_word' id='word_1_261' title='bbox 898 2726 992 2783; x_wconf 88' lang='lat'>111,</span> <span class='ocrx_word' id='word_1_262' title='bbox 1020 2731 1124 2783; x_wconf 70' lang='lat' dir='ltr'>cap.</span> <span class='ocrx_word' id='word_1_263' title='bbox 1146 2724 1235 2770; x_wconf 78' lang='lat'>211</span> <span class='ocrx_word' id='word_1_264' title='bbox 1259 2758 1271 2785; x_wconf 89' lang='lat'>,</span> <span class='ocrx_word' id='word_1_265' title='bbox 1298 2722 1408 2785; x_wconf 67' lang='lat'>212,</span> <span class='ocrx_word' id='word_1_266' title='bbox 1436 2724 1551 2771; x_wconf 70' lang='lat'>225.</span> 
     </span>
    </p>
   </div>
   <div class='ocr_carea' id='block_1_4' title="bbox 601 2796 1917 2930">
    <p class='ocr_par' dir='ltr' id='par_1_9' title="bbox 601 2796 1917 2930">
     <span class='ocr_line' id='line_1_37' title="bbox 667 2796 1917 2859; baseline 0.003 -18"><span class='ocrx_word' id='word_1_267' title='bbox 667 2796 728 2857; x_wconf 81' lang='lat'>(1)</span> <span class='ocrx_word' id='word_1_268' title='bbox 751 2800 821 2843; x_wconf 78' lang='lat' dir='ltr'>Ex</span> <span class='ocrx_word' id='word_1_269' title='bbox 839 2797 924 2843; x_wconf 83' lang='lat' dir='ltr'><strong>lib.</strong></span> <span class='ocrx_word' id='word_1_270' title='bbox 944 2800 1008 2844; x_wconf 81' lang='lat' dir='ltr'>V.</span> <span class='ocrx_word' id='word_1_271' title='bbox 1032 2796 1263 2857; x_wconf 68' lang='lat' dir='ltr'>Metaph„</span> <span class='ocrx_word' id='word_1_272' title='bbox 1285 2801 1399 2843; x_wconf 84' lang='lat' dir='ltr'>text.</span> <span class='ocrx_word' id='word_1_273' title='bbox 1420 2796 1450 2841; x_wconf 81' lang='lat'><strong>5</strong></span> <span class='ocrx_word' id='word_1_274' title='bbox 1466 2798 1565 2845; x_wconf 76' lang='lat' dir='ltr'>sive</span> <span class='ocrx_word' id='word_1_275' title='bbox 1589 2796 1766 2859; x_wconf 52' lang='lat' dir='ltr'>camb,</span> <span class='ocrx_word' id='word_1_276' title='bbox 1788 2796 1876 2843; x_wconf 76' lang='lat' dir='ltr'>uhi</span> <span class='ocrx_word' id='word_1_277' title='bbox 1895 2811 1917 2845; x_wconf 82' lang='lat' dir='ltr'>e</span> 
     </span>
     <span class='ocr_line' id='line_1_38' title="bbox 601 2859 1523 2930; baseline 0 -23"><span class='ocrx_word' id='word_1_278' title='bbox 601 2859 775 2929; x_wconf 65' lang='grc' dir='ltr'>φύισθα</span> <span class='ocrx_word' id='word_1_279' title='bbox 798 2860 966 2907; x_wconf 69' lang='lat' dir='ltr'>dicitnr</span> <span class='ocrx_word' id='word_1_280' title='bbox 989 2860 1149 2930; x_wconf 71' lang='grc' dir='ltr'>φύσις,</span> <span class='ocrx_word' id='word_1_281' title='bbox 1174 2861 1343 2907; x_wconf 69' lang='lat' dir='ltr'>endem</span> <span class='ocrx_word' id='word_1_282' title='bbox 1364 2869 1523 2907; x_wconf 75' lang='lat' dir='ltr'>sensu.</span> 
     </span>
    </p>
   </div>
  </div>
 </body>
</html>
