1917 3317
94 179 124 213 nn
140 178 254 217 sumnum
271 179 354 217 cunum
370 180 416 218 vnn
432 182 519 223 munst
534 183 617 221 sumn
634 186 737 223 cnnrsn.
772 171 820 224 195

37 257 130 313 ¹paratas
142 254 185 318 (1).
198 254 279 306 Potuit
297 254 367 317 igitur
384 255 511 321 intelligere
526 272 572 310 non
584 264 740 313 convertendo
752 276 777 313 se
792 265 820 315 ad

49 329 180 378 tannasara.

47 402 57 458 1
65 397 203 448 Coumnsro.
218 424 250 434 —
263 395 322 447 Cium
337 397 443 449 Christus
462 401 530 451 luerit
546 403 620 455 viator
634 409 658 454 et
670 409 824 469 comprehen-

36 485 63 521 1.
79 483 117 530 per
132 470 255 522 minutiam
269 469 368 520 inditam
380 472 458 534 potuit
477 473 604 538 intelligere
621 476 690 526 etiam
705 479 754 528 sine
768 493 823 529 con·

49 542 118 591 ,sione
130 543 157 592 ad
168 543 362 606 phantasmata.)

50 615 179 675 despondeo
188 615 326 677 dicendum,
337 615 398 678 quod
407 616 511 668 Christus
521 618 544 666 in
553 623 614 671 statu
626 626 679 671 ante
689 614 821 685 passionem

51 691 56 732 t
78 686 142 736 simul
162 687 238 738 uiator
259 689 286 736 et
306 689 499 752 comprehensor,
513 694 539 740 ut
559 692 618 742 inira
641 695 713 756 mags
734 695 825 757 patebit

54 772 75 804 u.
89 761 129 818 15,
142 761 184 808 art.
200 757 260 821 ao).
277 759 308 807 Et
325 759 441 823 precipue
460 761 551 823 quidem
564 764 705 815 conditiones
723 767 820 817 viatoris

50 829 92 877 ’111
106 843 133 878 ex
152 835 218 894 parte
234 831 351 894 corporis,
371 831 522 895 inquantum
541 835 584 884 init
600 837 724 900 passibile3
741 839 821 888 condi·

64 916 86 949 ιι
102 902 153 954 rerd
171 902 374 964 comprehensoris
394 903 493 955 maxime
510 906 589 955 habuit
604 921 633 957 ex
651 913 715 971 parte
736 901 825 961 animi

50 975 162 1026 ellectirae.
183 975 226 1022 list
242 977 320 1022 antem
334 974 384 1022 baec
397 976 498 1025 conditio
510 977 592 1028 animas
610 982 817 1042 comprehensoris,

55 1047 112 1095 tullo
131 1046 202 1096 modo
225 1045 339 1094 subdatur
354 1058 395 1095 suo
414 1047 519 1110 corpori,
536 1052 576 1097 aut
591 1048 619 1099 ab
633 1063 660 1100 eo
674 1051 818 1114 dependeat,

69 1118 167 1168 totaliter
185 1117 208 1168 ci
225 1116 373 1178 dominatum
389 1116 449 1168 nude
467 1121 561 1181 etpost
579 1123 765 1172 resurrectionem
783 1136 813 1173 ex

55 1205 86 1237 aa
102 1191 173 1250 gloria
190 1187 331 1240 redundabit
344 1189 371 1236 ad
386 1201 475 1251 corpus.
488 1191 522 1239 Ex
532 1193 576 1241 boc
591 1197 668 1242 antem
683 1195 759 1244 anima
773 1196 822 1246 bo-

65 1276 80 1309 :s
92 1261 188 1312 viatoris
200 1259 294 1322 indiget
306 1259 335 1308 ad
351 1261 512 1323 phantasmata
522 1264 634 1325 conuerti,
648 1265 709 1328 qubd
723 1271 758 1315 est
771 1279 821 1316 cor-

77 1335 187 1398 obtigata,
205 1335 231 1382 et
254 1331 422 1393 quodammodo
434 1332 456 1384 ei
470 1333 589 1397 subjecta,
605 1340 629 1385 et
642 1336 670 1386 ab
689 1349 717 1386 eo
734 1338 821 1400 depen-

57 1419 72 1452 -·.
93 1407 118 1455 ut
127 1407 184 1457 idea
198 1403 287 1453 animae
304 1402 377 1453 beata
384 1439 393 1466 ,
405 1407 428 1453 et
441 1407 496 1454 ante
509 1407 697 1457 resurrectionem
710 1410 734 1456 et
751 1411 819 1471 post,

68 1479 134 1537 agere
152 1477 260 1542 possum
281 1473 368 1536 absque
385 1475 534 1526 conversione
553 1478 580 1526 ad
599 1479 768 1540 phantasmata.
792 1479 821 1527 lit

68 1549 132 1600 utiam
146 1549 247 1614 oportet
261 1545 336 1595 dicere
349 1545 377 1594 de
391 1545 467 1596 anima
480 1547 582 1610 Christi,
597 1561 648 1610 qne
660 1546 727 1611 pient
742 1547 823 1597 habuit

55 1624 134 1670 >talem
146 1616 364 1684 comprehensoris.

58 1693 70 1738 l
80 1693 180 1754 primum
194 1703 255 1755 ergo
269 1689 406 1750 dicendum,
418 1688 478 1754 qndd
494 1689 617 1742 similitudo
628 1690 668 1740 illa
681 1703 749 1754 quam
762 1689 822 1740 Phi-

64 1768 111 1817 ·hus
124 1764 213 1830 ponit,
232 1774 284 1812 non
304 1761 429 1812 attenditur
444 1767 552 1825 quantam
565 1764 595 1813 ad
611 1763 697 1813 omnia.
714 1761 822 1812 libanites·

57 1824 97 1885 'ast
107 1837 174 1888 enirn
189 1833 259 1898 qudd
274 1831 329 1880 bnis
344 1832 453 1896 potentia
470 1833 549 1883 risina
562 1837 600 1882 est
610 1845 747 1897 cognoscere
761 1832 823 1883 colo·

51 1909 124 1958 ‚linis
142 1911 230 1958 autem
254 1903 367 1968 wanlin
391 1903 537 1954 intellectiva
560 1909 660 1956 nonest
684 1915 824 1966 cognoscere

60 1984 178 2042 caumata,
199 1979 245 2028 sed
267 1987 407 2038 cognoscere
427 1975 516 2055 ¹species
528 1974 696 2043 intelligibiles,
709 1987 766 2039 quas
779 1987 822 2038 ap·

61 2053 144 2103 audita
155 2047 370 2118 phantasmatibus
391 2046 433 2096 sl
427 2059 452 2095 m
466 2047 676 2110 phantasmatibus,
696 2045 822 2096 secundam

60 2139 85 2172 m
97 2121 227 2188 presentis
240 2119 310 2169 vitm.
321 2117 363 2166 llst
375 2117 447 2180 igitur
459 2116 583 2168 similitudo
590 2121 721 2180 ,quantam
734 2117 762 2165 ad
777 2117 822 2166 boc

61 2211 84 2244 ,ιι
85 2198 103 2246 d
115 2195 207 2262 aspicit
219 2196 325 2253 utraque
336 2187 457 2252 potentia,
468 2201 516 2239 nnn
527 2192 604 2238 autem
618 2193 728 2252 qnantum
740 2188 768 2237 ad
777 2189 824 2238 hoc

65 2271 233 2330 obrutusque
256 2261 371 2326 potentiae
385 2258 486 2310 conditio
504 2260 646 2310 terminatur.
663 2259 726 2309 Nihil
745 2261 821 2308 autem

67 2339 107 2388 bet
123 2335 263 2392 secundnm
283 2332 389 2382 diuersos
405 2332 477 2380 status
493 2343 523 2380 ex
545 2329 643 2380 dirersis
655 2344 704 2380 rem
723 2330 822 2392 aliquam

63 2424 108 2458 emm
117 2410 188 2461 linem
203 2405 322 2465 tendere3
338 2401 392 2452 finis
404 2405 481 2451 tamen
493 2401 597 2466 proprius
608 2401 705 2463 alicujus
715 2401 749 2451 rei
762 2413 822 2450 sem·

65 2487 94 2528 ast
109 2497 181 2532 unns.
201 2479 234 2529 Et
252 2476 326 2535 ideo,
340 2471 468 2523 licetvisus
472 2473 538 2522 adsit
552 2469 673 2536 cognostat
687 2473 773 2535 absque
782 2483 823 2520 co-

70 2552 213 2603 inhhectns
227 2554 314 2600 tamen
334 2542 459 2595 secundnm
475 2544 573 2611 aliquem
592 2547 675 2594 statnm
689 2545 756 2611 poles
770 2555 825 2611 cog·

65 2634 101 2672 are
113 2623 200 2689 absque
214 2620 394 2686 phantasmate,
406 2615 447 2666 sed
463 2628 510 2669 nnn
525 2616 610 2681 absque
624 2613 701 2679 specie
713 2612 821 2676 intelligi·

55 2763 76 2810 al
92 2768 215 2818 semndnm
235 2761 383 2822 meandum,
402 2755 464 2822 gudd
483 2756 538 2813 liubi
553 2757 630 2811 anima
649 2755 735 2809 Chriati
751 2752 824 2806 luerit

59 2905 78 2967 ¹'t
90 2912 135 2958 Hoc
143 2912 205 2959 esth
216 2907 365 2967 corporibus
376 2903 466 2954 ethnan
474 2904 569 2952 omnim
579 2914 609 2951 ac
617 2905 730 2958 unctas,
738 2896 822 2954 quum
