1917 3317
128 168 175 214 tlte
311 175 372 212 rana
387 175 428 224 ue,
446 174 540 220 oum.
559 174 618 222 van,
635 173 692 213 aar.
711 174 746 210 m.

126 252 227 303 condhm
244 249 347 299 diversos
369 251 451 312 padus
469 248 564 312 :primo
587 248 650 301 enim
671 254 695 299 et
712 246 873 313 principaliter,
888 249 916 295 est

127 328 197 388 capnt
210 337 287 373 eornm
300 322 340 385 qui
348 326 399 371 actu
408 322 518 371 uniuntur
531 321 553 372 ei
562 334 602 384 per
613 318 835 385 gloriam3aecnndd,
850 330 916 369 eornm

127 396 167 460 qui
179 400 230 444 actu
248 394 357 443 uniuntur
371 394 393 442 ei
406 407 447 457 per
461 394 609 456 charitatem
626 393 709 453 tertid,
729 406 806 443 eoram
823 392 862 455 qui
877 395 917 438 acln

127 466 237 515 uniuntur
254 465 276 514 ei
294 478 335 528 per
354 464 434 527 fidem3
452 464 534 528 qnartd
549 464 619 527 verd,
631 478 712 515 eorum
731 463 806 528 quiet
819 464 916 513 uniuntur

128 536 201 588 eoldrn
215 535 355 599 inpotentia
375 536 476 584 noudum
490 536 581 585 reducta
593 537 621 587 ad
635 540 727 597 actum,
742 551 793 599 qnae
807 542 880 586 tamen
891 537 916 582 est

128 610 158 661 ad
177 613 253 659 aetum
278 607 405 659 reducenda
427 608 552 658 secundum
574 608 677 659 hainam
695 610 914 673 praedestinatiana:

128 679 209 745 quinto
221 679 289 739 vend,
305 692 385 729 eorum
402 678 480 741 quiin
494 680 664 742 potentiasunt
682 680 704 731 ei
721 681 796 744 uniti,
811 695 863 745 qna
875 693 917 727 nnn·

128 766 197 815 quam
214 752 334 803 reducetur
354 751 380 801 ad
399 755 490 813 actum,
506 752 565 801 sicut
582 752 689 803 homines
702 753 727 801 in
737 754 782 802 hoc
793 754 876 803 mnndo
890 750 917 796 u-

129 829 226 884 venus,
238 822 278 887 qni
290 836 335 871 non
350 826 403 872 sunt
412 823 587 885 praedestinati,
604 823 643 886 qni
656 828 734 874 mmen
751 836 783 874 ex
797 826 843 875 hoc
856 818 919 887 sarni

129 895 274 955 recedentes,
289 894 388 944 totaliter
401 893 511 943 desinunt
529 908 581 944 esse
595 895 698 945 mamhra
708 895 810 961 Christi;
826 897 876 960 qnia
885 892 919 953 jad

131 977 175 1015 nec
190 966 277 1015 suntin
291 964 394 1027 potentia
413 972 439 1013 ut
452 965 544 1015 christo
555 965 674 1017 uniantur.

163 1036 197 1084 nd
210 1037 308 1098 prirnnrn
322 1048 374 1096 ergo
386 1035 521 1098 dicendum,
532 1035 594 1099 qnod
607 1037 640 1086 illi
651 1038 691 1101 qni
707 1041 761 1087 sunt
771 1034 919 1101 infideleseu

132 1109 186 1157 actu
197 1120 243 1156 non
257 1106 303 1155 sint
317 1108 345 1157 de
359 1105 475 1166 Ecclesia,
486 1111 539 1157 sunt
550 1113 626 1157 tamen
637 1109 666 1159 de
677 1108 780 1161 Ecclesia
795 1110 820 1159 in
830 1102 919 1175 potentat

133 1180 188 1237 Qua
201 1177 292 1239 qnidam
311 1178 413 1240 potentia
427 1178 452 1226 in
465 1178 554 1229 dnobus
570 1179 696 1231 tundatur:
713 1180 792 1244 primo
811 1183 894 1245 quiden
906 1178 919 1223 d

132 1249 298 1312 principaliter,
308 1248 333 1299 in
343 1249 428 1299 uirtute
444 1249 543 1313 Christi,
558 1265 608 1313 quae
621 1254 659 1301 est
672 1252 792 1303 sufficiens
804 1255 834 1303 ad
847 1254 915 1303 salnen

132 1321 204 1373 totins
220 1319 314 1371 humuli
331 1320 436 1382 generis;
457 1320 602 1382 secundarit,
616 1322 641 1371 in
655 1322 744 1373 arbitrii
757 1322 873 1375 libertate.
918 1350 919 1355 =

165 1392 332 1443 desecandum
345 1393 474 1455 dicendum,
482 1393 543 1457 qnhd
552 1407 605 1445 esse
613 1394 741 1445 Ecclesiam
755 1396 878 1457 gloriosam
888 1406 916 1443 ru

132 1464 254 1515 habentem
273 1464 387 1515 maculam
397 1478 471 1527 neqne
485 1479 563 1527 rugam
574 1504 581 1528 ,
593 1470 630 1515 est
640 1465 736 1517 mhmns
749 1469 822 1533 linis,
837 1471 862 1520 ad
871 1476 917 1531 qnen

133 1536 278 1601 perducimur
291 1549 331 1599 per
345 1535 475 1599 passionem
489 1536 579 1587 Christi.
591 1538 654 1587 Unde
671 1539 715 1588 hoc
729 1538 774 1589 erit
792 1542 820 1590 in
829 1546 884 1591 etatn
894 1550 919 1598 pr·

134 1609 200 1669 tria,
215 1623 262 1660 non
277 1612 354 1659 autern
367 1608 392 1657 in
410 1611 471 1657 statu
488 1608 546 1670 vim,
561 1608 585 1659 in
601 1622 647 1672 quo
662 1626 676 1659 u
692 1608 712 1661 si
728 1610 873 1674 dixerimus,
886 1620 919 1671 qni

135 1683 252 1743 peccatum
267 1679 453 1737 contrahemus,
468 1691 511 1729 noe
525 1679 588 1743 ipsos
602 1680 744 1742 seducimus,
759 1698 773 1728 u
788 1687 817 1732 ut
830 1682 899 1732 dicitnr
912 1716 915 1722 .

136 1752 219 1804 loon..
237 1749 255 1797 l.
269 1751 327 1798 Sunt
338 1752 415 1799 tamen
427 1750 546 1812 quaedam,
562 1750 649 1800 scilieet
668 1752 793 1813 mortalia,
809 1754 888 1818 quihrn
899 1764 916 1795 r-

136 1823 188 1871 rent
200 1819 233 1869 illi
244 1820 284 1883 qni
297 1824 350 1869 sunt
361 1820 463 1871 mamhra
484 1821 569 1873 Christi
581 1836 622 1885 per
636 1823 750 1873 actualem
765 1826 875 1877 unionem
887 1824 906 1869 nl

137 1890 219 1941 citatis.
238 1892 282 1951 Qui
298 1905 351 1941 vero
368 1891 404 1941 his
424 1893 551 1943 subduntur
568 1894 683 1957 peccatis,
698 1908 746 1945 non
766 1901 826 1947 sunt
847 1903 913 1945 menn.

137 1962 223 2013 Christi
236 1964 367 2025 actualiter,
380 1964 421 2013 sed
435 1964 600 2028 potentialiter,
613 1965 658 2015 nisi
672 1965 732 2017 torte
749 1966 904 2031 imperfecte:

137 2034 205 2085 fldem
221 2034 362 2098 informem,
377 2048 429 2098 qna
450 2035 501 2085 unit
517 2036 608 2087 Christo
627 2037 755 2088 secundiani
777 2040 906 2103 qnid,el1.

137 2105 286 2169 simpliciter,
297 2111 322 2156 ut
336 2106 423 2157 scihcet
436 2120 476 2169 per
485 2108 601 2159 Christum
614 2110 685 2159 hono
699 2116 859 2173 consequatur
876 2106 920 2156 riht

138 2178 227 2239 gratiae.
247 2177 322 2227 Fides
334 2180 403 2228 enim
421 2180 475 2227 sine
493 2180 611 2243 operibus
625 2183 728 2229 crcortno
747 2185 805 2239 eet,
822 2186 847 2233 nt
865 2181 901 2229 dn
917 2184 920 2223 l

138 2249 232 2305 Jacob„
245 2252 272 2301 ll.
290 2250 422 2314 Percipiunt
437 2254 514 2301 tamen
526 2251 608 2301 talesh
622 2251 713 2303 Christo
727 2255 855 2317 quemdam
873 2258 920 2300 aunt

138 2318 209 2384 ritae,
224 2321 264 2385 qui
283 2325 318 2372 est
331 2321 439 2383 credere;
458 2321 519 2371 siem
538 2322 558 2373 si
572 2322 698 2373 membrum
715 2324 879 2376 mortificatum
897 2330 920 2366 dt

139 2396 220 2443 veatnr
233 2392 360 2456 aliqualiter
373 2394 402 2442 ab
423 2393 526 2444 homine.

171 2466 205 2513 hd
224 2464 316 2515 tertinrn
336 2465 473 2525 dicendum,
489 2464 548 2527 qudd
568 2465 640 2515 sancti
654 2466 736 2517 Patres
749 2479 799 2517 non
812 2464 920 2517 insistent

140 2533 295 2586 Sacramentis
318 2536 431 2597 legalibus
454 2538 563 2598 tanquam
581 2534 715 2599 quibusdam
730 2536 819 2600 rebus,
830 2537 868 2589 ced
888 2534 920 2581 no

139 2605 277 2669 imaginihus
298 2612 323 2658 et
341 2606 428 2658 umhrie
449 2607 586 2657 futurorum.
602 2608 663 2657 ldeur
681 2610 759 2659 autem
776 2612 813 2661 est
831 2611 918 2659 motus*

140 2676 280 2741 imaginem,
296 2678 320 2729 in
336 2678 445 2743 quantiam
466 2682 501 2729 est
517 2677 605 2741 imago,
621 2681 644 2727 et
662 2678 687 2727 in
707 2691 774 2740 rem,
788 2683 816 2731 ut
829 2680 889 2743 patet
901 2690 911 2735 p

141 2749 305 2815 Philosophum
313 2749 338 2797 in
349 2748 390 2797 lih.
402 2749 439 2797 De
449 2750 574 2797 anemoria
583 2751 607 2797 et
618 2749 824 2802 reminiscentia
836 2751 893 2814 (cap.
905 2749 914 2791 l

142 2820 172 2871 Et
189 2821 240 2872 ideo
258 2819 346 2883 antiqui
363 2824 457 2884 patres,
471 2821 581 2871 servando
604 2820 686 2883 legalla
706 2820 873 2881 Senamontai,
889 2820 919 2867 lc

141 2889 224 2944 tantm
236 2893 262 2942 in
272 2890 388 2943 Christum
400 2904 442 2955 per
456 2891 524 2941 lidern
538 2895 562 2941 et
573 2890 718 2943 dilectionem
730 2894 855 2957 eamdem,
869 2903 920 2954 qnan
