1917 3317
136 107 181 156 tto
327 118 388 158 rm
403 121 444 169 nr,
462 120 555 166 opnor.
572 122 622 173 mr,
639 122 696 161 aar.
714 125 740 161 u.

134 194 198 244 tiam
207 193 317 245 Similiter
330 195 410 259 etlam,
422 194 446 245 in
460 201 569 259 quantum
579 201 613 247 est
623 198 722 249 Verbum
734 200 789 263 llei,
802 202 877 253 babuit
890 202 915 250 ia·

133 266 240 317 mitatem
257 266 335 317 omnia
353 265 412 317 bene
435 268 545 331 operandi
564 270 697 334 operatione
720 271 811 336 diviua3
826 274 863 325 ted
878 272 916 337 quia

131 341 214 401 prator
235 336 389 401 operationem
403 336 503 388 monam
519 342 611 403 oportet
623 341 680 405 poni
697 340 723 391 in
742 356 769 393 eo
783 344 916 407 operationem

132 408 270 469 humanam,
283 412 310 457 ut
318 406 377 458 iniri
389 408 475 472 patebit
486 410 535 475 (qu.
547 414 586 474 19,
596 414 640 461 art.
653 412 687 475 3),
699 414 798 478 oportuit
812 414 836 465 iu
844 429 869 467 eo
879 429 916 466 esso

131 479 270 531 habitualem
281 480 385 543 gratiam,
395 493 438 545 per
452 493 521 545 quam
533 482 665 547 hujusmodi
679 485 781 550 operatio
793 486 818 537 in
830 500 856 538 eo
870 495 916 539 esset

131 550 243 616 perfecta.

162 621 197 672 nd
214 620 308 672 tertium
322 620 456 686 dioendnm‘,
470 622 532 687 qubd
546 625 678 675 humanitas
695 628 780 680 Christi
797 633 832 681 est
848 629 917 679 instro

128 696 232 744 menium
245 692 379 758 divinitatio,
393 707 440 745 non
451 694 543 759 quidem
553 695 614 746 aient
627 697 802 751 instmmentom
818 701 916 751 inanima·

127 767 192 827 tum,
206 764 267 828 quod
283 765 345 815 nullo
363 766 429 816 modo
443 766 505 830 agit,
525 768 564 817 sei
580 766 654 818 solim
669 771 752 835 agitur,
767 773 806 823 sad
825 777 916 837 anquam

128 835 303 887 instrumentum
317 836 441 887 animatum
453 838 530 889 anima
539 838 658 905 rationali,
670 843 730 906 quod
743 844 777 894 ita
786 844 857 909 agitur
871 842 915 909 poti

130 906 199 958 eiiam
217 907 272 971 agit.
289 908 319 958 lit
333 908 384 959 ideo
399 909 429 959 ad
449 908 632 961 convenientiam
653 912 750 965 aetionis
769 916 867 980 oportuit
880 928 916 966 eur.

129 977 212 1029 babere
224 979 320 1043 gratiam
334 978 484 1031 habitualem.

425 1156 586 1210 turrentes
601 1160 631 1213 ll.

306 1280 391 1326 Utru'tm
400 1283 427 1326 itu
437 1282 634 1340 Christosatert'ot
648 1286 761 1333 virtuter.

160 1405 193 1456 bi
210 1404 333 1455 seeundum
349 1406 384 1457 aie
403 1408 585 1474 proceditur-(t).
607 1409 702 1461 Videtur
725 1413 786 1478 quon
804 1416 830 1465 in
847 1417 915 1468 [lirim

128 1489 174 1529 non
189 1476 274 1528 luerint
286 1476 389 1527 virtutes.
404 1478 507 1529 Christus
524 1481 586 1531 enim
600 1481 680 1532 habuit
694 1484 859 1539 abundantiam
878 1499 916 1551 gra·

127 1549 175 1602 tia.
191 1549 238 1601 Sei
257 1549 330 1613 gratia
348 1548 477 1601 sumerton
493 1552 570 1602 omnia
586 1552 648 1603 reete
666 1557 795 1623 agendum,
806 1560 915 1611 secundun

127 1620 183 1671 illud
194 1622 223 1670 n.
239 1621 275 1671 od
288 1622 359 1680 Corn,
373 1621 433 1672 xil:
449 1622 567 1675 «Sufficit
579 1624 621 1674 tibi
635 1626 707 1689 gratia
725 1642 813 1681 mea.»
834 1630 916 1698 Ergoin

127 1690 220 1742 Christo
232 1704 279 1741 uon
291 1692 385 1742 inerunt
397 1692 507 1745 virtutes.

159 1766 183 1811 2.
201 1763 327 1826 Praeterea,
336 1762 459 1814 meandum
470 1764 635 1831 Philosophum
644 1806 651 1833 ,
660 1768 709 1820 Vll.
725 1772 812 1824 Etbu'c.
826 1774 883 1841 (rap.
894 1772 917 1835 tl.

125 1832 201 1883 virtus
212 1832 320 1883 diuiditur
335 1838 414 1883 eontra
426 1836 549 1897 quemdam
559 1838 677 1889 heroicum
690 1840 742 1893 siue
750 1844 855 1895 dimnuua
868 1844 918 1894 hall·

126 1906 194 1965 tum,
214 1901 254 1965 qui
271 1902 400 1953 attribuitur
416 1904 547 1957 bominibus
564 1907 657 1961 diuinis.
678 1910 720 1961 iiie
741 1918 818 1965 autem
838 1910 917 1965 marim

127 1972 236 2025 convenit
254 1972 355 2024 Christo.
370 1974 430 2038 lirgu
442 1975 547 2028 Christum
560 1991 606 2029 non
619 1979 699 2031 babuit
711 1982 824 2051 mutulos,
838 1989 875 2037 sei
887 1983 917 2034 ali·

128 2045 183 2109 qma
193 2044 262 2095 attius
271 2044 367 2096 mono.

159 2120 183 2165 a.
196 2116 318 2178 Preterea,
326 2116 387 2166 siout
395 2115 420 2167 in
430 2116 459 2168 tl.
475 2122 536 2183 part.
547 2120 583 2186 (it
595 2120 735 2189 dictumest,
744 2128 844 2181 uirtutes
853 2140 922 2187 omuer,

127 2187 321 2240 marianeno.
332 2189 377 2239 Sed
387 2189 479 2241 Christo
489 2204 536 2242 non
549 2192 593 2244 init
605 2197 746 2249 conueniens
755 2200 841 2253 habere
851 2192 922 2263 omno}

125 2258 236 2323 abtulee,
248 2259 308 2310 siout
323 2264 387 2323 patet
400 2261 428 2311 de
442 2261 577 2314 liberalitate
591 2268 614 2316 et
630 2268 812 2336 magnificentia,
826 2284 875 2337 qua
887 2274 916 2321 ba·

124 2329 181 2382 beni
191 2334 269 2380 actum
280 2344 347 2380 enum
360 2332 418 2382 eirea
429 2332 533 2395 divitias,
548 2348 604 2398 quas
614 2335 719 2390 Christus
733 2344 877 2407 contempsit,
889 2354 916 2391 se·

123 2400 223 2453 cundiam
233 2400 289 2451 illud
301 2402 407 2460 blatto„
427 2402 476 2453 v111
492 2419 498 2454 τ
517 2422 531 2455 u
543 2404 615 2457 Filius
629 2408 729 2460 bominis
744 2423 792 2465 non
809 2410 922 2465 habetati

154 2570 186 2635 (ι)
197 2576 230 2619 Ilo
239 2573 275 2619 his
284 2572 356 2619 etiarn
365 2572 434 2633 iniri,
455 2581 499 2621 art.
510 2574 533 2635 3,
546 2578 574 2625 ad
588 2578 599 2625 1
612 2580 671 2637 et23
682 2588 707 2628 et
717 2596 759 2641 qu.
771 2585 810 2647 15,
818 2592 862 2634 aut.
872 2552 922 2639 ιςει,

122 2636 167 2695 ῘΠ,
177 2636 231 2682 dist.
244 2635 282 2695 ta,
295 2648 335 2694 qu.
347 2634 370 2697 l,
380 2643 426 2682 art.
437 2635 460 2697 ¹,
473 2650 538 2697 oorp.

157 2704 190 2769 (b)
203 2710 254 2754 noe
270 2712 306 2752 est
320 2706 343 2767 t,
354 2706 380 2767 i,
392 2720 433 2765 qu.
446 2706 486 2771 ab,
502 2715 546 2757 art.
559 2711 590 2757 1:
609 2712 697 2759 Uttitm
708 2716 813 2766 uirtutes
824 2720 915 2766 mordet

120 2770 177 2879 :aa
185 2771 335 2881 mmm
346 2782 477 2826 emtam
492 2778 553 2819 utet
565 2780 610 2822 art.
623 2776 638 2821 2
650 2794 657 2822 ι
672 2777 761 2827 Utrtm
774 2785 867 2867 pooiet
878 2780 922 2829 rou
