1917 3317
130 128 174 173 tet
315 136 377 173 rane
393 138 420 174 ιιι
425 161 434 187 ,
448 136 542 183 ouesr.
557 136 632 185 xviri,
650 136 704 174 ιιι.
717 138 737 173 ι.

128 214 188 263 sient
207 212 384 263 instrumentum
403 212 530 261 divinitatis
542 213 602 276 ejus.
617 212 680 275 Ergo
692 216 778 263 natura
796 213 892 264 humans

128 283 218 335 Christo
230 296 277 333 non
294 284 426 333 movebatur
439 283 530 347 propria
548 283 683 344 immtate,
698 284 741 333 sen
760 283 849 335 divina.

161 360 184 404 3.
200 357 328 413 Praeterea,
343 352 398 405 illuct
413 356 487 405 sotum
504 353 668 417 multiplicatur
680 354 706 404 in
718 354 824 416 Cliristo,
837 358 893 420 qnod

128 428 242 475 naturam.
257 426 365 475 Voluntas
380 430 456 475 autem
471 439 518 476 non
531 426 623 475 videtur
635 426 665 476 ad
679 429 789 476 naturam
807 429 892 491 pertine

130 496 183 560 qnia
198 510 288 560 eaque
304 499 357 546 sunt
373 496 492 555 naturalia,
502 500 558 546 sunt
570 509 600 545 ει
612 497 769 560 necessitate3
785 500 847 563 qnod
860 507 893 546 aut

128 571 165 619 est
178 568 342 632 uoluntarium,
355 582 402 619 non
415 572 451 621 est
464 567 628 619 necessarium.
639 568 700 632 Ergo
713 570 825 621 voluntas
838 575 872 620 est
885 587 897 618 ι

132 644 222 689 tantum
232 639 257 689 in
267 639 367 690 Christo.

164 713 187 760 t.
203 711 331 772 Praeterea,
345 711 499 758 Damasoenus
513 708 601 759 dicitin
613 709 654 759 IIL
669 708 711 759 lib.
727 712 798 774 (cap.
808 715 838 761 et
849 711 868 774 l,
877 727 900 772 qr

135 780 289 845 «aliqualiter
309 781 384 841 nelle,
400 792 447 831 non
467 784 502 831 est
521 784 623 842 naturae,
642 782 685 831 sed
703 787 793 833 noemae
816 781 903 838 intelle

133 853 171 903 tiae
182 854 225 916 (t),
240 869 254 899 u
269 850 356 901 scilicet
369 850 504 913 personalis.
515 851 561 901 Sed
575 851 652 901 omnis
667 851 778 903 noluntas
790 860 831 904 est
841 855 903 914 alins*¹>

133 925 253 984 uoluntas,
268 922 322 987 quia
344 922 403 972 nihil
424 926 459 973 est
476 921 501 971 in
520 934 619 985 genere,
636 922 698 987 qnid
712 938 763 975 non
782 925 817 975 sit
829 926 854 973 in
872 926 889 972 ai

134 996 186 1059 ejus
203 994 287 1058 speeie.
302 994 360 1057 Ergo
379 993 455 1043 omnis
470 994 575 1043 voluntas
594 993 624 1043 ad
636 1007 762 1056 personam
780 996 884 1059 pertinet.
898 1012 903 1023 ·

133 1066 158 1117 in
172 1065 260 1116 Christo
274 1064 317 1114 luit
335 1069 359 1115 et
376 1068 411 1113 est
424 1078 471 1114 una
492 1067 579 1115 mutum
598 1077 709 1128 persona.
730 1068 794 1131 Engo
813 1067 840 1117 in
858 1070 891 1117 tin

134 1142 169 1189 est
189 1138 334 1187 noeentum
348 1135 462 1185 uoluntas.

166 1208 209 1258 Sed
225 1210 300 1257 contra
314 1210 363 1264 est,
381 1208 441 1269 quoni
454 1204 564 1255 Dominus
576 1205 632 1255 dicit
645 1208 719 1263 Luc„
733 1208 805 1259 XXII
823 1224 830 1257 :
844 1226 858 1256 ι
870 1210 893 1257 Pr

135 1280 156 1329 si
174 1278 220 1339 vis,
237 1277 333 1327 transfer
349 1276 443 1327 cnlioem
465 1278 536 1326 istem
554 1276 568 1327 t
584 1290 634 1341 me;
649 1283 817 1331 verumtamen
833 1294 875 1329 non

135 1352 255 1411 uoluntas,
264 1352 304 1401 sed
315 1356 354 1401 tua
367 1348 415 1399 liat.
425 1364 438 1395 ι
446 1348 511 1407 Quod
522 1348 635 1399 inducens
647 1350 788 1401 Ambrosius
799 1352 838 1401 ud
850 1355 885 1400 Gn
896 1365 897 1368 ¹

136 1438 197 1474 num
219 1424 418 1487 Imperatorem.
439 1420 517 1471 dicit:
537 1420 626 1471 «Sicut
645 1429 785 1487 susceperat
807 1425 885 1475 uolunt

136 1508 227 1558 meam,
242 1494 342 1559 suscepit
358 1491 472 1542 tristitiam
495 1504 579 1541 meam.
602 1508 616 1538 n
635 1493 666 1541 Et
683 1506 755 1556 super
776 1496 853 1554 Luc„
872 1497 895 1541 di.

138 1585 152 1617 u
166 1568 309 1618 Voluntatem
321 1577 384 1615 suam
395 1564 423 1613 ed
433 1562 551 1613 hominem
561 1562 650 1625 retulit,
661 1564 738 1614 Patris
750 1566 784 1614 ad
795 1566 900 1615 divinitu.-

138 1638 243 1688 voluntus
264 1637 324 1687 enim
345 1634 444 1685 hominis
462 1638 499 1683 est
518 1634 664 1698 temporalis,
686 1635 801 1686 uoluntas
827 1637 903 1687 iiiviri¹

139 1712 231 1757 eterna.
247 1725 261 1755 ι)

171 1778 334 1843 (Conclusio.
344 1804 375 1815 -
388 1774 446 1827 Cium
458 1775 530 1826 Filius
543 1775 584 1825 liei
596 1778 723 1838 humanam
738 1782 848 1830 uenirem
861 1789 901 1843 per·

138 1852 186 1899 tam
198 1847 358 1913 assumpserit,
375 1852 399 1897 et
411 1860 455 1911 per
468 1848 513 1898 troc
527 1846 584 1896 nihil
593 1846 677 1897 divina
694 1849 748 1911 ejus
757 1855 850 1900 natura
861 1851 896 1897 atr

138 1924 188 1969 turn
201 1919 283 1983 luerit,
306 1920 361 1969 duas
373 1920 399 1969 in
413 1920 463 1984 ipso
482 1919 611 1969 noluntates
629 1919 704 1969 luisse
724 1921 899 1972 necessarium·

139 1989 239 2041 divinem
254 1990 342 2041 seilicet
357 1994 381 2041 et
393 1991 545 2052 humanam.)

171 2060 305 2123 Respondeo
324 2059 445 2109 dicendum
455 2094 464 2122 ‚,
479 2058 541 2121 quod
561 2058 652 2121 quidam
669 2066 803 2121 posuerunt
820 2061 847 2110 in
862 2061 899 2109 clu

140 2140 190 2197 esse
206 2142 274 2179 unam
289 2130 360 2181 solam
374 2130 532 2192 veluntatem
545 2130 586 2180 sed
602 2130 631 2179 ad
644 2130 688 2179 hoc
702 2133 841 2193 ponendum
856 2134 899 2181 diu

141 2200 207 2251 modi
222 2202 276 2251 moti
290 2216 340 2253 esse
352 2201 464 2252 uidentur.
477 2200 612 2265 Apollinaris
623 2200 684 2251 enirn
695 2215 743 2252 non
757 2204 840 2267 posuit
852 2204 899 2253 ιιιῑ

141 2272 317 2322 intellectualem
327 2274 352 2323 in
368 2274 469 2335 Christo,
480 2274 520 2323 sed
531 2272 592 2336 quid
605 2272 705 2322 Verbum
714 2278 780 2324 esset
794 2276 848 2326 loco
861 2290 891 2322 ιι,

141 2344 179 2396 vel
192 2343 261 2394 etiam
275 2345 325 2395 loeo
341 2344 477 2395 intellectus.
492 2345 570 2404 Unde,
582 2356 633 2393 cum
647 2344 758 2396 voluntas
769 2347 802 2397 sit
814 2346 841 2397 in
853 2346 899 2394 rau·

141 2421 166 2465 ut
184 2416 336 2480 Philosophus
347 2416 401 2465 dicit
411 2416 435 2465 in
447 2416 488 2464 lit.
506 2416 542 2463 De
553 2416 646 2465 Animo
662 2415 731 2481 (text.
743 2418 799 2480 te),
815 2417 896 2481 sequen

142 2486 203 2551 quiid
216 2488 242 2536 in
255 2486 347 2537 Christe
359 2500 404 2537 non
417 2490 479 2537 esset
496 2487 600 2537 voluntas
610 2487 711 2536 humana
720 2524 727 2549 ,
737 2491 765 2537 ct
778 2488 812 2539 ita
825 2490 850 2537 in
863 2501 887 2536 ει

142 2563 203 2609 esset
216 2558 264 2608 nisi
278 2570 325 2607 uua
341 2558 457 2608 veluntas.
472 2558 501 2607 Et
514 2558 620 2607 similiter
635 2556 767 2622 Eutyches,
782 2564 807 2611 et
820 2572 896 2611 omnes

143 2634 268 2695 posuerunt
282 2642 349 2679 unam
367 2634 471 2681 naturam
479 2628 629 2692 compositam
646 2628 671 2677 in
684 2628 797 2693 Cluso,
809 2631 904 2693 eopenu.

177 2772 211 2835 (i)
226 2775 289 2819 sicut
300 2780 366 2817 vetur
378 2775 495 2829 Interpres
506 2772 581 2817 reddit
591 2784 693 2829 gracum
706 2773 816 2844 γνώμης,
830 2774 889 2831 quod
902 2791 905 2803 ·

144 2846 256 2899 pendetur
268 2844 339 2903 inlrl,
352 2843 404 2889 elim
418 2845 445 2888 nd
460 2844 505 2889 hoe
520 2850 679 2901 argumentum
692 2846 880 2901 respondebitur.
