1917 3317
234 240 259 279 nn
272 240 415 281 nrureronunn
430 240 573 283 urrunnun.
752 228 800 277 tut

68 306 130 359 tritanii
142 311 242 367 dritiarunn
261 318 356 370 suffocat
373 320 476 369 verbnm.
495 318 655 370 »Secundum
672 320 750 368 autem
764 320 801 367 est

69 377 158 432 dinitiarum
170 398 232 449 arnor,
246 390 280 453 uni
298 406 326 441 ex
342 390 427 442 diuitiis
443 391 556 456 possessis
573 396 683 454 augetur3
700 391 759 441 unde
780 393 804 440 et

67 449 175 518 Hieronymus
191 458 235 509 dicit
250 476 322 527 snper
339 462 442 518 Matar„
462 462 521 526 qudd
543 462 597 527 quia
614 460 698 512 diuitiae
718 461 803 513 habite

65 520 151 575 ditrirutter
165 533 329 595 contemnuntur,
345 548 391 585 non
404 534 462 585 dixit
477 535 586 599 Donduns
599 534 713 598 (Metto,
722 534 791 598 iiiii)

64 591 165 655 impossibiie
176 605 205 652 est
216 604 299 657 diuitem
316 606 401 657 intrare
412 606 437 656 in
449 619 544 669 reguum
557 605 679 668 caelorum,
693 606 731 655 sed
743 606 803 656 diffi-

63 663 101 713 rite.
113 684 122 713 n
133 670 209 723 Tertiunn
226 680 296 727 antem
311 681 346 727 est
360 676 436 726 inanis
451 677 538 741 gloria,
556 676 592 726 uel
607 675 689 737 elatio,
702 690 752 740 qnae
771 690 801 728 ex

62 733 124 788 divitiis
136 743 226 809 noritur,
234 748 354 799 secundum
363 748 419 798 illud
433 747 528 797 Psodm.
541 747 632 797 XLVIII
643 763 649 797 ε
664 764 677 795 rr
688 747 732 807 Qui
748 760 804 797 cona

60 804 112 857 ddunt
126 809 143 860 in
156 813 222 867 uirtute
236 832 291 880 sna,
314 822 336 869 et
355 820 380 869 in
401 818 544 870 multitudine
564 818 691 868 dinitiarum
713 831 804 869 suarum

59 877 154 938 tinniuntur.
162 901 174 932 n
187 888 259 939 Humor
270 904 323 955 engo
337 890 405 941 triunr
416 889 514 953 priunum
524 889 537 939 a
546 889 631 939 diuitiis
643 888 743 953 separari
757 901 805 939 non

56 956 108 1010 ditent
116 956 204 1025 totaliter,
213 962 259 1013 sine
271 963 316 1013 sint
325 976 414 1027 magne
424 963 471 1013 sine
483 974 560 1027 parrae
571 978 578 1024 3
591 973 686 1011 necesse
697 964 732 1010 est
740 960 805 1011 enim

55 1022 139 1077 torninenn
149 1029 257 1095 aliqualiter
270 1034 390 1086 sollicitari
401 1036 428 1086 de
438 1033 581 1099 acquirendis
591 1034 628 1084 net
641 1032 810 1101 conservandis⁴

53 1099 166 1151 anterioribus
181 1106 246 1157 rebus.
261 1107 306 1157 Sed
326 1107 347 1157 si
363 1120 400 1157 res
422 1106 543 1158 exteriores
560 1119 606 1156 non
628 1108 754 1169 querantur
767 1104 805 1155 uel

54 1165 158 1234 habeantur,
171 1176 209 1227 nisi
223 1178 246 1228 iu
261 1178 349 1231 modica
365 1179 505 1243 quantitate,
519 1179 629 1241 quantum
643 1176 761 1226 sufiiciunt
776 1177 804 1227 ad

54 1236 233 1313 sinplioennictum,
248 1250 306 1308 talis,
312 1250 440 1301 sollicitudo
452 1263 499 1300 non
511 1249 607 1298 muttum
620 1248 716 1313 impedit
730 1246 804 1297 horni-

54 1322 97 1359 nau.
111 1314 160 1367 Unde
179 1333 214 1371 nec
234 1322 368 1385 perfectioni
385 1325 495 1385 repugnat
519 1319 654 1369 Christiane
673 1318 746 1382 nitae3
760 1332 806 1369 uon

56 1380 98 1430 enin
111 1388 168 1439 omnis
184 1392 304 1444 sollicitudo
322 1393 442 1443 diiominu
462 1391 620 1451 interdicitur,
633 1391 672 1440 sed
692 1391 806 1453 superflua

57 1454 72 1498 rt
85 1458 156 1524 noctua;
170 1464 222 1515 unda
233 1479 300 1530 snper
315 1465 371 1515 iilud
382 1464 480 1520 Mutii..
495 1464 525 1513 Vl
542 1477 549 1511 ε
565 1479 579 1511 u
596 1464 630 1513 Ne
643 1462 734 1513 solliciti
754 1462 805 1512 sitis

57 1524 112 1577 nnine
121 1537 186 1585 nostre
197 1537 247 1600 quid
264 1535 420 1597 manducetis,
433 1552 446 1584 n
459 1534 515 1587 dicit
530 1532 670 1597 Augustinus
680 1533 705 1582 in
718 1532 759 1583 lib.
772 1534 809 1582 De

58 1608 133 1650 sermore
146 1606 241 1657 Domina·
260 1609 285 1657 r'ra
299 1610 392 1671 rraonte,
407 1611 452 1658 etc.
473 1622 479 1656 ε
496 1624 509 1653 u
520 1607 570 1656 Nou
586 1606 630 1656 hoc
644 1604 715 1667 dicit,
728 1606 753 1653 ut
764 1604 809 1684 ista

55 1678 86 1715 ¹¹⁰¹]
94 1677 210 1732 procurentur
222 1683 330 1743 qnantum
344 1678 489 1730 necessitatis
502 1681 553 1739 est3
565 1676 605 1727 sed
616 1680 642 1725 ut
655 1689 701 1726 non
714 1674 757 1725 ista
771 1689 807 1756 nn-

53 1741 132 1807 tueantur,
144 1752 164 1797 et
173 1754 257 1815 propter
270 1752 314 1801 ista
330 1748 431 1812 faciant,
444 1749 553 1814 quidquid
564 1747 589 1797 in
600 1747 718 1812 Evangelii
724 1748 808 1828 praedu-

50 1812 113 1863 urtone
121 1818 183 1870 tacere
189 1822 295 1886 jrrbentnr
306 1823 339 1887 (1)
346 1860 351 1873 .
358 1838 372 1869 n
380 1822 423 1872 Sed
431 1822 549 1872 abundans
556 1819 683 1870 diuitiarum
694 1832 808 1882 possessio

50 1881 192 1942 abundantiorem
208 1894 383 1945 sollicitudinem
402 1892 503 1956 ingerit,
522 1906 564 1956 per
578 1905 645 1955 quoru
659 1890 747 1941 anirnus
761 1892 809 1941 ho-

50 1952 96 2004 ninis
109 1962 189 2014 nultum
201 1965 332 2016 distrahitur
343 1968 367 2015 et
381 1964 517 2028 impeditur,
532 1976 562 2014 ne
575 1962 674 2013 totaliter
685 1963 771 2011 teratur
784 1960 809 2012 in

51 2022 76 2072 [tri
89 2029 206 2097 obsequium.
223 2036 272 2087 Alia
290 2035 345 2087 vend
362 2037 420 2097 duo,
436 2034 523 2086 scilicet
539 2048 601 2083 annor
619 2033 765 2094 divitiarum,
786 2037 810 2085 et

50 2094 95 2147 atrtio
103 2114 134 2152 seu
141 2106 235 2167 gloriatio
243 2108 270 2158 de
279 2106 377 2169 diuitiis,
386 2119 432 2156 non
440 2105 659 2170 consequuntnrnisi
667 2105 809 2157 abundantes

51 2166 118 2222 rinos.
127 2176 197 2229 ornent
209 2184 284 2229 tumen
294 2179 357 2229 eirca
365 2180 424 2240 hoc,
434 2181 510 2228 utrum
520 2176 606 2228 diuitiae
614 2178 755 2227 abundantes
771 2178 809 2227 uel
870 2184 875 2199 '

54 2241 135 2311 utente
150 2250 171 2299 in
185 2251 274 2315 proprio
285 2251 323 2301 vel
337 2251 362 2299 in
382 2249 496 2299 communi
518 2249 658 2312 habeantur3
674 2262 728 2297 uero
742 2248 810 2299 soili-

55 2312 145 2380 rtntnqure
158 2320 215 2372 circe
227 2323 330 2388 proprias
342 2320 434 2372 diuitias
447 2321 582 2382 adhibetur,
592 2320 692 2384 pertinet
704 2321 731 2369 ad
743 2332 809 2369 amo-

56 2390 85 2427 ffiffl
96 2388 198 2458 nicanum,
211 2408 255 2457 qno
264 2394 317 2458 quis
333 2406 358 2443 se
368 2391 524 2455 temporaliter
537 2395 610 2454 annat3
624 2392 663 2441 sed
677 2390 808 2442 sollicitudo

56 2461 87 2524 ipre
97 2460 192 2516 adhibetur
210 2466 268 2517 circa
282 2478 318 2516 res
331 2477 477 2525 communes,
488 2463 586 2527 perduct
597 2464 624 2513 ad
638 2476 738 2513 amorem
747 2465 810 2513 cina-

55 2525 152 2595 nantem
165 2550 212 2588 uon
231 2536 311 2601 querit
324 2549 375 2601 qnae
395 2548 437 2585 sua
456 2537 521 2599 sunt,
535 2535 574 2584 sed
590 2533 748 2584 communibus
769 2533 806 2583 in-

55 2594 105 2648 taudt
116 2604 198 2673 thuia
217 2608 295 2673 religio
310 2608 338 2657 ad
355 2605 518 2673 perfectionem
536 2604 654 2656 charimtis
673 2604 808 2668 ordinatur,

80 2766 255 2836 iidauraneueer
269 2781 364 2839 quidm
381 2778 460 2837 supet,
477 2778 536 2824 locis
549 2778 658 2834 deinceps
672 2777 810 2851 indicandis,

61 2836 89 2872 ¹¹⁰⁰
100 2843 152 2891 iernen
169 2849 214 2893 sub
233 2845 270 2892 his
289 2844 368 2891 uerbis
385 2841 511 2900 expressit,
523 2854 575 2899 quun
589 2840 665 2897 potiris
678 2853 707 2885 ex
719 2841 761 2886 inb.
778 2844 812 2884 De

61 2900 140 2949 operam
155 2909 269 2969 operibus
288 2906 464 2955 Menaenorum
474 2938 484 2956 ,
502 2916 555 2961 cup.
578 2902 623 2961 26,
639 2904 672 2947 sic
689 2902 811 2957 desumpta

62 2963 295 3020 ⁵⁰fltrtrruodumtuoru
302 2972 328 3017 io
335 2972 424 3019 caterua
431 2979 508 3015 coreo
519 2966 659 3027 referuntur,
666 2964 809 3013 dantuiri.
