1917 3317
114 131 162 177 nnc
287 144 350 182 rans
361 148 402 198 ur,
416 149 512 193 nnmsn.
529 154 620 205 xxxvi,
636 156 692 195 ur.
706 160 739 197 nr.

114 230 184 279 quam
205 218 324 270 Gentibus.
338 222 397 284 Ergo
414 224 505 275 videtur
520 228 579 290 qudd
602 232 674 283 multu
691 234 763 285 umus
776 232 895 301 durincipiu

114 286 182 336 tuerit
200 290 321 339 revelanda
338 292 422 342 Christi
439 296 549 349 nativitas
569 299 714 367 Gentilibus,
725 307 763 370 qui
782 310 810 359 ab
822 309 897 359 Oriente

114 364 243 419 uenerunt,
257 366 282 409 ut
295 362 392 413 habetur
405 367 511 426 March,
528 370 558 420 11.

146 434 170 479 2.
185 433 313 493 praterea,
332 437 487 489 manifestatio
502 441 588 493 diuinae
607 447 710 499 veritatis
723 452 834 517 precipue
847 452 898 502 debet

114 499 163 549 fieri
176 503 204 550 ad
219 502 257 552 [tei
271 505 371 569 amicos,
386 510 509 560 secuudirm
525 513 582 563 ittud
592 515 650 573 rob,
665 520 755 571 XXXVt
772 538 807 572 :u
824 530 899 574 tunun-

114 570 156 620 tiat
167 572 195 621 de
209 586 236 622 ca
250 576 324 625 amicu
338 591 389 627 suu.
405 596 419 626 u
439 580 485 632 Sed
505 585 567 647 magi
580 586 689 639 videntur
706 605 755 643 esse
767 594 809 643 Dei
821 595 897 644 inimici:

115 642 198 691 dieitur
215 646 276 693 enim
299 648 390 704 bevre,
404 650 474 701 xlx:
492 670 505 701 u
522 656 573 705 Nun
591 657 714 712 declinetis
729 665 756 713 ad
774 678 857 728 magns,
870 679 898 714 nc

113 712 143 761 ab
155 714 233 763 ariolis
244 716 329 779 ahquid
352 720 510 773 sciscitemini.
526 741 540 771 u
557 728 608 777 Nun
618 743 675 793 ergo
689 734 767 785 debuit
780 738 861 787 Christi
873 751 900 786 uu-

112 784 189 835 tivitas
204 788 276 849 magis
296 790 447 841 manitestari.

146 861 169 904 a.
193 860 319 921 Praeterea,
341 863 445 913 Christus
467 873 562 918 venerut
583 874 660 921 tntum
682 879 792 928 mnndum
813 880 900 945 ipatu-

114 928 162 975 tate
180 929 262 979 diaboti
286 931 394 996 liberere,
411 936 470 985 uude
487 938 569 988 dicitur
588 942 715 1003 Muluch„
736 950 768 998 1:
785 952 846 1001 «hh
865 961 900 1001 um

114 996 170 1047 sctis
183 1013 254 1063 usque
274 1002 303 1051 ad
317 1016 423 1053 occasum
431 1042 440 1067 ,
454 1020 563 1069 magnum
578 1017 614 1061 est
633 1026 720 1067 numen
736 1034 811 1071 meum
824 1023 847 1071 iu
859 1026 902 1073 Geu-

113 1068 184 1119 tibus.
203 1087 217 1117 u
237 1074 287 1122 Nun
311 1088 366 1139 ergo
385 1079 458 1127 sulum
479 1080 504 1129 in
524 1081 618 1133 Oriente
641 1088 728 1149 positis
751 1092 827 1143 debuit
847 1096 902 1142 mani·

113 1137 204 1205 testari3
219 1144 341 1195 sedetiam
361 1147 445 1211 ubique
463 1153 575 1201 terrarum
587 1154 667 1205 debuit
682 1160 801 1225 abquibus
814 1167 902 1215 mandes

115 1211 168 1260 tari.

147 1284 169 1331 t.
185 1283 304 1347 Praeterea,
322 1288 397 1338 amnia
411 1297 551 1345 sacramenta
566 1297 653 1347 veteris
667 1299 729 1363 tegis
751 1310 814 1356 erant
835 1307 903 1355 Christ

114 1350 194 1413 dgura.
209 1355 252 1405 Sed
264 1365 403 1410 sacramenta
415 1364 496 1414 veteris
509 1365 567 1427 tegis
580 1366 779 1431 dispensabuntur
792 1391 830 1441 per
840 1379 904 1427 minis-

114 1422 194 1471 terium
214 1429 355 1477 sacerdotum
376 1431 490 1492 legalium.
514 1436 574 1499 Ergo
594 1439 688 1491 uidetur
707 1445 772 1507 qudd
792 1447 860 1511 magn
878 1448 905 1496 de·

112 1490 187 1543 buerit
203 1497 289 1546 Christi
312 1500 419 1551 nativitas
441 1506 582 1557 manifestari
600 1513 765 1566 sacerdotibus
786 1519 811 1569 in
829 1520 906 1582 renutu

112 1577 181 1627 quam
195 1570 324 1631 pasteribus
338 1571 361 1621 iu
374 1586 436 1635 agre.
474 1604 477 1609 -

145 1640 168 1685 5.
183 1639 304 1700 Preterea,
315 1642 420 1693 Christus
433 1657 462 1695 ex
475 1645 568 1709 Virgine
584 1656 657 1703 matre
673 1660 747 1709 natus
759 1664 809 1724 est,
821 1665 843 1711 et
855 1666 898 1709 aht

112 1708 222 1768 parvulus
233 1716 288 1760 erat.
297 1713 475 1765 convenientius
485 1717 553 1780 igitur
559 1721 651 1773 uidetur
660 1725 737 1779 fuisse
748 1732 811 1794 qudd
821 1734 908 1782 Christi:

113 1780 295 1831 manifestaretur
313 1785 438 1846 juuenihus
459 1792 483 1837 et
505 1790 645 1858 uirginibus,
660 1811 733 1860 quam
754 1804 874 1853 scientibus
893 1812 907 1851 ι’

112 1850 242 1913 conjugatis
251 1853 287 1903 vet
301 1855 391 1916 viduis,
406 1857 465 1907 sicut
478 1858 579 1911 Simanni
593 1868 616 1914 et
631 1869 717 1920 Annae.

144 1920 189 1971 Sed
209 1929 287 1974 cuutm
304 1932 354 1989 est,
367 1928 426 1990 qudd
441 1930 524 1981 dicitur
536 1935 621 1995 doum,
635 1938 676 1987 XV
692 1956 699 1988 a
717 1959 731 1989 n
745 1945 798 2008 Ego
808 1946 854 1997 scic
865 1960 908 2009 nuu-

112 1991 257 2054 elegerim.»
270 1998 324 2055 Quae
339 2005 416 2047 autem
430 2001 488 2051 hunt
502 2006 627 2056 secundnm
642 2010 683 2059 bei
696 2016 855 2078 sapientiam,
869 2033 911 2068 cuu-

112 2064 231 2114 rem'enter
244 2066 310 2115 hunt.
326 2070 385 2131 Erga
402 2072 565 2125 convenienter
584 2082 641 2127 sunt
654 2080 726 2133 electi
739 2085 776 2135 itti
790 2088 869 2151 quibus
885 2101 909 2137 u:

112 2132 258 2186 manifestata
275 2139 359 2189 Christi
374 2142 493 2193 nativitas.

146 2205 306 2264 (Conmusro.
314 2210 410 2259 —Cbm
420 2214 482 2263 satus
491 2228 531 2277 per
544 2216 659 2270 Christum
671 2222 751 2276 futura
765 2231 795 2279 ad
807 2232 906 2281 hominu.

112 2275 215 2325 omnium
229 2278 384 2331 diversitatem
398 2284 535 2349 pertineret,
550 2292 657 2353 congruit
673 2299 786 2351 omnihus
804 2304 911 2353 hominm.

109 2343 277 2399 canditiunibus
289 2355 340 2413 ejus
353 2354 497 2405 nativitatem
512 2360 662 2427 manifestari,
672 2368 779 2434 scilicet,
789 2375 874 2437 magis,
884 2374 912 2420 S:-

112 2416 189 2464 menni
208 2422 231 2467 et
250 2421 333 2482 huna,
347 2436 374 2473 au
386 2428 538 2493 pasteribus.)

141 2486 278 2550 Respondet>
289 2494 418 2558 dicendum,
429 2498 490 2561 qubd
499 2502 561 2551 satus
574 2517 624 2567 quae
638 2510 687 2557 erat
701 2508 779 2562 tutum
790 2528 833 2579 per
843 2515 913 2564 Chri·-

111 2560 158 2607 tum
167 2595 175 2620 ,
185 2560 213 2608 ad
224 2575 313 2613 omnem
324 2566 478 2618 diversitatem
490 2572 606 2621 huminum
617 2578 765 2645 pertinebat3
781 2586 852 2647 quia,
863 2588 905 2635 sir..

110 2628 193 2677 dicitur
207 2631 271 2688 Cot„
289 2635 334 2696 nr,
350 2654 365 2683 (ι
382 2638 406 2686 in
421 2639 513 2690 Christo
526 2643 581 2691 teau
595 2658 641 2695 non
660 2652 697 2698 est
714 2656 831 2705 masculus
845 2664 866 2706 et
879 2660 913 2702 tu:-

110 2698 190 2761 miua‚
209 2701 305 2753 Gentitis
317 2709 342 2753 et
354 2707 460 2771 Judaeue,
475 2724 556 2761 servus
574 2718 598 2763 et
610 2716 682 2782 tiber3
701 2736 715 2767 u
735 2726 759 2771 et
774 2725 808 2775 sic
819 2726 850 2775 de
868 2727 912 2774 ahl·

108 2766 248 2827 bujusmudi.
259 2773 288 2821 nt
297 2778 323 2822 ut
337 2776 381 2825 hoc
393 2775 417 2825 in
428 2778 479 2840 ipsa
490 2782 577 2831 Christi
589 2787 713 2840 nativitate
722 2797 904 2856 praehgurmetm

109 2834 213 2885 omnibus
232 2843 403 2894 conditionibus
423 2847 543 2901 huminum
558 2858 594 2903 est
614 2859 790 2929 manifestatum
807 2867 878 2929 quia,
891 2880 913 2915 u:
