1917 3317
201 178 231 216 on
244 176 454 217 unancsnnnnoun
469 176 681 217 umnnneuoans.
792 169 839 217 985

27 256 54 304 ut
68 259 155 307 buten
173 254 239 305 aliter
254 254 357 306 cbristus
379 253 540 317 manducarit,
554 258 578 304 et
597 254 663 306 aliter
679 254 769 319 angeli,
783 266 839 305 naus

27 328 81 390 pria
93 339 196 389 corpora
208 326 237 376 ab
251 326 338 390 angelis
350 329 482 389 assumpte,
492 338 541 376 nou
552 328 617 376 erant
629 338 724 390 corpora
732 326 785 375 vira
800 328 839 377 uei

27 399 151 460 animate,
172 410 217 447 nou
232 401 281 448 eret
294 410 347 447 vern
360 396 487 461 comestio,
507 395 562 447 ticet
572 401 633 447 esset
656 410 710 447 uera
721 394 767 446 cibi
778 409 838 447 eon-

28 469 111 531 tuitio,
126 472 153 519 et
172 468 277 533 trajectio
294 469 319 518 in
334 468 464 519 interiorem
484 472 573 533 partem
586 469 687 532 corporis
706 469 838 533 assumpti;

29 542 92 591 unde
112 544 139 591 et
159 540 256 603 augelus
270 540 334 602 dixit,
350 540 417 601 Tob,
431 541 467 591 X:
480 558 493 587 n
503 540 563 590 (idm
574 553 650 591 essem
660 540 787 604 uobiscum,
802 542 840 591 ui·

29 614 103 664 deber
122 612 218 675 quidem
238 612 355 665 uobiscum
371 612 507 663 manducare
524 615 548 662 et
564 612 657 675 bibere3
675 612 716 662 sed
733 624 777 673 ego
788 613 840 664 cibo

30 682 148 733 invisibiti
163 685 224 733 utor.
238 696 252 729 u
266 682 312 733 Sed
323 682 376 746 qnia
389 696 471 747 corpus
486 682 573 733 cunni
582 682 636 735 sert
647 682 691 733 tuit
702 683 838 747 animatum,

31 768 86 805 rere
103 754 152 805 fuit
165 754 216 818 ejus
225 754 349 819 comesti03
367 758 393 805 ut
410 755 472 805 enim
489 754 631 819 Augustinus
643 754 714 817 dicit,
727 754 789 804 Xlli.
803 756 840 804 De

33 828 117 875 Ciuit.
136 826 186 875 Dea·
202 827 269 891 (cap.
285 826 348 889 aa),
364 842 379 873 u
395 838 442 876 non
462 827 579 890 potestas,
593 827 633 876 sed
648 828 738 888 egestas
757 825 840 876 edendi

33 897 171 961 corporibus
179 898 344 961 resurgentium
354 898 478 949 auferetur.
491 913 506 945 u
518 898 659 957 Unde,sicut
665 896 728 947 Beda
734 894 789 946 dicit
795 897 838 963 (t),

35 970 169 1019 «cbristus
183 968 327 1020 manducarit
340 964 461 1033 potestate,
476 982 523 1020 non
536 972 649 1032 egestate.
669 985 683 1016 o

65 1042 101 1091 bd
113 1042 241 1091 secundum
254 1040 390 1102 dicendum,
405 1041 467 1105 qubd
482 1041 541 1091 sicut
556 1042 698 1102 dictumest,
710 1045 841 1105 argumente

35 1114 143 1175 quaedam
158 1112 323 1163 inducebantur
334 1110 348 1162 b
358 1112 449 1162 cbristo
463 1112 492 1161 ad
507 1112 645 1175 probandam
665 1112 785 1163 veritatem
795 1114 839 1162 bu-

36 1198 114 1235 rnauae
133 1188 236 1246 naturae,
255 1185 358 1248 quedam
378 1183 432 1233 verb
450 1184 478 1233 ad
497 1184 636 1247 probandam
653 1183 746 1247 gloriam
764 1197 840 1235 resur·

36 1256 125 1319 gentis.
140 1255 248 1307 Gouditio
259 1260 335 1306 autem
349 1258 436 1305 nature
447 1256 566 1317 ⁴homone,
574 1255 697 1306 secunddm
711 1255 772 1319 qubd
782 1256 806 1305 in
817 1270 842 1308 se

38 1328 206 1389 consideratur,
219 1333 329 1391 quantum
344 1326 431 1377 scilicet
445 1328 473 1377 ad
492 1330 577 1377 stetuun
590 1331 735 1390 presentem,
750 1331 842 1378 coutra-

38 1401 111 1450 rietur
121 1399 246 1449 conditioni
260 1398 351 1463 glorie,
366 1398 490 1449 seeunddm
503 1399 558 1449 iilud
572 1399 591 1447 1.
612 1398 683 1455 Con,
694 1399 734 1449 XV
748 1414 755 1447 :
773 1416 788 1446 o
798 1400 842 1450 Se-

38 1474 140 1523 minatur
158 1472 182 1521 in
202 1470 332 1533 infirmitate
337 1508 347 1534 ,
365 1472 442 1533 surget
455 1470 479 1519 in
493 1470 587 1520 virtute.
603 1486 618 1515 n
632 1470 661 1519 ut
682 1470 734 1521 ideo
752 1483 843 1535 eaque

39 1546 178 1595 inducuntur
192 1545 219 1593 ad
233 1543 396 1594 ostendendam
409 1542 561 1594 conditionem
574 1541 668 1605 glorie,
682 1542 787 1593 uidentur
803 1545 844 1593 ba-

49 1630 94 1666 tere
107 1614 289 1666 contrarietatem
303 1615 331 1663 ad
350 1617 452 1663 naturam
460 1651 470 1677 ,
484 1627 530 1664 non
549 1612 696 1677 simpliciter,
711 1615 752 1664 sed
763 1627 844 1665 secum

48 1686 94 1736 dum
108 1690 192 1736 statum
203 1690 353 1749 presentem,
368 1689 391 1736 et
404 1686 417 1735 ie
431 1697 550 1735 conuerso.
570 1684 634 1734 Unde
651 1686 772 1747 Gregorius
787 1686 843 1736 dicit

42 1756 63 1808 iu
79 1758 167 1808 demit.
181 1758 260 1809 XXVI.
275 1760 308 1819 (ut
317 1756 413 1821 supri):
429 1774 442 1805 u
452 1756 574 1816 Quasiduo
586 1755 642 1805 mira
654 1761 678 1807 et
686 1757 753 1820 juxte
763 1758 843 1808 bunia·

45 1844 93 1880 ram
111 1830 222 1880 rationem
240 1829 285 1880 sibi
304 1827 368 1879 rator
389 1829 517 1891 contraria,
532 1826 641 1877 Dominus
660 1828 774 1889 ostendit,
788 1830 842 1879 dum
932 1823 933 1834 ¹

57 1906 94 1953 ost
114 1900 301 1953 resurrectionem
315 1913 397 1964 corpus
409 1914 485 1964 suurn,
497 1904 522 1951 et
532 1898 713 1963 incorruptibile,
727 1905 750 1951 et
769 1906 843 1952 umen

66 1972 154 2038 tpabile
168 1972 365 2023 demonstravit.»

80 2046 105 2095 id
125 2044 217 2095 tertium
238 2044 370 2107 dicendum,
382 2042 441 2108 qubd
459 2043 517 2093 sicut
535 2042 675 2105 Augustinus
693 2043 749 2093 dicit
761 2058 841 2108 super

72 2102 114 2164 te.
130 2115 220 2179 (arao.
238 2116 335 2177 cxxc),
352 2116 424 2165 «roc
435 2114 496 2177 quor
509 2113 618 2164 nominos
636 2114 711 2164 orata:
727 2114 788 2165 oruc
802 2130 843 2165 me

77 2176 159 2253 dibre,
172 2186 284 2235 nondum
305 2186 372 2235 enim
394 2185 496 2235 ascendi
518 2186 554 2235 ad
573 2186 677 2236 Patrem
696 2201 794 2244 ereum,
808 2187 842 2237 sic

76 2246 128 2307 <liii
140 2260 183 2319 est,
195 2261 220 2307 ut
233 2257 258 2307 in
271 2257 311 2306 itta
320 2256 415 2307 immina
425 2257 561 2320 figuraretur
569 2257 672 2307 Ecclesia
686 2258 714 2308 de
725 2257 841 2321 gentibus,

80 2326 129 2382 (Ιῑῑθὲ
146 2328 263 2379 Christum
274 2341 322 2379 non
334 2328 446 2389 eredidit,
464 2326 509 2377 nisi
524 2327 577 2377 edm
595 2329 736 2380 ascendisset
752 2330 780 2380 ed
798 2331 842 2378 Pa·

81 2394 175 2470 ifflfflut
184 2400 218 2451 sic
228 2400 252 2450 in
262 2410 286 2451 se
297 2400 358 2451 credi
371 2399 441 2450 uoluit
454 2399 534 2462 iesus,
547 2401 642 2461 bocest,
657 2399 690 2450 sic
703 2412 729 2450 se
738 2398 844 2465 spiritua·

84 2463 136 2541 biti
154 2472 188 2536 gi,
200 2470 260 2534 quod
280 2470 330 2536 ipse
345 2475 369 2521 et
389 2474 456 2521 Pater
472 2484 543 2520 unum
558 2474 628 2534 sunt,
641 2471 692 2534 ejus
706 2470 793 2535 quippe
806 2470 844 2520 iu·

87 2536 149 2581 umus
162 2543 223 2593 tibus
236 2543 399 2607 quodammodo
408 2541 509 2593 aseendit
521 2544 549 2593 ad
562 2543 664 2603 Patrem,
678 2542 717 2606 qui
728 2544 763 2593 sio
778 2543 802 2593 iu
812 2556 840 2593 eo

54 2646 64 2675 ,
89 2599 176 2670 protect
190 2618 216 2664 nt
230 2615 292 2665 Petri
306 2619 413 2678 agnoscat
426 2615 545 2678 aqualem.
565 2615 617 2665 Heu
629 2619 706 2664 autem
722 2613 845 2665 carnaliter

92 2674 164 2725 ³thss
178 2679 224 2737 bun
237 2688 357 2750 credebat,
376 2700 444 2751 quem
457 2686 515 2738 sieut
528 2688 644 2738 bominem
658 2686 735 2737 flebat.
749 2703 764 2734 r>
777 2686 842 2746 Quod

130 2820 163 2885 (ί)
177 2821 208 2867 3¹
219 2843 263 2889 boc
276 2843 352 2899 ipsum
370 2840 432 2888 Beda
448 2853 478 2888 cx
497 2842 627 2899 augustino
638 2841 751 2901 sumpsit,
765 2843 841 2899 Epist.

99 2888 176 2945 ω’
191 2892 216 2939 ‘¹¹
228 2906 272 2953 sub
283 2904 362 2951 tinem.
