1917 3317
290 189 321 224 nn
336 187 426 225 casnm
441 189 550 238 emersu,
567 191 621 228 nac.
810 183 856 228 ³29

53 262 113 326 qudd
128 262 195 313 etiam
213 263 238 312 in
251 263 341 313 Clrristo
358 263 427 315 luerit
445 265 518 328 tides,
531 265 583 315 ciam
599 265 657 315 nihil
676 266 856 331 imperfectionis

52 335 164 398 importet.

82 407 125 456 Sed
136 411 217 456 contra
233 409 275 467 est,
290 408 350 469 quod
362 407 445 456 dicitm
458 409 543 469 Heba„
556 409 598 469 lll,
611 408 670 472 qnbd
685 411 740 462 fides
750 416 784 462 est
795 430 809 461 u
818 427 855 463 ar-

52 481 181 541 gumentum
203 493 249 528 non
268 478 435 542 apparentium.
451 497 464 526 »
491 480 533 530 Sed
557 481 646 530 Christo
668 481 725 532 nibil
748 483 790 532 luit
811 497 858 536 uon

51 561 169 612 apparens,
190 548 315 598 secundum
333 549 388 598 illud
402 551 462 612 quod
477 550 534 600 dixit
548 552 570 600 ei
584 553 681 614 Petrus,
696 554 778 609 toan..
791 556 834 605 ult.
848 571 855 606 :

54 621 110 670 «Tu
120 620 198 670 omnia
210 620 280 670 nosti.
295 637 308 666 o
324 621 385 683 Ergo
397 620 421 670 in
434 622 525 672 Christo
540 635 585 672 non
594 622 639 671 luit
653 623 719 673 fides.

83 691 341 756 (Conclusio-Ciam
360 692 463 742 Christus
476 693 489 742 t
503 693 577 756 primo
591 693 685 744 instanti
698 698 855 760 conceptionis

54 777 97 815 sna
110 763 180 827 plane
194 777 235 826 per
243 764 366 814 essentiam
379 764 451 814 baum
462 763 554 827 viderit,
569 765 711 818 nullomodo
723 767 780 818 tides
795 768 820 818 in
829 783 858 821 eo

53 849 101 886 csse
114 835 215 898 potuit.)

82 906 217 970 despondeo
226 907 358 966 dicendum,
368 906 430 969 qudd
443 906 504 955 sicud
516 907 541 956 in
556 909 584 957 ll.
598 911 656 971 part.
671 907 800 961 dictumest
811 913 853 977 tl),

55 979 167 1044 objectum
183 979 236 1029 fidei
248 983 282 1029 est
293 993 329 1028 res
341 978 418 1028 diuina
427 992 473 1028 non
484 979 543 1028 visa.
552 980 647 1030 Habitus
663 985 741 1030 autem
755 983 855 1047 uirtutis,

51 1051 109 1101 sicud
121 1055 145 1100 et
161 1052 259 1115 quilibet
272 1051 347 1112 alius,
360 1051 442 1115 recipit
462 1051 563 1114 speciem
583 1053 611 1101 ab
627 1053 724 1115 objecto.
747 1056 776 1104 llt
791 1054 854 1116 ideo,

51 1123 142 1173 excluso
158 1123 219 1184 qubd
240 1136 277 1172 res
293 1122 370 1172 diuina
388 1121 419 1172 sit
435 1136 482 1172 non
498 1124 560 1184 uisa,
576 1125 704 1174 excluditur
721 1127 778 1176 ratio
793 1125 855 1176 lidei.

53 1193 153 1244 Cbristns
171 1200 249 1244 autem
263 1195 357 1258 aprime
370 1194 467 1244 instanti
480 1209 526 1246 suae
542 1196 699 1258 conceptionis
712 1195 779 1260 plene
797 1197 856 1247 vidit

51 1265 122 1314 Deum
135 1279 177 1329 per
192 1267 334 1326 essentiam,
350 1269 377 1315 ut
389 1265 448 1315 infra
461 1265 548 1316 dicotur
564 1267 619 1330 (qu.
633 1268 690 1331 tt).
705 1268 769 1318 Unde
786 1269 811 1318 in
828 1281 856 1320 eo
925 1312 931 1324 ,

54 1335 111 1386 fides
126 1350 176 1387 esse
188 1351 235 1387 non
244 1336 326 1400 potuit.

81 1408 114 1456 td
130 1408 229 1472 primum
246 1421 299 1471 ergo
318 1408 454 1470 dicendum,
468 1409 530 1471 qubd
545 1409 602 1459 tides
620 1413 656 1459 est
670 1409 765 1460 nobilior
784 1412 856 1462 uirtu-

51 1479 111 1529 tibns
129 1481 268 1542 moralibus,
283 1480 337 1543 quia
348 1484 384 1530 est
400 1480 461 1529 circa
474 1481 608 1531 nobiliorem
622 1482 757 1542 materiam,
770 1485 810 1532 sed
821 1487 857 1532 ta·

52 1565 106 1620 men
120 1551 227 1616 importat
247 1553 367 1614 quemdam
384 1551 498 1601 delectum
517 1551 541 1602 iu
562 1553 729 1615 comparatione
749 1555 778 1602 ad
793 1555 856 1604 illam

52 1623 186 1686 materiam
197 1623 236 1685 qni
245 1623 347 1673 delectus
359 1622 384 1671 in
398 1623 490 1674 Christo
502 1637 548 1673 non
562 1624 613 1674 fuit.
627 1625 655 1672 m
664 1624 716 1673 ideo
727 1637 773 1674 non
783 1626 857 1688 potuit

52 1692 114 1744 ineo
125 1707 177 1744 esse
195 1694 265 1757 tides,
278 1693 429 1744 lirbtluerint
447 1695 470 1743 in
488 1709 515 1746 ec
529 1695 625 1746 virtutes
640 1697 750 1758 morales,
766 1710 817 1760 qua
830 1697 856 1748 in

52 1767 88 1816 sni
103 1767 193 1816 ratione
204 1766 336 1830 hujusmodi
347 1767 462 1816 delectum
477 1781 524 1818 nou
544 1767 668 1831 important
683 1781 724 1832 per
737 1779 856 1832 compara-

52 1838 139 1888 tionem
153 1839 181 1887 ad
193 1852 246 1886 suas
260 1837 374 1888 materias.

81 1911 117 1960 ld
140 1911 266 1959 secundum
284 1909 422 1970 dicendum,
436 1909 497 1972 qubd
511 1910 618 1960 meritum
641 1911 694 1960 fidei
708 1911 813 1961 consistit
831 1911 857 1960 in

50 1983 95 2032 boc
107 1981 169 2044 quod
185 1983 254 2031 bomo
265 1995 294 2030 ex
304 1981 434 2031 obedientia
444 1981 486 2031 ltei
496 1983 593 2032 assentit
604 1981 649 2031 illis
661 1997 711 2045 quas
724 1996 770 2032 non
781 1984 854 2044 videt,

49 2051 179 2102 secundnm
196 2053 252 2101 illud
270 2055 352 2108 llum„
364 2055 392 2100 l:
410 2069 423 2099 ι(
439 2054 472 2102 ld
486 2052 636 2102 obediendum
648 2055 701 2104 lidei
714 2055 737 2103 in
749 2054 856 2105 omnibus

49 2123 158 2187 gentibus
169 2138 210 2186 pro
220 2122 311 2173 nomine
321 2124 379 2187 ejus.
396 2141 410 2170 n
423 2124 581 2174 obedientiam
595 2129 671 2174 autem
685 2127 713 2174 ad
725 2127 795 2176 lteum
806 2126 855 2190 ple-

48 2195 148 2245 nissime
156 2196 236 2245 babuit
251 2197 362 2260 Christus,
372 2195 498 2247 secundum
509 2197 564 2246 illud
578 2195 687 2260 stirap„
699 2199 719 2246 ll
730 2213 736 2246 ε
746 2215 762 2244 ·«
773 2198 857 2248 Factus

47 2272 86 2319 est
99 2267 212 2318 obediens
225 2281 297 2332 usque
310 2268 339 2317 ad
351 2272 456 2318 mortem.
465 2284 480 2314 n
496 2269 524 2317 lit
534 2268 566 2318 sic
578 2267 636 2317 nilril
650 2270 679 2318 ad
690 2268 794 2319 meritum
805 2282 857 2332 per·

47 2339 129 2389 tineus
142 2339 218 2389 docuit
231 2339 292 2402 qudd
303 2341 355 2403 ipse
368 2339 516 2390 excellentius
529 2352 575 2388 non
587 2339 699 2403 impleret.

81 2411 120 2459 lid
131 2411 223 2460 tertium
232 2411 370 2475 dicendum,
384 2410 445 2474 qubd
458 2410 519 2461 sicut
531 2411 609 2460 Glossa
622 2411 708 2460 ibidem
721 2411 785 2474 dicit,
799 2411 858 2462 lidos

45 2480 143 2546 proprie
153 2485 188 2532 est
198 2496 242 2544 qua
256 2484 442 2546 credanturque
457 2495 503 2532 non
512 2482 631 2544 videntum,
645 2484 684 2534 sed
693 2483 749 2534 illes
759 2497 808 2546 quae
824 2486 858 2532 est

45 2552 246 2614 rerumuisarum,
264 2553 386 2618 improprie
400 2552 498 2615 dicitur,
516 2557 539 2602 et
553 2553 678 2604 sccundlrm
690 2553 812 2616 quamdam
822 2553 859 2604 si-

45 2621 220 2687 militudinem,
235 2629 346 2698 quantum
359 2627 388 2676 ad
402 2624 563 2676 certitudinem
577 2629 616 2675 aut
634 2624 761 2676 firmitatem
781 2625 859 2676 adba-

45 2708 138 2746 sionis.

82 2803 117 2866 (l)
135 2807 180 2850 Seu
194 2806 219 2864 2,
234 2806 258 2865 Ξ,
273 2819 313 2862 qn.
325 2806 349 2863 1,
363 2813 407 2850 art.
419 2806 444 2866 4,
460 2819 490 2851 ex
502 2807 617 2864 prolessc.
