1917 3317
175 180 208 215 ou
225 176 433 221 emwmmaruus
448 174 566 226 cunero,
580 174 635 213 ure
762 162 809 211 titt

41 257 119 305 :tortam
136 253 337 319 participationem
352 252 439 301 diuino
452 250 572 310 bonitatis,
587 250 653 313 quasi
667 248 738 299 radiis
747 250 811 301 illius

52 330 110 378 rotatis
129 328 245 391 subjecta.
260 324 378 386 Seuuudb,
393 325 493 373 bumana
511 326 591 373 natura
607 321 727 385 subjicitur
746 323 807 385 beo,

59 407 111 447 olum
120 401 147 451 ad
158 398 198 450 Dei
209 400 358 461 belesmiam
368 400 435 460 prout
443 394 529 445 scilicet
538 399 619 444 natura
626 395 735 456 bumana,
745 394 806 443 sicut

50 471 144 521 oratlbet
156 474 278 530 ereatura,
291 468 396 531 subjacet
408 466 535 531 operationi
545 464 629 515 diune
641 463 809 527 dispositionis.

59 558 81 592 ¹o
94 544 166 604 ruodo,
181 540 315 606 specialiter
329 544 428 589 bumana
440 543 520 589 natura
537 539 584 587 lloo
598 536 719 598 subjicitur
730 547 809 597 quau-

54 630 58 661 ι
75 614 228 678 obproprium
248 626 316 661 suum
339 614 428 667 actum3
443 610 468 659 iu
485 614 595 673 quantum
613 607 702 656 scilieet
717 606 810 670 propria

67 694 119 735 :itote
129 684 206 737 obedit
214 683 328 733 mandatis
338 682 396 744 ejus.
409 682 438 731 tlt
449 682 508 731 hauc
518 680 629 743 triplicem
645 678 811 741 subjectionem

56 766 67 802 r·
75 762 131 807 rtrum
138 757 242 807 cbristus
249 755 276 803 de
286 754 363 817 seipso
374 752 494 803 confitetur
504 751 591 815 :prima
600 750 693 814 quidem
703 748 810 807 Multi„

51 847 58 875 r
75 845 79 875 :
94 829 169 887 ‹rdrrid
183 840 221 877 me
232 826 360 889 iutermgas
371 825 399 875 de
411 823 485 874 boue?
498 837 559 871 uuus
570 827 605 872 est
617 823 699 881 bouus,
715 821 784 870 Deus.
793 834 809 867 a

68 902 229 965 Hieronymus,
244 898 300 947 dicit
315 912 321 946 :
340 914 353 944 a
367 896 411 955 Qui
428 896 562 959 magistrum
576 892 810 952 suburbanorum,

56 988 88 1021 ertu
101 975 187 1033 Deum,
198 970 236 1020 uel
249 969 290 1019 liei
303 968 387 1018 Filium
401 966 521 1017 confessos
533 972 596 1025 erat,
608 965 675 1014 discit
683 963 810 1026 homiuem,

63 1048 107 1095 aris
121 1048 229 1095 saucium
239 1080 246 1102 ‚
255 1041 280 1090 iu
291 1039 458 1104 comparatione
471 1039 510 1088 liei
522 1051 569 1089 nou
579 1050 629 1086 esse
640 1037 733 1085 bouum.
744 1050 758 1081 o
768 1036 812 1083 Per

60 1122 62 1154 ὲ
79 1117 137 1167 dedit
150 1114 280 1175 intelligere
292 1112 353 1175 qudd
363 1112 413 1174 ipse
428 1110 554 1160 secuudum
568 1110 693 1158 humanam
706 1110 812 1154 naturam

70 1188 207 1251 [adiugebat
218 1184 246 1234 ad
260 1185 353 1247 gradum
368 1182 475 1232 bonitatis
494 1180 587 1232 diuinae.
600 1181 629 1228 ltt
642 1178 696 1242 quia
710 1194 725 1225 a
738 1178 763 1226 iu
774 1175 813 1226 his

74 1274 113 1309 nou
125 1260 187 1309 mole
198 1269 280 1319 magua
291 1258 358 1315 suut,
368 1255 427 1303 idem
435 1256 470 1303 est
478 1266 530 1303 esse
540 1252 615 1314 majus
624 1251 684 1313 quod
694 1249 784 1311 melius,
795 1262 811 1295 n

61 1331 192 1393 lrrgustiuus
205 1328 263 1377 dicit
276 1327 301 1376 iu
315 1327 352 1375 Vl.
369 1327 406 1375 De
421 1326 513 1375 Trinit.
531 1325 601 1387 (cap.
616 1323 658 1385 8),
675 1334 704 1371 cx
718 1322 762 1369 bac
776 1331 811 1368 ra·

56 1421 65 1436 ⁶
86 1407 153 1453 Pater
166 1398 253 1451 dicitur
267 1397 340 1461 major
352 1397 443 1447 Cbristo
460 1396 585 1446 secuudum
605 1395 727 1443 humanam
741 1393 815 1439 uatu-

56 1514 59 1521 .
76 1474 180 1523 Secunda
193 1470 266 1521 etiam
279 1468 395 1533 subjectio
406 1468 499 1518 Christo
508 1465 647 1525 attribuitur,
659 1464 684 1513 iu
699 1466 812 1525 quantum

61 1560 77 1592 ra
91 1558 143 1607 que
162 1542 226 1593 cirea
244 1541 411 1590 humanitatem
428 1538 513 1589 Christi
529 1541 581 1587 acta
598 1538 665 1595 suut,
677 1533 755 1584 divim
767 1531 814 1581 dis·

60 1618 115 1666 ‘loire
140 1616 211 1678 gesta
232 1612 363 1661 creduntur.
388 1610 452 1660 Uudc
477 1609 599 1673 llioupsius
623 1606 679 1657 dicit
703 1617 755 1667 cap.
775 1602 814 1651 ll.

51 1690 101 1736 sort.
115 1684 257 1740 hierarch„
268 1682 330 1747 qudd
341 1700 354 1731 a
363 1682 465 1734 Christus
478 1680 597 1751 subjicitur
607 1679 648 1729 Dei
662 1676 738 1728 Patris
753 1675 813 1726 ordi-

65 1763 141 1810 nibus.
157 1776 172 1807 n
186 1759 219 1807 lit
233 1758 283 1806 haec
295 1760 331 1805 est
348 1754 460 1818 subjectio
470 1752 603 1814 seruitutis,
615 1750 739 1800 secundum
753 1746 817 1810 quod

62 1835 200 1883 mercatura
219 1829 267 1878 lieo
282 1826 353 1877 seruit
363 1865 370 1887 ‚
379 1826 430 1889 ejus
440 1822 589 1875 ordinationis
601 1820 719 1884 subjecta,
733 1832 818 1868 secuu-
834 1879 840 1891 ι

72 1906 124 1954 illud
138 1903 273 1967 Sopr‘ent„
282 1900 350 1949 XVl:
363 1899 493 1947 «creatura
504 1892 638 1945 tibilactori
652 1889 817 1941 deserviens.»

58 1976 181 2026 muudum
198 1974 246 2021 hoc
264 1970 332 2021 etiam
346 1968 420 2019 Filius
433 1966 487 2027 liei,
504 1965 610 2028 Philip,
628 1964 665 2023 ll,
679 1960 763 2011 dicitur
773 1958 819 2009 tor·

53 2063 63 2094 o
82 2048 147 2097 servi
169 2042 301 2105 accepisse.
320 2038 420 2091 Tertiam
439 2038 508 2087 etiam
528 2034 694 2098 subjectionem
716 2029 820 2081 attribuit

59 2122 96 2180 ipsi
111 2121 204 2171 loon„
218 2114 279 2175 vttl,
288 2110 382 2161 diceus:
397 2126 411 2157 (ι
421 2110 475 2167 Quae
486 2108 570 2172 placita
582 2110 636 2155 sunt
649 2105 678 2168 ei,
689 2104 750 2153 facio
759 2115 820 2152 sem-

68 2210 78 2235 r
93 2192 122 2240 Et
138 2191 192 2239 baec
213 2188 252 2236 est
271 2182 385 2247 subjectio
399 2180 534 2231 obedieutiae
547 2177 610 2227 Patri
631 2190 704 2240 usque
719 2176 745 2224 ad
760 2186 820 2223 mor-

50 2278 64 2308 .:
79 2264 139 2312 crude
164 2257 253 2309 dicitur
270 2253 378 2315 Philip„
398 2251 418 2301 ll
429 2288 438 2315 ,
450 2250 511 2317 qubd
534 2249 637 2298 «lactus
654 2252 691 2297 est
712 2244 821 2296 obediens

54 2350 66 2380 u
78 2336 109 2397 (t)
126 2344 209 2395 usque
225 2328 252 2377 ed
266 2328 372 2377 mortem.
388 2340 402 2371 o

51 2413 69 2453 tt
82 2408 182 2469 primum
197 2413 258 2463 ergo
272 2398 412 2459 dicendum,
429 2395 489 2459 qubd
501 2394 561 2444 sicut
573 2405 620 2443 nou
632 2393 673 2441 'est
685 2387 821 2452 simpliciter

71 2480 177 2540 egendum
193 2469 260 2539 qudd
270 2468 376 2519 Christus
389 2467 419 2517 sit
432 2470 543 2528 creatura,
555 2464 594 2514 sed
608 2462 681 2513 sollum
695 2462 820 2511 secuudum

67 2564 119 2598 uam
134 2540 265 2603 naturam,
276 2540 327 2590 siue
339 2542 465 2603 apponatur
478 2537 500 2586 ei
511 2532 685 2595 determinatio,
697 2532 747 2581 sira
759 2539 817 2591 nou,

61 2622 101 2682 cri
112 2620 207 2671 Mum
222 2616 261 2665 est
275 2610 325 2677 (qu.
339 2614 378 2673 16,
392 2614 436 2659 art.
449 2611 488 2671 8);
500 2607 532 2657 ita
544 2607 614 2656 etiam
624 2618 669 2656 uou
683 2608 718 2654 ost
730 2600 819 2665 simpli·

55 2782 68 2822 l¹
79 2786 117 2830 Vel
130 2778 290 2839 simpliciter,
298 2774 410 2821 obediens
421 2784 498 2829 arque
512 2770 544 2815 od
553 2773 663 2817 mortem,
671 2778 700 2811 ex
709 2760 817 2819 Apostoli

53 2854 79 2899 Ἠ,
92 2849 130 2892 sed
139 2840 276 2893 manifeste
287 2836 429 2894 subintelligi
440 2836 514 2882 debet
526 2833 615 2881 Patri,
628 2830 697 2887 dquo
706 2823 820 2871 moriendi

43 2918 143 2965 saeptum
154 2908 299 2963 ammian.
