1917 3317
238 162 270 199 urs
284 160 430 201 sscsnsromr
446 162 551 201 cumsm.
734 152 796 199 todi

46 241 66 287 a.
79 236 190 300 Ριιιιιιι,
207 237 227 287 si
248 238 352 289 ascensio
370 238 458 289 christi
471 243 506 289 ost
522 249 593 287 causa
604 239 690 289 uostm
705 236 796 301 salutis,

46 308 104 359 irrue
123 310 162 360 icc
176 307 265 360 videtur
284 314 393 373 ιιιιιιιιιιιιι
410 311 438 377 od
450 312 496 361 hoc
508 308 567 371 oudd
581 308 686 359 ascensio
698 308 749 373 ejus
766 309 799 359 sit

46 394 75 431 rsa
87 384 162 431 nostra
175 381 321 431 ascensionis.
333 382 377 433 Sed
388 382 431 431 troc
444 382 552 433 collatum
565 383 600 431 est
612 379 679 431 uobis
693 394 734 445 pcc
744 380 797 444 ejrss

46 453 143 515 sionem,
154 452 213 516 quia,
224 456 250 502 ut
261 453 344 503 dicitur
357 452 444 511 Hebe„
457 454 491 515 X,
510 454 644 504 «habemus
657 452 759 503 iiducianr
773 452 798 501 in

46 526 98 575 coitu
112 528 233 575 munorum
246 537 287 589 per
296 526 431 589 sanguineus
445 526 527 589 ipsius.
538 542 552 573 n
563 526 622 588 tingo
634 525 725 576 videtur
735 525 797 589 quod

46 596 109 645 ensio
127 596 205 645 Christi
220 609 267 646 nou
278 594 348 647 fuerit
360 610 428 649 musa
444 605 526 648 uostrae
536 597 626 647 salutis.

46 676 58 718 ι.
75 669 194 731 Praeterea,
209 668 270 718 salus
289 668 355 719 nobis
368 682 409 733 per
428 669 547 719 Christum
564 668 646 719 coliata
664 670 700 718 est
714 668 798 732 sempi-

46 752 75 801 ra,
89 738 207 789 secundnm
220 738 274 788 illud
291 741 362 796 dcci„
375 740 422 790 Ll:
440 757 453 788 ι
471 741 538 791 satus
547 743 622 790 antem
637 752 687 790 urea
700 739 725 791 iu
736 753 796 791 sern-

46 824 117 861 uuum
130 810 176 861 erit.
192 826 206 857 n
220 812 263 862 Sed
281 812 385 863 Christus
399 826 446 864 non
460 812 563 863 ascendit
574 812 599 862 in
613 813 713 875 cuium,
728 815 753 861 ut
764 812 797 862 ibi

46 882 201 947 sempiternum
210 886 285 946 esset3
303 884 455 935 diciturenim
469 886 572 945 Act.,t:
585 884 798 944 «Quemadmodum

46 954 91 1003 {siis
105 967 153 1003 eum
176 956 332 1005 ascendentem
351 955 374 1006 in
393 957 496 1017 coelurn,
516 956 549 1006 ita
566 956 683 1007 veniet.»
705 955 799 1018 Legitur

50 1040 71 1074 m
87 1024 162 1075 multis
172 1026 256 1076 sanctis
277 1039 301 1077 se
320 1027 489 1078 demonstrasse
502 1028 527 1077 in
537 1027 604 1077 terris
620 1031 747 1090 postauam
761 1040 798 1077 as·

46 1098 147 1159 sionem,
166 1096 224 1147 sicut
242 1099 270 1148 de
289 1097 357 1149 Paulo
374 1097 456 1161 legitur
481 1100 551 1154 Act„
570 1099 610 1148 ix.
631 1099 691 1161 Ergo
709 1098 799 1149 videtur

47 1171 60 1217 d
80 1168 130 1232 ejus
148 1169 248 1219 ascensio
266 1181 312 1219 nou
330 1169 360 1219 sit
377 1184 446 1220 causa
468 1176 554 1222 uostrae
569 1170 660 1221 salutis.
800 1197 802 1200 -

48 1240 77 1289 ed
88 1242 164 1289 contre
175 1244 217 1304 est,
229 1240 288 1304 quod
298 1240 348 1305 ipse
360 1240 423 1303 dicit,
434 1243 518 1298 loon„
530 1242 594 1291 xvi:
606 1240 724 1304 «Expedit
733 1242 801 1291 vobis

46 1325 81 1374 rgo
96 1310 184 1373 vadam,
192 1328 207 1358 u
215 1312 239 1361 id
250 1315 295 1373 est,
309 1315 335 1362 ut
345 1313 447 1363 recedam
459 1313 546 1363 duobis
558 1326 599 1376 per
608 1310 798 1363 ascensiommu

48 1384 192 1433 Concucsuo.
205 1410 234 1421 -
252 1384 361 1435 escensio
374 1384 461 1435 Christi
472 1384 551 1435 salutis
564 1388 646 1434 nostre
658 1396 728 1434 causa
740 1384 798 1445 fuir,

46 1474 48 1502 i
63 1468 93 1504 ex
112 1458 174 1517 parte
192 1460 282 1517 nostra,
297 1459 463 1519 quatenusper
485 1456 537 1519 eius
557 1454 716 1505 ascensionem
734 1468 800 1505 mens

46 1532 76 1574 :ra
92 1526 117 1574 iu
131 1525 205 1589 ipsuuu
222 1530 340 1586 movetur,
354 1530 403 1577 tum
416 1539 445 1577 ex
458 1530 523 1590 parto
537 1539 592 1590 sna,
609 1530 722 1590 quamuus
734 1526 801 1577 nobis

46 1613 56 1646 o
74 1598 99 1646 iu
120 1597 200 1647 coelum
211 1598 372 1662 preparavit.)

48 1669 168 1733 espondeo
180 1670 309 1733 dicendum,
324 1669 385 1733 quod
399 1669 503 1721 ascensio
519 1670 605 1721 Christi
618 1673 654 1721 est
666 1682 735 1721 cansa
749 1683 802 1721 uos·

50 1741 135 1791 salutis
146 1741 284 1805 dupliciter:
300 1755 346 1792 unu
359 1738 426 1793 ruodo
446 1756 475 1792 es
487 1745 551 1805 porte
564 1746 656 1804 nostra,
671 1742 715 1792 aiio
733 1741 800 1793 modo

46 1816 110 1875 nante
128 1812 210 1877 ipsius.
225 1814 260 1863 Es
277 1818 341 1878 parte
358 1814 450 1877 quidem
468 1819 563 1875 nostra,
581 1814 606 1863 in
628 1817 739 1877 quantum
760 1826 801 1877 per

46 1886 85 1935 sti
99 1885 258 1937 ascensionem
268 1899 334 1937 mens
346 1891 421 1937 nostra
435 1892 538 1937 movetur
552 1886 577 1936 iu
587 1886 679 1949 ipscm3
693 1886 747 1949 qnia
760 1899 802 1949 per

63 1957 239 2021 ascensionem,
253 1958 313 2009 sicut
328 1958 396 2023 sopri
408 1959 493 2009 dictum
505 1961 542 2009 est
559 1958 612 2021 (art.
623 1960 637 2006 1
647 1962 671 2007 et
679 1958 714 2020 a),
727 1956 801 2020 primo

46 2042 86 2078 em
97 2028 239 2079 dutnriocus
253 2030 315 2091 fidei,
330 2030 429 2083 secuudd
439 2030 498 2096 spei,
512 2028 579 2080 tertio
593 2026 706 2086 charitati,
721 2028 802 2091 qnnrtd

46 2115 61 2149 n
77 2114 121 2165 per
134 2102 181 2153 hoc
191 2101 318 2153 reverentia
333 2107 412 2154 nostra
426 2107 522 2167 augetur
536 2102 564 2151 ad
576 2101 667 2165 ipsum,
685 2102 738 2151 dum
752 2101 802 2163 jam

57 2172 222 2223 existimamus
245 2186 297 2225 euru
320 2174 379 2225 sicut
397 2174 514 2226 homiuem
531 2177 661 2235 mosenum,
681 2173 721 2221 sed
743 2172 804 2221 sicut

46 2244 212 2308 ucoeiestem,
227 2246 285 2296 sicut
298 2250 321 2298 et
334 2246 456 2309 Apostolus
464 2246 527 2307 dicit,
535 2246 565 2295 ΙΙ.
575 2244 611 2293 od
622 2245 695 2303 Cor„
703 2244 738 2292 V:
752 2243 803 2291 «Et

46 2316 185 2378 ignovimus
200 2318 324 2368 secuudum
333 2329 424 2369 carneus
436 2317 576 2368 Christusne
591 2317 661 2366 idest
675 2315 802 2376 mortalem,

46 2389 111 2450 qnod
126 2392 263 2453 putavimus
279 2402 331 2440 eum
346 2389 434 2439 tanturn
450 2388 568 2439 hominem
576 2424 585 2451 ‚
601 2390 627 2437 ut
640 2388 717 2437 Giossu
731 2398 803 2448 expo·

46 2500 47 2511 ,
66 2476 82 2506 (ι
98 2460 142 2510 sed
163 2474 226 2511 nunc
243 2461 290 2525 jam
309 2474 356 2512 nou
369 2460 486 2511 novimus.
501 2461 562 2509 »Ex
578 2463 643 2524 parto
657 2462 732 2507 numm
746 2469 802 2518 sua,

46 2534 101 2579 turn
123 2533 154 2582 nd
170 2546 199 2583 ea
219 2546 269 2596 que
292 2532 343 2597 ipse
361 2532 433 2593 iecit,
447 2534 573 2582 ascendens
593 2534 685 2595 propter
701 2531 804 2579 nostram

46 2616 104 2665 eru,
117 2602 198 2667 prinud
210 2604 307 2667 quidem¹
315 2605 377 2654 viam
390 2603 457 2654 uobis
470 2602 608 2668 preparavit
622 2599 757 2652 ascendendi
777 2598 804 2648 iu

46 2690 79 2735 ur,
93 2675 230 2726 secundino
242 2676 303 2739 quod
318 2676 367 2741 ipse
380 2676 445 2739 dicit,
455 2676 540 2735 loom,
555 2674 621 2725 xlv:
635 2691 650 2722 ιι
660 2672 723 2721 Vedo
736 2669 802 2721 vobis

48 2760 62 2795 e
78 2746 211 2808 locum3u
232 2751 255 2797 et
271 2748 359 2807 Micia„
374 2748 394 2797 li
408 2763 414 2797 ι
428 2763 442 2795 ιι
452 2745 561 2797 Ascendit
572 2744 674 2808 pandens
692 2742 802 2791 iterante

46 2833 60 2863 ι)
80 2817 149 2876 Quia
162 2819 226 2867 euim
240 2820 290 2885 ipse
304 2825 341 2871 est
353 2824 421 2884 capnt
431 2824 551 2880 nostrum,
566 2818 654 2879 oportet
669 2814 724 2864 illuc
737 2812 803 2876 sequi

46 2894 90 2937 ora
109 2888 164 2952 qud
177 2894 248 2957 caput
257 2891 388 2957 praecessit3
398 2891 459 2943 uude
469 2888 553 2940 dicitnr
564 2886 647 2945 loon„
661 2885 712 2936 xlv
725 2898 732 2934 :
747 2882 800 2933 utit
