1917 3317
604 141 700 188 286
1022 150 1143 188 rans
1175 151 1257 199 m,
1291 149 1474 196 ansr.
1510 150 1553 198 r,
1587 150 1698 187 Αιιτ.
1730 149 1798 188 vr.

609 229 786 279 novatae
827 225 1002 277 notitiae
1027 226 1107 277 Dei
1144 230 1190 277 et
1223 239 1425 284 morum,
1462 227 1509 275 et
1536 240 1636 275 cum
1679 227 1823 277 adhuc
1848 237 1917 275 rev

604 297 734 360 gnior
765 302 915 359 esset,
951 303 1106 361 postea
1134 310 1214 361 per
1243 297 1428 361 Moysen
1454 296 1602 356 legem
1630 296 1800 347 litteris
1833 295 1917 346 deth*

604 380 700 417 eam
735 373 894 430 gentes
926 373 1230 431 spreverunt,
1262 381 1352 417 non
1384 380 1434 418 se
1463 367 1758 431 subjicientes
1783 367 1853 426 ei,
1879 380 1917 415 n«

603 442 911 501 acceperunt,
945 453 1046 489 eam
1076 443 1406 502 servaverunt,
1435 442 1590 490 motus
1619 438 1917 490 misericordia

604 508 726 558 misit
751 509 917 559 Filium
948 524 1081 560 suum
1103 511 1181 573 qui
1199 548 1213 571 ,
1239 512 1341 560 data
1368 509 1579 560 omnihus
1602 509 1865 560 remissione
1891 521 1917 570 p

602 581 681 631 Dei
719 582 844 631 Patri
870 581 973 632 ilios
995 583 1264 646 justificatos
1290 583 1487 634 offerret.
1510 598 1537 627 ι)
1567 581 1614 632 Si
1642 586 1795 632 autem
1830 583 1914 631 hoc

602 651 858 704 differretur
880 667 1023 717 usque
1060 654 1107 702 in
1134 653 1268 702 finem
1297 652 1456 703 mundi
1474 692 1487 716 ,
1517 653 1721 703 totaliter
1753 653 1833 703 Dei
1867 666 1917 703 uo

601 725 805 774 verentia
839 730 885 775 et
929 738 1104 774 morum
1133 726 1354 775 honestas
1392 724 1559 775 abolita
1598 723 1759 775 fuisset
1788 725 1837 774 in
1860 727 1917 774 ter

602 799 795 858 apparet
812 796 899 845 hoc
920 795 1064 845 fuisse
1093 795 1373 846 conveniens
1394 796 1451 845 ad
1479 795 1898 846 manifestationem

604 866 738 928 tutis,
770 880 870 930 quae
903 866 1111 931 pluribus
1141 867 1288 916 modis
1315 866 1524 917 homines
1549 866 1772 928 salvavit,
1810 879 1903 917 non

602 937 736 987 fidem
763 938 921 1000 futuri,
953 938 1033 987 sed
1062 937 1200 987 etiam
1229 952 1311 1002 per
1337 939 1471 987 tidem
1501 938 1740 1001 praesentis
1768 944 1817 988 et
1840 953 1917 1002 pra

665 1009 732 1058 Ad
753 1009 947 1073 primum
984 1022 1089 1072 ergo
1116 1009 1352 1059 dicendum
1373 1047 1385 1070 ‚
1418 1009 1537 1073 quod
1574 1010 1733 1060 Glossa
1760 1008 1838 1059 illa
1876 1024 1917 1061 ei

603 1080 909 1131 misericordia
944 1083 1218 1145 perducente
1262 1082 1319 1131 ad
1360 1082 1564 1144 gloriam.
1603 1081 1652 1131 Si
1696 1086 1854 1131 tamen
1896 1096 1917 1130 r

604 1152 951 1201 misericordiam
992 1152 1240 1203 exhibitam
1286 1155 1488 1203 humano
1524 1153 1681 1222 generi
1724 1166 1805 1217 per
1846 1154 1917 1203 luc

601 1223 785 1284 Christi,
805 1223 1039 1274 sciendum
1061 1223 1299 1287 estquod,
1323 1224 1439 1273 sicut
1467 1224 1743 1286 Augustinus
1761 1223 1874 1273 dicit
1901 1224 1917 1273 i

605 1297 776 1350 tract„
803 1308 902 1358 cap.
936 1299 997 1344 26
1017 1334 1031 1360 ‚
1060 1300 1243 1361 tempus
1280 1295 1607 1345 incarnationis
1642 1299 1795 1359 potest
1839 1308 1917 1345 con

602 1368 800 1416 ventuti
824 1366 1014 1416 humani
1036 1368 1246 1429 generis,
1276 1370 1462 1431 propter
1492 1366 1697 1429 vigorem
1734 1365 1914 1417 fervore

602 1452 704 1502 qnae
725 1451 804 1503 per
833 1437 1122 1489 dilectionem
1144 1443 1380 1503 operatur3
1405 1440 1649 1487 senectuti
1669 1441 1824 1487 autem
1850 1452 1913 1501 qu

604 1514 737 1572 aetas,
772 1514 954 1575 propter
1003 1522 1239 1562 numerum
1280 1513 1531 1573 temporum
1549 1546 1567 1571 ‚
1599 1510 1708 1572 quia
1753 1510 1917 1560 christu

604 1576 733 1632 seita
761 1586 894 1633 aetate
913 1620 925 1643 ‚
956 1587 1003 1632 et
1030 1583 1239 1647 quamvis
1267 1582 1315 1632 in
1340 1594 1526 1646 corpore
1552 1595 1642 1632 non
1663 1581 1813 1645 possit
1832 1582 1917 1632 sim

605 1656 780 1703 ventus
801 1659 846 1704 et
882 1658 1137 1711 senectus,
1169 1658 1321 1718 potest
1351 1657 1504 1705 tamen
1532 1653 1668 1704 simul
1711 1667 1814 1704 esse
1844 1654 1898 1703 in

604 1729 796 1789 propter
824 1726 1099 1776 alacritatem
1121 1766 1132 1786 ,
1160 1725 1251 1777 ista
1283 1730 1466 1791 propter
1493 1725 1791 1788 gravitatem3
1830 1731 1880 1777 et

607 1797 793 1857 Quoest.
815 1797 979 1847 alicubi
1004 1798 1116 1848 dicit
1134 1798 1407 1861 Augustinus
1428 1836 1440 1858 ,
1459 1798 1554 1861 (lib.
1582 1798 1820 1848 Lxxxln.
1841 1812 1917 1861 qu:

604 1866 725 1930 quod
750 1882 881 1919 «non
898 1870 1096 1933 oportuit
1110 1868 1329 1918 divinitus
1344 1869 1498 1919 venire
1514 1869 1793 1932 Magistrum,
1806 1871 1917 1934 cuju

605 1940 854 1989 humanum
884 1953 1027 2003 genus
1053 1939 1101 1989 in
1135 1952 1288 1989 mores
1318 1940 1513 2004 optimos
1551 1940 1841 2004 formaretur,
1881 1956 1913 1991 n

600 2011 872 2075 juventutis.
903 2020 934 2058 ι’
963 2011 1079 2061 Alibi
1098 2014 1249 2061 autem
1272 2012 1379 2062 dicit
1399 2014 1417 2077 (
1435 2012 1513 2062 lib.
1537 2013 1573 2062 1.
1609 2013 1685 2061 De
1704 2013 1886 2062 Genesi
1912 2036 1917 2060 ‹

605 2085 758 2139 nich„
789 2098 890 2148 cap.
931 2087 995 2133 25
1021 2083 1075 2148 ),
1110 2083 1339 2134 Christum
1376 2084 1425 2133 in
1463 2088 1591 2134 sexta
1633 2088 1768 2135 aetate
1804 2086 1917 2134 hum

608 2158 821 2219 tanquam
848 2156 894 2205 in
925 2159 1163 2206 senectute
1190 2156 1399 2206 venisse.

671 2228 738 2277 Ad
774 2228 1021 2278 secundum
1053 2227 1319 2287 dicendum,
1349 2226 1469 2290 quod
1506 2239 1623 2290 opus
1651 2225 1917 2279 iucarnatim

604 2300 699 2349 lum
727 2302 798 2349 est
826 2299 1204 2349 considerandum
1230 2301 1284 2347 ut
1321 2298 1544 2348 terminus
1576 2301 1725 2348 motus
1748 2298 1817 2349 -de
1853 2299 1914 2349 im

604 2371 883 2434 perfectum,
913 2371 995 2420 sed
1027 2370 1167 2420 etiam
1195 2374 1245 2419 ut
1285 2369 1558 2434 principium
1586 2369 1887 2434 perfeetionis

606 2446 794 2501 natura,
820 2446 870 2490 ut
899 2441 1069 2490 dietum
1093 2444 1181 2491 est.

669 2515 736 2564 Ad
761 2512 946 2563 tertium
973 2511 1241 2572 dicendum,
1280 2510 1401 2575 quod
1437 2512 1556 2562 sicut
1584 2512 1917 2576 Chrysostomu

578 2627 589 2640 ,
607 2585 813 2647 XXVH),
833 2582 942 2633 dicit
964 2596 1101 2647 super
1123 2582 1233 2632 illud
1250 2584 1425 2639 donn„
1454 2584 1498 2631 11
1522 2597 1534 2631 :
1559 2599 1587 2629 «
1601 2583 1709 2633 ,Non
1745 2583 1878 2635 misit
1898 2588 1917 2635 1

607 2671 738 2708 suum
765 2656 815 2705 in
841 2654 1057 2704 mundum
1088 2658 1139 2703 ut
1154 2653 1329 2718 judicet
1348 2654 1569 2704 mundum
1592 2692 1605 2715 ‚
1624 2669 1653 2699 »
1678 2654 1769 2705 duo
1797 2661 1910 2707 suut

607 2732 808 2780 ventus:
839 2727 1016 2791 primus
1043 2726 1225 2789 quidem
1248 2763 1259 2784 ‚
1297 2732 1349 2776 ut
1383 2726 1589 2778 remittat
1619 2729 1837 2791 peccata3
1870 2743 1917 2781 se

601 2801 778 2866 judicet
813 2802 1050 2851 mundum.
1081 2799 1136 2848 vSi
1170 2798 1289 2848 enim
1320 2800 1409 2849 hoc
1438 2812 1528 2849 non
1570 2798 1755 2849 fecisset
1774 2838 1791 2863 ‚
1820 2802 1917 2851 uni*

605 2872 773 2937 perditi
811 2876 995 2937 essent3
1030 2888 1058 2919 «
1085 2883 1243 2922 omnes
1279 2870 1403 2921 enim
1435 2874 1744 2936 peccaverunt
1760 2910 1776 2936 ‚
1806 2876 1857 2925 et
1898 2888 1917 2926 ε
