<?xml version="1.0" encoding="UTF-8"?>
<!DOCTYPE html PUBLIC "-//W3C//DTD XHTML 1.0 Transitional//EN"
    "http://www.w3.org/TR/xhtml1/DTD/xhtml1-transitional.dtd">
<html xmlns="http://www.w3.org/1999/xhtml" xml:lang="en" lang="en">
 <head>
  <title>
</title>
<meta http-equiv="Content-Type" content="text/html;charset=utf-8" />
  <meta name='ocr-system' content='tesseract 3.04.00' />
  <meta name='ocr-capabilities' content='ocr_page ocr_carea ocr_par ocr_line ocrx_word'/>
</head>
<body>
  <div class='ocr_page' id='page_1' title='image "./summatheologica02nicogoog_0580.png"; bbox 0 0 1917 3317; ppageno 0'>
   <div class='ocr_carea' id='block_1_1' title="bbox 44 255 816 404">
    <p class='ocr_par' dir='ltr' id='par_1_1' title="bbox 44 255 816 404">
     <span class='ocr_line' id='line_1_1' title="bbox 224 255 816 312; baseline 0.005 -12"><span class='ocrx_word' id='word_1_1' title='bbox 224 263 255 300; x_wconf 82' lang='lat' dir='ltr'><strong>nn</strong></span> <span class='ocrx_word' id='word_1_2' title='bbox 271 261 372 302; x_wconf 74' lang='lat' dir='ltr'><strong>murare</strong></span> <span class='ocrx_word' id='word_1_3' title='bbox 387 261 539 312; x_wconf 75' lang='lat' dir='ltr'><strong>nnnrauenn,</strong></span> <span class='ocrx_word' id='word_1_4' title='bbox 554 262 607 302; x_wconf 79' lang='lat' dir='ltr'><strong>nun.</strong></span> <span class='ocrx_word' id='word_1_5' title='bbox 770 255 816 304; x_wconf 81' lang='lat' dir='ltr'><strong>ttt</strong></span> 
     </span>
     <span class='ocr_line' id='line_1_2' title="bbox 44 339 816 404; baseline 0.006 -16"><span class='ocrx_word' id='word_1_6' title='bbox 44 339 117 390; x_wconf 79' lang='lat' dir='ltr'><strong>’aderet</strong></span> <span class='ocrx_word' id='word_1_7' title='bbox 127 339 229 404; x_wconf 84' lang='lat' dir='ltr'><strong>Spiritus</strong></span> <span class='ocrx_word' id='word_1_8' title='bbox 243 342 337 390; x_wconf 84' lang='lat' dir='ltr'><strong>sanetus</strong></span> <span class='ocrx_word' id='word_1_9' title='bbox 347 339 430 404; x_wconf 84' lang='lat' dir='ltr'><strong>aliquid</strong></span> <span class='ocrx_word' id='word_1_10' title='bbox 441 340 527 390; x_wconf 82' lang='lat' dir='ltr'><strong>hebent</strong></span> <span class='ocrx_word' id='word_1_11' title='bbox 542 342 602 404; x_wconf 86' lang='lat' dir='ltr'><strong>qued</strong></span> <span class='ocrx_word' id='word_1_12' title='bbox 612 353 659 392; x_wconf 90' lang='lat' dir='ltr'><strong>nen</strong></span> <span class='ocrx_word' id='word_1_13' title='bbox 673 341 703 392; x_wconf 86' lang='lat' dir='ltr'><strong>sit</strong></span> <span class='ocrx_word' id='word_1_14' title='bbox 714 341 774 404; x_wconf 77' lang='lat' dir='ltr'><strong>Filii,</strong></span> <span class='ocrx_word' id='word_1_15' title='bbox 790 348 816 394; x_wconf 87' lang='lat' dir='ltr'><strong>ut</strong></span> 
     </span>
    </p>
   </div>
   <div class='ocr_carea' id='block_1_2' title="bbox 44 409 848 2037">
    <p class='ocr_par' dir='ltr' id='par_1_2' title="bbox 44 409 848 2037">
     <span class='ocr_line' id='line_1_3' title="bbox 47 409 817 480; baseline 0.013 -24"><span class='ocrx_word' id='word_1_16' title='bbox 47 409 62 458; x_wconf 90' lang='lat' dir='ltr'><strong>ie</strong></span> <span class='ocrx_word' id='word_1_17' title='bbox 77 412 135 473; x_wconf 78' lang='lat' dir='ltr'><strong>pessit</strong></span> <span class='ocrx_word' id='word_1_18' title='bbox 155 411 178 462; x_wconf 90' lang='lat' dir='ltr'><strong>id</strong></span> <span class='ocrx_word' id='word_1_19' title='bbox 196 412 257 475; x_wconf 82' lang='lat' dir='ltr'><strong>quod</strong></span> <span class='ocrx_word' id='word_1_20' title='bbox 275 413 310 462; x_wconf 86' lang='lat' dir='ltr'><strong>est</strong></span> <span class='ocrx_word' id='word_1_21' title='bbox 326 411 401 461; x_wconf 85' lang='lat' dir='ltr'><strong>Petris</strong></span> <span class='ocrx_word' id='word_1_22' title='bbox 417 416 441 462; x_wconf 86' lang='lat' dir='ltr'><strong>et</strong></span> <span class='ocrx_word' id='word_1_23' title='bbox 458 412 555 476; x_wconf 78' lang='lat' dir='ltr'><strong>Spiritus</strong></span> <span class='ocrx_word' id='word_1_24' title='bbox 575 411 661 472; x_wconf 71' lang='lat' dir='ltr'><strong>sandi,</strong></span> <span class='ocrx_word' id='word_1_25' title='bbox 679 414 743 478; x_wconf 81' lang='lat' dir='ltr'><strong>quasi</strong></span> <span class='ocrx_word' id='word_1_26' title='bbox 757 417 817 480; x_wconf 86' lang='lat' dir='ltr'><strong>quud</strong></span> 
     </span>
     <span class='ocr_line' id='line_1_4' title="bbox 44 482 816 548; baseline 0.013 -20"><span class='ocrx_word' id='word_1_27' title='bbox 44 486 65 528; x_wconf 67' lang='lat' dir='ltr'><strong>rt</strong></span> <span class='ocrx_word' id='word_1_28' title='bbox 80 483 175 544; x_wconf 77' lang='lat' dir='ltr'><strong>niumm,</strong></span> <span class='ocrx_word' id='word_1_29' title='bbox 188 482 218 533; x_wconf 86' lang='lat' dir='ltr'><strong>ad</strong></span> <span class='ocrx_word' id='word_1_30' title='bbox 239 482 296 532; x_wconf 86' lang='lat' dir='ltr'><strong>ulios</strong></span> <span class='ocrx_word' id='word_1_31' title='bbox 311 483 407 533; x_wconf 85' lang='lat' dir='ltr'><strong>deterre.</strong></span> <span class='ocrx_word' id='word_1_32' title='bbox 425 483 470 534; x_wconf 85' lang='lat' dir='ltr'><strong>Sed</strong></span> <span class='ocrx_word' id='word_1_33' title='bbox 493 486 615 548; x_wconf 89' lang='lat' dir='ltr'><strong>utrumqne</strong></span> <span class='ocrx_word' id='word_1_34' title='bbox 634 485 741 536; x_wconf 82' lang='lat' dir='ltr'><strong>renuenit</strong></span> <span class='ocrx_word' id='word_1_35' title='bbox 754 487 777 537; x_wconf 88' lang='lat' dir='ltr'><strong>ei</strong></span> <span class='ocrx_word' id='word_1_36' title='bbox 789 488 816 538; x_wconf 93' lang='lat' dir='ltr'><strong>in</strong></span> 
     </span>
     <span class='ocr_line' id='line_1_5' title="bbox 44 553 817 619; baseline 0.012 -20"><span class='ocrx_word' id='word_1_37' title='bbox 44 559 126 612; x_wconf 57' lang='lat' dir='ltr'><strong>guantum</strong></span> <span class='ocrx_word' id='word_1_38' title='bbox 138 559 174 605; x_wconf 85' lang='lat' dir='ltr'><strong>est</strong></span> <span class='ocrx_word' id='word_1_39' title='bbox 185 555 272 618; x_wconf 79' lang='lat' dir='ltr'>h0m03</span> <span class='ocrx_word' id='word_1_40' title='bbox 288 553 341 618; x_wconf 86' lang='lat' dir='ltr'><strong>quia</strong></span> <span class='ocrx_word' id='word_1_41' title='bbox 354 553 478 604; x_wconf 82' lang='lat' dir='ltr'><strong>seeundduu</strong></span> <span class='ocrx_word' id='word_1_42' title='bbox 492 554 552 618; x_wconf 85' lang='lat' dir='ltr'><strong>qudd</strong></span> <span class='ocrx_word' id='word_1_43' title='bbox 566 559 601 605; x_wconf 82' lang='lat' dir='ltr'><strong>eat</strong></span> <span class='ocrx_word' id='word_1_44' title='bbox 615 557 696 619; x_wconf 81' lang='lat' dir='ltr'><strong>honae,</strong></span> <span class='ocrx_word' id='word_1_45' title='bbox 712 558 782 608; x_wconf 84' lang='lat' dir='ltr'><strong>distat</strong></span> <span class='ocrx_word' id='word_1_46' title='bbox 795 562 817 610; x_wconf 87' lang='lat' dir='ltr'><strong>et</strong></span> 
     </span>
     <span class='ocr_line' id='line_1_6' title="bbox 58 625 816 693; baseline 0.009 -20"><span class='ocrx_word' id='word_1_47' title='bbox 58 625 220 690; x_wconf 67' lang='lat' dir='ltr'><strong>iniuratum,</strong></span> <span class='ocrx_word' id='word_1_48' title='bbox 232 630 256 676; x_wconf 90' lang='lat' dir='ltr'><strong>et</strong></span> <span class='ocrx_word' id='word_1_49' title='bbox 270 626 298 676; x_wconf 86' lang='lat' dir='ltr'><strong>ab</strong></span> <span class='ocrx_word' id='word_1_50' title='bbox 308 627 438 678; x_wconf 85' lang='lat' dir='ltr'><strong>hominibus</strong></span> <span class='ocrx_word' id='word_1_51' title='bbox 446 627 557 691; x_wconf 80' lang='lat' dir='ltr'><strong>dignitate</strong></span> <span class='ocrx_word' id='word_1_52' title='bbox 571 631 595 678; x_wconf 91' lang='lat' dir='ltr'><strong>et</strong></span> <span class='ocrx_word' id='word_1_53' title='bbox 605 628 684 693; x_wconf 78' lang='lat' dir='ltr'><strong>gratie</strong></span> <span class='ocrx_word' id='word_1_54' title='bbox 694 632 719 680; x_wconf 85' lang='lat' dir='ltr'><strong>et</strong></span> <span class='ocrx_word' id='word_1_55' title='bbox 729 631 816 693; x_wconf 81' lang='lat' dir='ltr'><strong>gioria.</strong></span> 
     </span>
     <span class='ocr_line' id='line_1_7' title="bbox 44 698 817 763; baseline 0.01 -19"><span class='ocrx_word' id='word_1_56' title='bbox 44 711 52 743; x_wconf 90' lang='lat' dir='ltr'><strong>u</strong></span> <span class='ocrx_word' id='word_1_57' title='bbox 67 702 165 760; x_wconf 76' lang='lat' dir='ltr'><strong>quantum</strong></span> <span class='ocrx_word' id='word_1_58' title='bbox 179 698 249 748; x_wconf 87' lang='lat' dir='ltr'><strong>etiam</strong></span> <span class='ocrx_word' id='word_1_59' title='bbox 259 703 294 748; x_wconf 88' lang='lat' dir='ltr'><strong>est</strong></span> <span class='ocrx_word' id='word_1_60' title='bbox 308 699 390 762; x_wconf 84' lang='lat' dir='ltr'><strong>dume,</strong></span> <span class='ocrx_word' id='word_1_61' title='bbox 407 698 513 748; x_wconf 81' lang='lat' dir='ltr'><strong>ranvenit</strong></span> <span class='ocrx_word' id='word_1_62' title='bbox 526 699 549 748; x_wconf 88' lang='lat' dir='ltr'><strong>ei</strong></span> <span class='ocrx_word' id='word_1_63' title='bbox 560 700 699 763; x_wconf 79' lang='lat' dir='ltr'><strong>conjungere</strong></span> <span class='ocrx_word' id='word_1_64' title='bbox 712 701 817 752; x_wconf 84' lang='lat' dir='ltr'><strong>homines</strong></span> 
     </span>
     <span class='ocr_line' id='line_1_8' title="bbox 45 768 819 834; baseline 0.009 -18"><span class='ocrx_word' id='word_1_65' title='bbox 45 781 78 827; x_wconf 57' lang='lat' dir='ltr'><strong>iu,</strong></span> <span class='ocrx_word' id='word_1_66' title='bbox 90 774 199 834; x_wconf 79' lang='lat' dir='ltr'><strong>precepta</strong></span> <span class='ocrx_word' id='word_1_67' title='bbox 219 773 243 820; x_wconf 90' lang='lat' dir='ltr'><strong>et</strong></span> <span class='ocrx_word' id='word_1_68' title='bbox 257 770 316 820; x_wconf 90' lang='lat' dir='ltr'><strong>dena</strong></span> <span class='ocrx_word' id='word_1_69' title='bbox 330 769 370 820; x_wconf 85' lang='lat' dir='ltr'><strong>Dei</strong></span> <span class='ocrx_word' id='word_1_70' title='bbox 388 768 518 820; x_wconf 87' lang='lat' dir='ltr'><strong>hominibus</strong></span> <span class='ocrx_word' id='word_1_71' title='bbox 532 769 674 832; x_wconf 83' lang='lat' dir='ltr'><strong>exhibendo,</strong></span> <span class='ocrx_word' id='word_1_72' title='bbox 687 775 710 821; x_wconf 87' lang='lat' dir='ltr'><strong>et</strong></span> <span class='ocrx_word' id='word_1_73' title='bbox 721 785 763 834; x_wconf 84' lang='lat' dir='ltr'><strong>pre</strong></span> <span class='ocrx_word' id='word_1_74' title='bbox 777 773 819 823; x_wconf 84' lang='lat' dir='ltr'><strong>ha-</strong></span> 
     </span>
     <span class='ocr_line' id='line_1_9' title="bbox 54 840 848 906; baseline 0.008 -19"><span class='ocrx_word' id='word_1_75' title='bbox 54 841 114 892; x_wconf 84' lang='lat' dir='ltr'><strong>nitus</strong></span> <span class='ocrx_word' id='word_1_76' title='bbox 127 844 172 892; x_wconf 82' lang='lat' dir='ltr'><strong>tien</strong></span> <span class='ocrx_word' id='word_1_77' title='bbox 189 840 351 892; x_wconf 78' lang='lat' dir='ltr'><strong>satisfaciendo</strong></span> <span class='ocrx_word' id='word_1_78' title='bbox 365 845 388 891; x_wconf 87' lang='lat' dir='ltr'><strong>et</strong></span> <span class='ocrx_word' id='word_1_79' title='bbox 401 841 574 906; x_wconf 83' lang='lat' dir='ltr'><strong>interpellanda.</strong></span> <span class='ocrx_word' id='word_1_80' title='bbox 590 842 618 891; x_wconf 84' lang='lat' dir='ltr'><strong>Et</strong></span> <span class='ocrx_word' id='word_1_81' title='bbox 631 841 682 893; x_wconf 88' lang='lat' dir='ltr'><strong>ideo</strong></span> <span class='ocrx_word' id='word_1_82' title='bbox 696 841 818 893; x_wconf 81' lang='lat' dir='ltr'><strong>uerissimd</strong></span> <span class='ocrx_word' id='word_1_83' title='bbox 844 852 848 859; x_wconf 91' lang='grc'><strong>’</strong></span> 
     </span>
     <span class='ocr_line' id='line_1_10' title="bbox 55 911 528 976; baseline 0.008 -17"><span class='ocrx_word' id='word_1_84' title='bbox 55 913 99 962; x_wconf 74' lang='lat' dir='ltr'><strong>ritu</strong></span> <span class='ocrx_word' id='word_1_85' title='bbox 111 913 222 964; x_wconf 76' lang='lat' dir='ltr'>mediator</span> <span class='ocrx_word' id='word_1_86' title='bbox 236 911 363 963; x_wconf 86' lang='lat' dir='ltr'><strong>secundina</strong></span> <span class='ocrx_word' id='word_1_87' title='bbox 376 911 436 976; x_wconf 87' lang='lat' dir='ltr'><strong>qudd</strong></span> <span class='ocrx_word' id='word_1_88' title='bbox 450 914 528 963; x_wconf 86' lang='lat' dir='ltr'><strong>homo.</strong></span> 
     </span>
     <span class='ocr_line' id='line_1_11' title="bbox 59 982 818 1048; baseline 0.007 -17"><span class='ocrx_word' id='word_1_89' title='bbox 59 985 83 1032; x_wconf 76' lang='lat' dir='ltr'><strong>ad</strong></span> <span class='ocrx_word' id='word_1_90' title='bbox 92 986 188 1048; x_wconf 81' lang='lat' dir='ltr'><strong>urinum</strong></span> <span class='ocrx_word' id='word_1_91' title='bbox 199 996 254 1046; x_wconf 83' lang='lat' dir='ltr'><strong>erge</strong></span> <span class='ocrx_word' id='word_1_92' title='bbox 265 983 392 1046; x_wconf 83' lang='lat' dir='ltr'><strong>dicendum,</strong></span> <span class='ocrx_word' id='word_1_93' title='bbox 403 982 465 1048; x_wconf 89' lang='lat' dir='ltr'><strong>qudd</strong></span> <span class='ocrx_word' id='word_1_94' title='bbox 476 983 496 1033; x_wconf 86' lang='lat' dir='ltr'><strong>si</strong></span> <span class='ocrx_word' id='word_1_95' title='bbox 507 984 647 1035; x_wconf 76' lang='lat' dir='ltr'><strong>subtrahitur</strong></span> <span class='ocrx_word' id='word_1_96' title='bbox 654 984 729 1035; x_wconf 84' lang='lat' dir='ltr'><strong>diuina</strong></span> <span class='ocrx_word' id='word_1_97' title='bbox 739 989 818 1036; x_wconf 85' lang='lat' dir='ltr'><strong>natura</strong></span> 
     </span>
     <span class='ocr_line' id='line_1_12' title="bbox 58 1055 819 1120; baseline 0.001 -15"><span class='ocrx_word' id='word_1_98' title='bbox 58 1057 149 1120; x_wconf 80' lang='lat' dir='ltr'><strong>Christo,</strong></span> <span class='ocrx_word' id='word_1_99' title='bbox 162 1057 309 1108; x_wconf 83' lang='lat' dir='ltr'><strong>subtrahetur</strong></span> <span class='ocrx_word' id='word_1_100' title='bbox 322 1069 362 1119; x_wconf 83' lang='lat' dir='ltr'><strong>per</strong></span> <span class='ocrx_word' id='word_1_101' title='bbox 376 1068 518 1120; x_wconf 86' lang='lat' dir='ltr'><strong>consequeus</strong></span> <span class='ocrx_word' id='word_1_102' title='bbox 533 1055 561 1105; x_wconf 86' lang='lat' dir='ltr'><strong>ah</strong></span> <span class='ocrx_word' id='word_1_103' title='bbox 574 1067 603 1106; x_wconf 89' lang='lat' dir='ltr'><strong>eu</strong></span> <span class='ocrx_word' id='word_1_104' title='bbox 615 1056 735 1118; x_wconf 80' lang='lat' dir='ltr'><strong>singularis</strong></span> <span class='ocrx_word' id='word_1_105' title='bbox 745 1057 819 1120; x_wconf 84' lang='lat' dir='ltr'><strong>pleni·</strong></span> 
     </span>
     <span class='ocr_line' id='line_1_13' title="bbox 47 1127 819 1193; baseline 0.005 -18"><span class='ocrx_word' id='word_1_106' title='bbox 47 1127 75 1176; x_wconf 81' lang='lat' dir='ltr'><strong>ulo</strong></span> <span class='ocrx_word' id='word_1_107' title='bbox 87 1129 214 1193; x_wconf 80' lang='lat' dir='ltr'><strong>gratiarum,</strong></span> <span class='ocrx_word' id='word_1_108' title='bbox 230 1141 282 1192; x_wconf 73' lang='lat' dir='ltr'><strong>qun</strong></span> <span class='ocrx_word' id='word_1_109' title='bbox 296 1128 402 1179; x_wconf 80' lang='lat' dir='ltr'><strong>conuenit</strong></span> <span class='ocrx_word' id='word_1_110' title='bbox 412 1127 433 1178; x_wconf 93' lang='lat' dir='ltr'><strong>ei</strong></span> <span class='ocrx_word' id='word_1_111' title='bbox 447 1127 470 1176; x_wconf 91' lang='lat' dir='ltr'><strong>in</strong></span> <span class='ocrx_word' id='word_1_112' title='bbox 485 1133 594 1189; x_wconf 87' lang='lat' dir='ltr'><strong>quantum</strong></span> <span class='ocrx_word' id='word_1_113' title='bbox 608 1130 644 1177; x_wconf 80' lang='lat' dir='ltr'><strong>est</strong></span> <span class='ocrx_word' id='word_1_114' title='bbox 660 1127 791 1190; x_wconf 75' lang='lat' dir='ltr'><strong>unigenitus</strong></span> <span class='ocrx_word' id='word_1_115' title='bbox 805 1129 819 1179; x_wconf 79' lang='lat' dir='ltr'><strong>t</strong></span> 
     </span>
     <span class='ocr_line' id='line_1_14' title="bbox 55 1199 819 1264; baseline 0.009 -20"><span class='ocrx_word' id='word_1_116' title='bbox 55 1205 94 1262; x_wconf 78' lang='lat' dir='ltr'><strong>utre,</strong></span> <span class='ocrx_word' id='word_1_117' title='bbox 104 1207 129 1252; x_wconf 90' lang='lat' dir='ltr'><strong>ut</strong></span> <span class='ocrx_word' id='word_1_118' title='bbox 140 1201 225 1252; x_wconf 87' lang='lat' dir='ltr'><strong>dieitur</strong></span> <span class='ocrx_word' id='word_1_119' title='bbox 238 1201 323 1256; x_wconf 70' lang='lat' dir='ltr'><strong>Joan„</strong></span> <span class='ocrx_word' id='word_1_120' title='bbox 338 1200 364 1262; x_wconf 79' lang='lat'><strong>13</strong></span> <span class='ocrx_word' id='word_1_121' title='bbox 381 1213 409 1250; x_wconf 82' lang='lat' dir='ltr'><strong>ex</strong></span> <span class='ocrx_word' id='word_1_122' title='bbox 423 1211 468 1264; x_wconf 85' lang='lat' dir='ltr'><strong>qua</strong></span> <span class='ocrx_word' id='word_1_123' title='bbox 481 1199 572 1263; x_wconf 79' lang='lat' dir='ltr'><strong>quidem</strong></span> <span class='ocrx_word' id='word_1_124' title='bbox 589 1199 731 1264; x_wconf 76' lang='lat' dir='ltr'><strong>plenitudiue</strong></span> <span class='ocrx_word' id='word_1_125' title='bbox 749 1201 819 1251; x_wconf 83' lang='lat' dir='ltr'><strong>habet</strong></span> 
     </span>
     <span class='ocr_line' id='line_1_15' title="bbox 69 1270 819 1337; baseline 0.005 -19"><span class='ocrx_word' id='word_1_126' title='bbox 69 1271 90 1319; x_wconf 86' lang='lat' dir='ltr'><strong>sit</strong></span> <span class='ocrx_word' id='word_1_127' title='bbox 107 1285 175 1337; x_wconf 84' lang='lat' dir='ltr'><strong>super</strong></span> <span class='ocrx_word' id='word_1_128' title='bbox 197 1283 280 1322; x_wconf 83' lang='lat' dir='ltr'><strong>omnes</strong></span> <span class='ocrx_word' id='word_1_129' title='bbox 296 1270 402 1322; x_wconf 84' lang='lat' dir='ltr'><strong>homiues</strong></span> <span class='ocrx_word' id='word_1_130' title='bbox 426 1271 579 1333; x_wconf 75' lang='lat' dir='ltr'><strong>constitutus,</strong></span> <span class='ocrx_word' id='word_1_131' title='bbox 598 1275 621 1321; x_wconf 89' lang='lat' dir='ltr'><strong>et</strong></span> <span class='ocrx_word' id='word_1_132' title='bbox 636 1271 777 1335; x_wconf 80' lang='lat' dir='ltr'><strong>propinquus</strong></span> <span class='ocrx_word' id='word_1_133' title='bbox 790 1273 819 1322; x_wconf 86' lang='lat' dir='ltr'><strong>ad</strong></span> 
     </span>
     <span class='ocr_line' id='line_1_16' title="bbox 54 1345 217 1399; baseline 0.006 -8"><span class='ocrx_word' id='word_1_134' title='bbox 54 1357 88 1391; x_wconf 79' lang='lat' dir='ltr'><strong>un</strong></span> <span class='ocrx_word' id='word_1_135' title='bbox 97 1345 217 1399; x_wconf 79' lang='lat' dir='ltr'><strong>accadens.</strong></span> 
     </span>
     <span class='ocr_line' id='line_1_17' title="bbox 58 1413 820 1478; baseline 0.005 -16"><span class='ocrx_word' id='word_1_136' title='bbox 58 1415 82 1462; x_wconf 77' lang='lat' dir='ltr'><strong>‚td</strong></span> <span class='ocrx_word' id='word_1_137' title='bbox 102 1417 230 1468; x_wconf 61' lang='lat' dir='ltr'><strong>nuendum</strong></span> <span class='ocrx_word' id='word_1_138' title='bbox 251 1413 388 1475; x_wconf 79' lang='lat' dir='ltr'><strong>dicendum,</strong></span> <span class='ocrx_word' id='word_1_139' title='bbox 401 1415 460 1478; x_wconf 86' lang='lat' dir='ltr'><strong>qudd</strong></span> <span class='ocrx_word' id='word_1_140' title='bbox 482 1414 597 1478; x_wconf 82' lang='lat' dir='ltr'><strong>Christus,</strong></span> <span class='ocrx_word' id='word_1_141' title='bbox 612 1413 738 1465; x_wconf 87' lang='lat' dir='ltr'><strong>seeundirm</strong></span> <span class='ocrx_word' id='word_1_142' title='bbox 760 1415 820 1478; x_wconf 83' lang='lat' dir='ltr'><strong>qudd</strong></span> 
     </span>
     <span class='ocr_line' id='line_1_18' title="bbox 53 1485 821 1552; baseline 0.001 -18"><span class='ocrx_word' id='word_1_143' title='bbox 53 1491 122 1547; x_wconf 67' lang='lat' dir='ltr'><strong>need</strong></span> <span class='ocrx_word' id='word_1_144' title='bbox 136 1502 182 1552; x_wconf 85' lang='lat' dir='ltr'><strong>peu</strong></span> <span class='ocrx_word' id='word_1_145' title='bbox 199 1485 278 1537; x_wconf 85' lang='lat' dir='ltr'><strong>omnia</strong></span> <span class='ocrx_word' id='word_1_146' title='bbox 293 1485 387 1548; x_wconf 78' lang='lat' dir='ltr'><strong>aqualis</strong></span> <span class='ocrx_word' id='word_1_147' title='bbox 402 1485 472 1549; x_wconf 87' lang='lat' dir='ltr'><strong>Patri,</strong></span> <span class='ocrx_word' id='word_1_148' title='bbox 486 1486 527 1536; x_wconf 81' lang='lat' dir='ltr'><strong>aed</strong></span> <span class='ocrx_word' id='word_1_149' title='bbox 540 1486 609 1535; x_wconf 89' lang='lat' dir='ltr'><strong>etiam</strong></span> <span class='ocrx_word' id='word_1_150' title='bbox 622 1486 648 1535; x_wconf 89' lang='lat' dir='ltr'><strong>in</strong></span> <span class='ocrx_word' id='word_1_151' title='bbox 661 1486 762 1535; x_wconf 84' lang='lat' dir='ltr'><strong>hnmana</strong></span> <span class='ocrx_word' id='word_1_152' title='bbox 774 1499 821 1535; x_wconf 88' lang='lat' dir='ltr'><strong>na-</strong></span> 
     </span>
     <span class='ocr_line' id='line_1_19' title="bbox 53 1554 820 1618; baseline 0 -10"><span class='ocrx_word' id='word_1_153' title='bbox 53 1569 69 1602; x_wconf 75' lang='lat' dir='ltr'><strong>‘a</strong></span> <span class='ocrx_word' id='word_1_154' title='bbox 79 1559 165 1610; x_wconf 82' lang='lat' dir='ltr'><strong>excedit</strong></span> <span class='ocrx_word' id='word_1_155' title='bbox 183 1557 244 1608; x_wconf 83' lang='lat' dir='ltr'><strong>aiios</strong></span> <span class='ocrx_word' id='word_1_156' title='bbox 264 1556 379 1608; x_wconf 83' lang='lat' dir='ltr'><strong>homiues.</strong></span> <span class='ocrx_word' id='word_1_157' title='bbox 394 1556 423 1606; x_wconf 83' lang='lat' dir='ltr'><strong>Et</strong></span> <span class='ocrx_word' id='word_1_158' title='bbox 438 1557 505 1618; x_wconf 85' lang='lat' dir='ltr'><strong>ideo,</strong></span> <span class='ocrx_word' id='word_1_159' title='bbox 521 1557 645 1607; x_wconf 64' lang='lat' dir='ltr'><strong>neunddm</strong></span> <span class='ocrx_word' id='word_1_160' title='bbox 663 1554 724 1618; x_wconf 86' lang='lat' dir='ltr'><strong>qudd</strong></span> <span class='ocrx_word' id='word_1_161' title='bbox 737 1557 820 1618; x_wconf 82' lang='lat' dir='ltr'><strong>hume,</strong></span> 
     </span>
     <span class='ocr_line' id='line_1_20' title="bbox 52 1626 738 1690; baseline 0 -14"><span class='ocrx_word' id='word_1_162' title='bbox 52 1629 88 1678; x_wconf 81' lang='lat' dir='ltr'><strong>test</strong></span> <span class='ocrx_word' id='word_1_163' title='bbox 102 1643 152 1682; x_wconf 84' lang='lat' dir='ltr'><strong>esse</strong></span> <span class='ocrx_word' id='word_1_164' title='bbox 167 1628 294 1689; x_wconf 85' lang='lat' dir='ltr'><strong>mediatur,</strong></span> <span class='ocrx_word' id='word_1_165' title='bbox 307 1639 353 1676; x_wconf 86' lang='lat' dir='ltr'><strong>neu</strong></span> <span class='ocrx_word' id='word_1_166' title='bbox 367 1631 443 1679; x_wconf 85' lang='lat' dir='ltr'><strong>autem</strong></span> <span class='ocrx_word' id='word_1_167' title='bbox 457 1628 582 1678; x_wconf 78' lang='lat' dir='ltr'><strong>seeundum</strong></span> <span class='ocrx_word' id='word_1_168' title='bbox 597 1626 658 1690; x_wconf 84' lang='lat' dir='ltr'><strong>qudd</strong></span> <span class='ocrx_word' id='word_1_169' title='bbox 670 1628 738 1683; x_wconf 84' lang='lat' dir='ltr'><strong>Dens.</strong></span> 
     </span>
     <span class='ocr_line' id='line_1_21' title="bbox 56 1697 822 1764; baseline 0.003 -16"><span class='ocrx_word' id='word_1_170' title='bbox 56 1701 188 1752; x_wconf 71' lang='lat' dir='ltr'><strong>titatium</strong></span> <span class='ocrx_word' id='word_1_171' title='bbox 208 1698 349 1758; x_wconf 73' lang='lat' dir='ltr'><strong>direntium,</strong></span> <span class='ocrx_word' id='word_1_172' title='bbox 369 1697 430 1762; x_wconf 83' lang='lat' dir='ltr'><strong>qudd</strong></span> <span class='ocrx_word' id='word_1_173' title='bbox 446 1699 502 1751; x_wconf 77' lang='lat' dir='ltr'><strong>lieet</strong></span> <span class='ocrx_word' id='word_1_174' title='bbox 521 1697 679 1750; x_wconf 75' lang='lat' dir='ltr'><strong>auctoritative</strong></span> <span class='ocrx_word' id='word_1_175' title='bbox 701 1702 822 1764; x_wconf 79' lang='lat' dir='ltr'><strong>peecatum</strong></span> 
     </span>
     <span class='ocr_line' id='line_1_22' title="bbox 50 1770 821 1835; baseline 0.006 -17"><span class='ocrx_word' id='word_1_176' title='bbox 50 1771 99 1822; x_wconf 66' lang='lat' dir='ltr'><strong>terre</strong></span> <span class='ocrx_word' id='word_1_177' title='bbox 116 1771 246 1828; x_wconf 84' lang='lat' dir='ltr'><strong>eonveniat</strong></span> <span class='ocrx_word' id='word_1_178' title='bbox 262 1770 353 1820; x_wconf 81' lang='lat' dir='ltr'><strong>Christo</strong></span> <span class='ocrx_word' id='word_1_179' title='bbox 371 1771 495 1822; x_wconf 72' lang='lat' dir='ltr'><strong>recunditur</strong></span> <span class='ocrx_word' id='word_1_180' title='bbox 517 1772 577 1835; x_wconf 83' lang='lat' dir='ltr'><strong>qudd</strong></span> <span class='ocrx_word' id='word_1_181' title='bbox 597 1775 632 1822; x_wconf 86' lang='lat' dir='ltr'><strong>eet</strong></span> <span class='ocrx_word' id='word_1_182' title='bbox 650 1771 725 1833; x_wconf 83' lang='lat' dir='ltr'><strong>Dens,</strong></span> <span class='ocrx_word' id='word_1_183' title='bbox 742 1775 821 1823; x_wconf 85' lang='lat' dir='ltr'><strong>tanuen</strong></span> 
     </span>
     <span class='ocr_line' id='line_1_23' title="bbox 58 1841 820 1910; baseline 0.008 -23"><span class='ocrx_word' id='word_1_184' title='bbox 58 1843 140 1898; x_wconf 67' lang='lat' dir='ltr'><strong>interere</strong></span> <span class='ocrx_word' id='word_1_185' title='bbox 153 1857 203 1910; x_wconf 80' lang='lat' dir='ltr'><strong>pre</strong></span> <span class='ocrx_word' id='word_1_186' title='bbox 217 1844 315 1906; x_wconf 81' lang='lat' dir='ltr'><strong>peceato</strong></span> <span class='ocrx_word' id='word_1_187' title='bbox 329 1842 423 1891; x_wconf 83' lang='lat' dir='ltr'><strong>humani</strong></span> <span class='ocrx_word' id='word_1_188' title='bbox 437 1842 529 1905; x_wconf 78' lang='lat' dir='ltr'><strong>generis</strong></span> <span class='ocrx_word' id='word_1_189' title='bbox 541 1841 648 1893; x_wconf 84' lang='lat' dir='ltr'><strong>eenueuit</strong></span> <span class='ocrx_word' id='word_1_190' title='bbox 660 1842 682 1892; x_wconf 89' lang='lat' dir='ltr'><strong>ei</strong></span> <span class='ocrx_word' id='word_1_191' title='bbox 695 1842 820 1894; x_wconf 87' lang='lat' dir='ltr'><strong>seeundium</strong></span> 
     </span>
     <span class='ocr_line' id='line_1_24' title="bbox 51 1911 821 1968; baseline 0.005 -8"><span class='ocrx_word' id='word_1_192' title='bbox 51 1915 75 1960; x_wconf 70' lang='lat' dir='ltr'><strong>id</strong></span> <span class='ocrx_word' id='word_1_193' title='bbox 89 1920 119 1966; x_wconf 80' lang='lat' dir='ltr'><strong>est</strong></span> <span class='ocrx_word' id='word_1_194' title='bbox 133 1917 221 1968; x_wconf 83' lang='lat' dir='ltr'><strong>home.</strong></span> <span class='ocrx_word' id='word_1_195' title='bbox 241 1914 271 1964; x_wconf 85' lang='lat' dir='ltr'><strong>Et</strong></span> <span class='ocrx_word' id='word_1_196' title='bbox 285 1911 410 1964; x_wconf 77' lang='lat' dir='ltr'><strong>seeunddm</strong></span> <span class='ocrx_word' id='word_1_197' title='bbox 427 1913 471 1964; x_wconf 86' lang='lat' dir='ltr'><strong>true</strong></span> <span class='ocrx_word' id='word_1_198' title='bbox 485 1913 567 1964; x_wconf 89' lang='lat' dir='ltr'><strong>dieitur</strong></span> <span class='ocrx_word' id='word_1_199' title='bbox 581 1930 595 1960; x_wconf 88' lang='lat'>«</span> <span class='ocrx_word' id='word_1_200' title='bbox 612 1913 653 1964; x_wconf 81' lang='lat' dir='ltr'><strong>Dei</strong></span> <span class='ocrx_word' id='word_1_201' title='bbox 665 1915 690 1963; x_wconf 89' lang='lat' dir='ltr'><strong>et</strong></span> <span class='ocrx_word' id='word_1_202' title='bbox 703 1911 821 1964; x_wconf 84' lang='lat' dir='ltr'><strong>hominurn</strong></span> 
     </span>
     <span class='ocr_line' id='line_1_25' title="bbox 52 1983 161 2037; baseline 0.037 -7"><span class='ocrx_word' id='word_1_203' title='bbox 52 1983 127 2037; x_wconf 70' lang='lat' dir='ltr'><strong>adiutor.</strong></span> <span class='ocrx_word' id='word_1_204' title='bbox 146 2004 161 2034; x_wconf 85' lang='lat' dir='ltr'><strong>u</strong></span> 
     </span>
    </p>
   </div>
   <div class='ocr_carea' id='block_1_3' title="bbox 0 0 974 3317">
    <p class='ocr_par' dir='ltr' id='par_1_3' title="bbox 0 0 974 3317">
     <span class='ocr_line' id='line_1_26' title="bbox 0 0 974 3317; baseline 0 0"><span class='ocrx_word' id='word_1_205' title='bbox 0 0 974 3317; x_wconf 95' lang='lat' dir='ltr'><strong> </strong></span> 
     </span>
    </p>
   </div>
  </div>
 </body>
</html>
