1917 3317
184 169 217 208 nn
232 169 395 208 concrrrroru
411 171 573 224 sanceronis,
589 173 643 212 uro.
770 165 816 216 oto

34 248 101 307 endo,
122 246 164 296 sed
185 247 343 308 ascendendo,
362 250 469 310 tanquam
492 248 633 299 sacerdotem
653 249 678 300 in
698 249 819 315 expiandis

33 317 113 366 circatis
130 317 205 380 magis
218 317 354 380 assignans,
368 317 407 366 nbi
421 318 577 368 testimonium
590 321 688 371 ioannes
701 321 817 384 perhibuit

34 403 88 437 ,rcus
101 404 106 436 ε
121 388 205 438 «Ecce
215 387 255 452 qui
264 387 322 438 toltit
333 393 451 451 peccaturo
461 390 552 453 mundi,
564 406 578 437 u
587 393 730 443 ascendendo
741 397 817 444 autem

41 461 89 507 ¹mit
108 459 135 510 ad
160 460 329 519 cinnameo
343 459 449 522 pervenit
468 461 498 510 ad
516 461 604 522 Deum,
619 463 657 512 oui
676 464 778 514 mundati
793 469 818 516 et

33 533 93 592 :piati
113 529 299 582 reconciliamur.
318 531 396 581 nerito
413 531 480 581 etiam
497 533 626 595 adoptionis
640 533 750 597 originem
767 536 817 601 ipse

42 605 122 667 s=cpit3
138 603 197 666 quia
214 613 257 666 per
271 601 417 666 adoptionem
432 602 545 652 efficimur
555 603 607 654 Filii
618 606 668 668 Βοὴ
681 620 723 669 per
735 621 817 658 cama-

37 689 54 720 u
68 674 120 726 rerd
135 673 310 738 generationem
331 673 402 722 Filius
419 674 459 724 idei
470 711 478 736 ‚
491 674 551 725 tilius
566 675 666 726 hominis
682 678 757 727 iactus
772 682 815 728 est,

43 746 68 793 tis
85 750 163 796 cirtem
178 743 346 795 demonstrarit
363 759 409 796 non
425 757 449 796 so
466 746 518 796 ideo
536 747 619 797 dixisse
633 748 716 812 ioseph
730 749 817 813 fitium

42 817 79 870 cti,
94 816 155 882 qudd
173 817 203 866 de
220 815 260 864 iilo
274 815 305 864 sit
319 816 423 880 genitus,
436 817 473 866 sed
488 816 548 878 qudd
562 819 591 867 ab
602 818 642 869 ilio
660 819 730 869 inerit
746 821 816 884 adop

38 900 77 946 ug
89 903 142 938 cum
153 891 180 938 et
192 887 271 950 ipsum
281 887 351 937 ndum
364 887 460 937 Fidium
473 889 522 937 Dei
536 888 629 951 dixerit,
638 889 689 939 circu
704 892 734 940 sit
743 892 818 942 iactus

44 966 87 1008 'cca
101 977 115 1006 r
131 959 255 1009 Numerus
267 958 334 1008 etium
347 959 539 1022 quadragenarius
551 963 577 1011 ad
590 965 684 1025 tempus
697 962 817 1026 praesentis

44 1045 58 1078 e
76 1031 195 1094 pertinet,
211 1033 307 1093 propter
327 1033 422 1093 quatuor
440 1034 518 1094 partes
536 1032 628 1096 mundi,
644 1033 669 1083 in
692 1047 737 1096 quo
756 1047 817 1083 mor-

41 1117 69 1150 ·*rr
80 1103 148 1152 ritarn
161 1101 274 1152 ducimus
287 1101 330 1150 sub
341 1101 432 1151 Christo
446 1106 568 1166 regnante,
579 1103 729 1168 quadraginta
741 1109 819 1156 autem

53 1181 79 1221 'rr
91 1174 183 1224 habent
196 1171 278 1222 decern
290 1209 296 1232 ,
307 1177 330 1222 et
341 1172 391 1235 ipsa
405 1174 483 1223 decem
495 1175 524 1224 ab
534 1188 580 1224 uno
591 1188 664 1238 usqne
681 1177 709 1225 ad
720 1179 818 1240 quatuor

52 1247 161 1294 ..odiente
182 1255 285 1292 numero
304 1248 499 1293 consummantur.
520 1246 602 1295 Posset
620 1245 688 1295 etiam
709 1246 817 1297 denarius

60 1318 177 1382 ccaiogum
190 1313 285 1374 reterri,
297 1318 321 1364 et
333 1316 492 1378 quaternarius
502 1316 531 1366 ad
544 1322 678 1380 praesentem
688 1317 766 1379 citam,
778 1317 816 1368 rel

53 1405 69 1435 rr
86 1392 111 1438 ad
127 1390 237 1453 quatuor
250 1385 389 1447 Evangelia,
404 1388 529 1437 secuudum
544 1403 595 1452 quae
613 1389 718 1438 Christus
735 1392 817 1452 regnat

46 1462 109 1511 ¹<riis
122 1461 153 1510 nt
167 1460 227 1508 ideo
241 1457 361 1507 Mattheus
371 1457 588 1524 regiampersonam
603 1458 688 1508 Christi
701 1472 816 1510 commen-

85 1528 248 1596 quadraginta
272 1540 381 1590 personas
400 1530 495 1592 posuit,
514 1533 612 1594 excepto
629 1529 690 1593 ipso.
709 1529 753 1579 Sed
771 1531 816 1580 hoc

53 1603 177 1658 'licendum
201 1603 255 1658 est,
271 1597 290 1648 si
306 1599 335 1647 sit
351 1598 411 1649 idem
429 1600 549 1652 leodrosius
567 1601 607 1665 qui
623 1601 716 1666 ponitur
733 1601 758 1651 in
771 1601 816 1652 tino

49 1676 91 1723 rudi
106 1670 260 1738 quaternarii
276 1674 299 1720 et
309 1669 333 1719 in
347 1670 459 1735 principio
479 1672 554 1736 tertii,
566 1676 591 1722 ut
604 1672 746 1735 Augustinus
757 1672 815 1722 vuit.

65 1745 116 1795 dicit
137 1745 236 1795 tactum
252 1754 304 1792 esse
323 1743 350 1791 ud
367 1741 542 1805 significandum
558 1743 617 1807 qudd
632 1743 657 1792 in
677 1743 818 1794 «dordonia

43 1826 58 1857 ππ
70 1821 104 1867 cst
118 1815 236 1882 qrraedam
253 1813 351 1863 detectio
365 1814 392 1862 ud
402 1818 522 1864 extraneas
533 1818 621 1878 gentes,
631 1816 721 1878 qrrrndo
736 1815 760 1863 in
774 1816 817 1865 Ba-

57 1890 109 1938 :inm
129 1883 328 1948 transmigratum
342 1887 390 1947 est,
406 1885 467 1948 quod
485 1887 553 1935 etiam
568 1886 726 1950 praefigurabat
740 1886 818 1937 Chris·

48 1977 50 1989 *
64 1960 72 2004 i
83 1956 271 2010 circumcisione
286 1955 314 2004 ad
325 1957 460 2020 preputium
475 1957 633 2019 migraturum.
643 1959 816 2022 »Hieronymus

57 2045 72 2077 ur
87 2031 145 2080 dicit
164 2030 231 2078 duos
247 2025 335 2087 tuisse,
353 2027 469 2087 donanim,
480 2027 504 2076 id
519 2029 569 2088 est,
581 2029 714 2091 Jechonias,
726 2034 815 2092 patrem

60 2106 84 2148 ct
105 2105 131 2150 et
158 2099 257 2158 tilium,
273 2109 369 2159 quorum
395 2100 491 2160 uterque
510 2097 534 2145 in
556 2098 702 2159 generatione
729 2098 816 2149 Christi

61 2173 124 2232 nitur,
140 2175 170 2220 ut
192 2170 290 2219 constet
309 2167 425 2217 distinctio
445 2169 616 2231 generationum
636 2183 692 2233 quas
708 2172 814 2233 Evange-

62 2258 96 2291 rcr
112 2247 164 2293 tres
179 2237 375 2305 quaterdenarios
387 2239 591 2302 distinguit‚quod
601 2240 703 2289 ascendit
714 2243 741 2289 ad
757 2253 816 2303 qna-

65 2321 98 2362 rta
110 2316 172 2364 duas
192 2322 320 2376 personas.
333 2309 376 2366 Qui
392 2310 460 2359 etiam
483 2324 592 2360 numerus
609 2316 692 2362 sanctae
709 2311 818 2361 convenit

56 2387 117 2448 cie,
131 2385 175 2436 iric
194 2381 262 2433 enim
277 2391 385 2430 numerus
399 2382 516 2444 consurgit
531 2395 560 2432 ex
572 2383 677 2442 senario,
691 2384 729 2445 qui
745 2383 817 2447 signi·

47 2466 51 2476 ·
74 2457 179 2507 laborem
203 2449 331 2517 praesentis
352 2450 420 2512 vitae,
441 2455 465 2501 et
483 2452 627 2516 septenario,
641 2453 680 2516 qui
703 2454 817 2516 siguificat

56 2534 94 2574 'cm
119 2527 179 2577 ritae
205 2525 306 2583 scitura,
322 2523 398 2572 sexies
416 2523 477 2573 enim
495 2527 584 2588 septem
603 2528 657 2574 sunt
670 2526 817 2589 qrradraginta

47 2620 55 2640 ·.
73 2600 118 2661 lpse
133 2598 215 2649 etiam
236 2594 442 2656 quaterdenarius,
458 2594 511 2657 quia
533 2607 562 2643 ex
581 2594 672 2645 denario
685 2601 710 2645 et
723 2602 814 2663 quater·

54 2690 63 2712 «ι
81 2668 244 2722 constituitur
259 2676 300 2726 por
319 2665 519 2726 aggregationem,
536 2666 565 2714 ad
579 2668 682 2717 eamdem
699 2666 817 2729 signitica-

53 2755 80 2787 un
95 2742 219 2806 pertinere
235 2739 379 2799 potestque
397 2737 502 2786 attributa
520 2743 556 2787 est
569 2739 757 2801 quadragenario,
772 2738 812 2802 qni

52 2816 150 2875 iugiter
163 2811 263 2862 eisdem
275 2808 377 2857 numeris
391 2809 516 2858 secundum
529 2810 748 2872 muttipticationem.
763 2811 815 2860 Nu-

53 2899 75 2932 us
84 2891 160 2938 :cutem
176 2893 231 2948 quo
246 2877 403 2928 Lucasotitur
413 2879 437 2928 in
447 2879 632 2943 generationibus
644 2879 817 2942 Christisigni·
