1917 3317
152 163 198 208 till
337 171 396 208 enas
413 169 452 220 nl,
469 168 564 214 nom.
581 169 635 217 ιιι,
650 166 706 205 aar.
725 169 773 207 ιιι.

152 247 222 310 positi
243 245 287 298 ani.
302 245 452 310 suppositum
468 248 545 295 antam
557 243 614 294 illut
632 245 740 295 hnmanae
754 249 853 300 amru,
865 238 909 285 dot·

152 317 282 368 verillnalnr
295 329 345 366 osso
357 315 433 366 Deum
445 354 451 376 ,
463 319 499 365 est
508 314 569 364 illem
582 315 644 382 qnod
659 315 801 378 hypostasis
811 325 850 365 sta
859 324 904 373 pto*

151 389 202 440 Filii
215 389 273 451 liei,
287 401 337 451 qun
353 399 444 451 semper
462 386 506 436 lnit
518 386 588 436 Dens.
603 385 669 436 Unde
685 399 732 436 non
752 389 833 449 potest
843 382 910 442 ιιιιιιιἵ

151 463 195 512 iste
219 462 286 512 homo
303 459 398 521 incepit
415 470 466 509 esse
489 458 565 519 nens,
579 457 618 506 rel
630 456 695 520 qnhi
708 456 791 508 lactus·
801 459 834 508 sit
844 456 906 504 Dens.

152 531 207 583 rerh
218 535 281 582 esset
291 530 334 580 alia
347 542 444 594 persona
458 529 497 579 rel
506 527 638 593 hypostasis
647 529 688 580 liei
698 532 723 578 et
731 529 846 590 hominis,
855 527 883 575 ita
893 538 917 585 pr

152 617 204 653 esse
222 605 310 663 linum,
329 600 490 666 prediceretur
508 601 536 649 de
555 601 668 663 homine,
691 605 718 650 et
734 598 750 652 h
769 611 890 657 nonenim,
910 606 917 657 l

151 675 272 740 qnamdam
285 671 471 737 conjunctionem
487 671 676 735 suppositorum.
691 671 731 720 rel
743 670 866 732 dignitatis
877 680 900 730 pr
913 677 917 713 ι

150 747 224 810 malis,
238 746 274 798 rel
288 743 429 805 allectionis,
444 743 483 793 rel
499 740 673 792 inhabitationis
688 742 735 807 (nt
748 742 881 793 Nestoriani
893 752 917 786 rr

151 825 204 870 runt
212 817 351 882 ),tuonpari
364 816 453 866 ratione
463 818 543 880 posset
551 812 599 864 dini
608 812 669 875 qnod
680 814 752 863 homo
761 813 841 864 facem
850 818 881 864 est
889 813 917 857 lit

152 891 175 940 id
190 895 241 953 est,
253 890 389 954 conjunctos
402 888 466 948 lieo,
484 885 545 936 sient
556 889 582 936 et
593 884 655 947 qnod
666 885 728 935 llens
740 883 823 936 iactus
835 890 870 936 est
879 886 917 932 ιιιιι

152 960 176 1010 il
193 965 229 1012 eet
240 999 247 1022 ,
260 962 398 1024 nnnjnnotns
415 958 514 1008 homini.
681 1000 686 1006 .

185 1033 331 1096 ltprimum
351 1043 406 1093 ergo
422 1029 561 1091 (lieentum,
575 1026 637 1092 quot
654 1026 680 1078 in
696 1025 777 1077 rethia
798 1026 849 1080 illie
862 1028 917 1088 Aps-l

153 1105 197 1156 hon
212 1104 331 1154 relativum
343 1103 394 1164 Qui
400 1139 406 1161 ,
416 1101 477 1164 qnod
492 1101 561 1152 retent
573 1112 693 1164 pomonam
704 1098 760 1148 Filii
768 1099 827 1163 ltei,
837 1115 883 1151 non
895 1124 905 1144 ·..

153 1174 250 1237 intelligi
260 1188 289 1224 ex
300 1178 363 1236 parte
376 1170 512 1236 proclinati,
523 1171 590 1234 qnasi
607 1170 690 1234 aliquis
703 1168 812 1222 existens
827 1186 859 1224 ex
877 1184 917 1219 se·

152 1244 223 1296 David
237 1241 360 1294 secundom
374 1256 467 1294 earnem
481 1243 513 1292 sit
532 1242 610 1292 taetus
624 1240 698 1291 illins
709 1241 768 1304 θοις
784 1242 811 1292 in
830 1257 877 1308 qno

152 1315 252 1380 obiectio
262 1315 405 1378 procedebat.
424 1314 468 1364 Set
479 1313 548 1363 dehet
562 1311 659 1376 intelligi
677 1318 789 1375 experte
802 1315 900 1379 snhjecn

153 1385 183 1436 sit
197 1397 278 1436 sensns
291 1385 350 1448 quid
365 1403 379 1432 ιι
393 1383 467 1435 Filius
480 1384 521 1435 liei
534 1385 609 1435 tnetns
624 1388 660 1434 est
675 1381 765 1452 scilieet
778 1385 869 1444 horno,
880 1400 896 1432 a
915 1384 916 1425 l

152 1470 230 1509 norem
246 1456 321 1508 Patris
337 1457 380 1521 (ιιι
392 1456 472 1506 Glossa
485 1456 596 1521 exponit)
610 1455 715 1506 existens
733 1467 766 1506 ex
780 1459 877 1507 semine
894 1458 899 1503 l

154 1526 278 1580 eenondhm
293 1541 384 1578 carnem
393 1564 402 1592 ‚
419 1541 474 1578 »an
494 1527 516 1577 si
531 1528 618 1578 diceret
632 1541 640 1576 ε
652 1543 667 1574 n
680 1525 753 1576 Filias
776 1527 820 1576 liei
838 1530 906 1579 lactu:

154 1602 242 1654 hahens
256 1614 348 1652 earnem
361 1612 389 1650 ex
403 1599 588 1661 semmelmehl,
604 1599 754 1650 ethonorem
768 1599 823 1650 liei.
837 1616 853 1648 o

185 1675 218 1724 ld
228 1674 351 1724 seeundum
367 1671 506 1731 dicendum,
521 1669 581 1734 qnhd
597 1669 654 1720 illud
671 1669 768 1718 rerhnm
784 1671 907 1734 ingestio.

152 1743 326 1807 intelligendum
336 1743 361 1792 in
375 1741 415 1792 illo
430 1755 500 1792 senen
513 1739 637 1792 ssenndhm
648 1739 707 1804 qnod
721 1739 804 1790 exilia
814 1754 906 1803 suscep·

153 1814 316 1866 lnearnntinnls
329 1815 414 1865 laetum
432 1817 469 1862 est
482 1818 509 1863 nt
521 1813 591 1863 homo
608 1815 671 1862 essm
685 1811 764 1874 Dens,
778 1815 803 1862 et
818 1813 882 1864 oens
901 1837 905 1849 =

155 1885 235 1948 hnm03
254 1883 337 1948 inquo
351 1897 421 1936 sensa
441 1884 513 1934 amhn
525 1882 652 1934 locutiones
670 1885 726 1932 nnat
739 1895 817 1947 versa,
840 1891 867 1936 nt
881 1888 902 1932 l:

155 1959 199 2006 est.

187 2027 214 2076 Ει
229 2024 333 2076 simililer
350 2025 471 2076 dicendam
485 2028 522 2075 est
538 2025 569 2076 nt
584 2025 692 2088 tertium;
707 2037 764 2074 nam
778 2024 886 2077 deificari
906 2064 912 2074 .

155 2101 190 2148 est
200 2097 261 2160 qood
274 2097 323 2146 fleri
336 2097 415 2146 Deum.

187 2169 221 2218 hd
239 2171 343 2231 quamam
357 2166 496 2227 dicendum,
509 2164 572 2230 qnod
584 2166 694 2216 terminos
706 2165 733 2216 in
746 2166 855 2231 subjeelo
876 2184 898 2231 p·
916 2180 918 2215 l

154 2243 245 2290 tenetur
255 2238 408 2300 materialiter,
418 2237 440 2288 id
451 2242 539 2301 estprn
548 2237 668 2302 supposito
677 2255 685 2300 ;
695 2237 788 2302 positus
797 2239 856 2289 vero
870 2240 896 2286 in
916 2254 918 2301 ι

155 2309 229 2360 dicato
243 2314 333 2358 tenetur
343 2309 478 2372 formaliter,
488 2308 511 2358 id
518 2314 554 2360 est
564 2321 607 2372 pro
619 2312 700 2359 natura
706 2309 849 2372 signilionta.
860 2312 890 2359 Et
916 2324 918 2357 ι

154 2381 204 2432 ehrn
219 2380 317 2430 dieitur:
335 2382 414 2430 Homo
426 2380 513 2444 foetos
522 2384 560 2429 ert
571 2381 654 2435 Deos,
668 2380 746 2444 ipsum
760 2380 822 2444 fieri
836 2396 885 2431 non
916 2386 918 2419 Ι

153 2453 229 2504 huitnr
241 2453 347 2502 humana
360 2455 464 2514 natura,
478 2453 518 2502 sed
532 2452 651 2516 supposito
663 2453 773 2502 hnmanae
784 2457 893 2512 natura,
916 2469 918 2514 l

153 2530 188 2575 est
206 2525 235 2574 nh
253 2529 338 2576 aeter-nn
356 2523 435 2574 oens:
451 2527 475 2572 et
494 2523 546 2574 ileo
566 2535 612 2574 non
631 2523 744 2574 convenil
767 2525 790 2574 ei
809 2524 860 2574 heri
879 2529 898 2572 l¹

151 2595 208 2648 Cim
218 2601 293 2648 autem
307 2593 407 2644 elicitur:
421 2595 490 2644 Deua
499 2595 629 2658 factumest
637 2593 728 2649 mmo,
740 2595 814 2645 tactio
824 2595 892 2644 intell
916 2613 918 2642 ς

151 2667 270 2718 terminari
288 2667 318 2716 ad
336 2666 408 2729 ipsam
422 2667 545 2714 humanam
562 2671 677 2714 naturam.
692 2665 721 2714 Et
736 2664 807 2728 iden,
819 2680 901 2731 propr.
916 2712 917 2715 ,

151 2823 233 2866 tenter
251 2817 358 2864 heresim
379 2818 523 2863 innomentss
541 2819 620 2877 (quon
638 2819 787 2876 hypostasim
807 2822 821 2867 l
839 2835 917 2877 soppz

147 2875 345 2940 mariamnem),
360 2877 413 2926 loeo
424 2877 465 2930 ‚nte
479 2881 581 2929 indieslo
595 2883 694 2938 probata
704 2891 753 2928 est.
