1917 3317
185 175 216 223 aa
271 181 387 223 'saumana
402 184 533 233 mmnnn,
549 186 644 231 num·
660 185 760 236 utun,
777 186 836 225 aar.
855 189 893 226 nr.

215 262 260 312 Sed
271 264 409 323 contracti,
423 262 483 325 <prod
495 262 618 326 Gregorius
630 262 687 313 dicit
699 277 777 327 super
788 264 934 330 umutile

185 333 274 395 lllV):
295 348 308 381 n
326 332 405 383 latina
423 332 471 383 uita
493 337 542 396 est,
559 346 642 397 panem
662 332 771 384 esurienti
786 333 934 400 tnonere‚v

184 403 301 467 supientia
314 404 453 456 nescientem
466 404 580 456 doceres

218 476 226 540 (
237 478 377 540 opposuero.
386 502 417 515 -
426 477 591 540 doctrinaque
599 480 635 528 ast
645 477 741 527 docendi
750 478 848 529 scientia
859 480 898 529 vel
914 492 934 530 at

184 550 213 599 ad
225 548 323 599 activam
338 548 495 599 tantummodo
509 549 579 599 vitum
589 552 693 612 spectat3
702 549 804 599 docmina
813 550 872 601 nard
884 565 934 614 qua

183 620 272 671 interna
282 618 384 670 veritalis
397 620 560 683 apprehensio,
568 620 719 671 interdumad
730 621 828 671 actuum
840 627 865 672 et
873 624 934 674 inter

185 693 212 743 ad
226 690 422 753 contemplativam
435 692 505 740 vitam
524 691 629 743 retertur.
645 690 654 754 )

216 764 350 827 Respondeo
367 762 506 823 dicendum,
522 762 582 827 qudd
605 765 670 813 actus
687 763 795 814 doctrinas
813 764 887 815 hahet
905 767 934 818 du

185 835 309 899 obiectum.
324 834 362 884 Fit
382 834 442 884 enirn
457 833 560 885 doctrina
579 846 620 897 per
637 834 790 897 locutionem
806 835 895 887 locutio
914 851 934 887 ar

185 911 221 959 est
234 906 323 969 signum
341 905 440 956 audibile
456 904 571 956 interioris
585 905 719 968 conceptis.
733 907 775 957 Est
790 920 845 971 ergo
858 921 933 959 unum

183 978 268 1042 jectum
285 978 406 1040 doctrine,
415 977 437 1027 id
451 976 512 1041 qrrod
525 981 561 1027 est
573 976 667 1027 materia
679 977 729 1028 sire
740 977 857 1042 objectum
871 980 933 1031 inter

185 1049 355 1113 conceptionis3
370 1053 394 1099 et
408 1053 518 1113 quantum
537 1050 565 1100 ad
582 1050 627 1100 hoc
640 1050 769 1113 objectum,
783 1053 923 1116 quandoque

185 1120 245 1171 trina
260 1120 358 1184 pertinet
377 1121 405 1170 ad
424 1120 493 1169 vitam
513 1121 624 1184 activam,
638 1121 774 1185 quandoque
794 1122 822 1172 ad
841 1129 933 1175 contem

186 1194 256 1243 tivum
272 1209 278 1243 ε
292 1194 320 1243 ad
341 1194 443 1244 adirem·
457 1194 562 1256 quidem,
577 1193 667 1257 quando
685 1194 754 1245 homo
767 1193 865 1245 interius
885 1210 934 1247 conr

186 1266 284 1328 aliquam
296 1264 427 1328 veritatem,
446 1269 471 1315 ut
483 1278 526 1328 per
534 1277 586 1315 eam
599 1264 624 1313 iu
639 1265 746 1315 exteriori
758 1266 848 1317 uctmne
858 1268 934 1331 dirige

186 1340 214 1389 ad
226 1338 421 1402 contemplativam
436 1340 528 1397 autem,
542 1338 633 1401 qnando
643 1338 711 1388 homo
722 1337 819 1388 interius
828 1341 932 1405 concipit

185 1424 253 1474 quam
265 1410 382 1460 veritatem
392 1408 567 1472 intelligibilem,
577 1408 602 1459 in
611 1409 677 1473 cujus
687 1408 868 1462 consideratione
879 1416 905 1463 et
913 1424 934 1462 aa

186 1481 317 1532 delectatur.
331 1482 395 1531 Unde
416 1479 556 1542 Augustinus
576 1480 632 1530 dicit
648 1478 673 1529 in
686 1480 725 1531 lib.
744 1483 780 1530 De
797 1482 885 1533 cerdis
901 1487 934 1535 Do

186 1553 213 1603 ui
223 1551 274 1617 (l):
293 1570 306 1601 o
316 1552 405 1615 Eligant
418 1552 462 1602 sibi
476 1556 562 1617 partem
576 1551 691 1602 meliorem
703 1552 803 1613 (scilcet
813 1554 868 1605 uita
885 1558 934 1607 cont

185 1624 300 1689 platinae),
308 1628 388 1675 vacem
397 1625 479 1686 uerbo,
491 1623 581 1675 inhient
591 1624 700 1675 doctrinm
710 1624 833 1688 dulcedini,
844 1639 932 1692 occupc

186 1697 245 1747 circa
262 1696 380 1747 scientiam
393 1697 523 1746 salutarem.
534 1712 548 1743 a
561 1696 605 1747 Uni
618 1695 739 1746 manilestd
746 1696 802 1747 dicit
815 1698 933 1749 doctrinan

186 1768 256 1817 vitam
269 1767 464 1831 contemplativam
475 1768 599 1831 pertinere.
606 1767 673 1817 Aliud
681 1766 737 1818 aad
748 1767 865 1831 obiectum
879 1772 933 1821 doctr

188 1844 212 1892 et
224 1854 253 1891 ex
270 1844 333 1904 parte
350 1838 461 1889 sermonis
478 1838 600 1902 audibilis;
614 1842 640 1889 et
654 1839 687 1889 sic
700 1839 813 1902 objectum
829 1841 933 1892 domnina

188 1912 235 1977 ipsc
251 1911 353 1961 audiens.
369 1910 397 1959 Et
414 1912 524 1972 quantum
539 1911 566 1960 ad
587 1912 632 1961 lroc
646 1909 775 1973 objectum,
790 1910 867 1962 omnis
884 1914 931 1964 doct

188 1983 286 2048 pertinet
298 1984 326 2035 ad
343 1982 412 2033 vitam
427 1981 540 2044 acnuam,
557 1984 585 2033 ad
597 1994 666 2046 quam
678 1982 796 2045 pertinent
807 1984 931 2037 exteriores

187 2056 270 2108 tiones.

218 2129 252 2178 dd
270 2128 368 2193 primum
382 2140 434 2190 ergo
454 2126 590 2189 dicendum,
603 2126 664 2189 pudd
679 2126 803 2177 auctoritas
815 2126 853 2177 illa
876 2140 932 2193 erpo

186 2200 286 2264 loquitur
294 2200 321 2250 de
333 2198 434 2249 doctrina
443 2204 553 2263 quantum
563 2198 593 2248 ad
601 2198 727 2259 maumam,
736 2201 930 2262 proutuersaturu

186 2271 388 2322 considerationem
402 2272 426 2319 et
439 2282 538 2321 amorem
552 2268 662 2319 ucrimtis.

217 2342 250 2393 ld
259 2341 384 2393 secundum
395 2340 523 2401 dicendum,
536 2340 596 2404 pudd
605 2340 696 2391 halitus
704 2344 729 2391 et
738 2344 803 2391 actus
812 2341 931 2393 mmmouit

185 2414 210 2464 in
226 2414 313 2477 objecto
329 2416 369 2463 :et
380 2413 431 2463 ideo
449 2412 568 2463 manifeste
580 2412 619 2463 illa
634 2413 691 2462 ratio
702 2412 804 2476 procedit
813 2424 841 2463 ex
855 2419 930 2477 parter

186 2485 248 2535 terie
262 2484 374 2534 interioris
387 2483 550 2548 conceptionis.
558 2484 585 2533 ln
593 2487 681 2534 tantum
691 2483 754 2533 euim
765 2484 791 2533 ad
806 2484 928 2547 sapientem

185 2556 293 2607 scientem
306 2554 405 2619 pertinet
421 2568 487 2619 posse
497 2556 590 2617 docere,
604 2554 751 2619 inquantum
763 2559 837 2619 potest
849 2555 930 2608 luterio

217 2660 251 2727 (l)
266 2657 321 2721 Non'
328 2666 362 2710 Dc
376 2664 448 2711 Vardo
458 2666 568 2715 Domini,
579 2666 637 2710 sicut
647 2664 709 2722 prius
717 2664 808 2710 incaute
816 2664 839 2709 in
847 2666 928 2725 impres

186 2728 284 2773 habetur
301 2734 376 2773 autern
392 2729 415 2772 in
434 2732 543 2774 Sermone
557 2730 657 2786 XXVII,
671 2740 724 2784 cap.
747 2727 776 2789 l,
795 2728 835 2771 ubl
857 2730 887 2775 de
905 2727 929 2772 ot

185 2792 280 2838 Martios
291 2792 387 2847 loquens
399 2792 468 2849 pauld
482 2792 550 2836 aliter
558 2822 564 2848 ,
573 2791 597 2835 id
606 2796 703 2848 usurpat
713 2797 739 2836 ut
746 2792 776 2835 ab
785 2791 887 2839 ulmodo
897 2802 929 2849 pro

185 2866 231 2899 non
243 2866 294 2899 esse
311 2854 410 2899 officium
425 2854 478 2899 lllud
496 2855 725 2911 reprehendendum,
738 2853 791 2898 mm
808 2853 894 2912 eloqui
907 2855 929 2899 da

187 2917 283 2963 rendum
296 2917 428 2965 necessarie
441 2913 746 2975 proptercontumplutiranu
758 2916 830 2963 vitain
840 2924 908 2967 assat
