1917 3317
154 199 186 244 tlt
234 209 339 246 smenon
355 208 483 255 anconae,
500 208 593 252 pomer.
609 201 725 253 ccxxxiv,
742 207 796 245 rar.
814 207 863 244 vnu

187 284 210 328 6.
225 279 347 336 Praterea,
359 277 452 328 ‹rrlrtns
462 279 568 329 consistit
578 279 638 329 circa
648 279 738 329 dildmle
751 282 775 328 et
786 279 882 336 honum,
892 291 904 320 u
912 275 930 321 ul

154 351 237 402 dioilm
249 351 275 400 iu
284 351 313 400 ll.
329 350 412 400 ldlhr'c.
422 351 466 401 Sed
480 350 596 400 difficilius
604 351 707 414 estnuhd
723 348 869 413 almuishenh
883 348 934 396 riva

154 423 180 472 iu
192 421 272 472 officio
289 422 417 486 presbyteri
436 423 522 483 curati,
537 423 575 472 vel
590 420 755 484 archidiaconi,
768 435 837 485 mam
850 421 874 471 in
887 421 935 468 statu

155 492 279 556 religionis.
292 493 350 556 lirgo
363 493 489 557 presbyteri
500 494 573 543 curati
585 494 622 544 rel
635 492 786 544 archidianoni
798 495 852 542 sunt
864 489 937 555 perlec-

156 564 335 627 liorisrirtutis,
349 577 417 628 quam
432 565 541 628 religiosi.
597 565 601 574 '

184 637 232 687 Sed
247 639 326 688 coulra
342 641 389 700 est,
404 635 465 700 quod
486 636 568 687 dicitur
580 638 641 688 lllll.
657 651 696 700 qu.
711 637 747 699 ll,
761 649 815 685 can.
834 637 896 685 Duo
906 635 938 691 (er

157 707 246 759 Urbano
259 708 296 771 ll)
309 721 314 757 :
328 709 378 758 «Sl
389 708 444 771 puis
455 709 480 757 in
493 709 589 760 ecclesia
604 722 645 758 sua
658 708 702 758 sub
714 707 822 772 episcopo
835 705 938 771 proprim

117 833 125 848 ,
155 779 249 842 retinet,
259 783 282 828 el
290 778 426 830 seculariter
434 779 533 843 vivit,si
546 779 636 831 allatus
644 779 733 843 Spiritu
739 784 832 842 sancto,
843 779 868 828 in
877 777 938 837 aliquo

157 849 294 900 monasterio
306 851 342 902 rel
361 851 438 914 regula
451 851 563 901 canonica
574 851 661 901 salvare
675 864 700 901 se
713 850 810 900 voluerit
818 866 826 913 3
835 848 889 914 quia
900 848 938 907 lege

157 921 246 986 privata
265 921 368 987 ducitur,
379 922 440 972 nulla
452 924 510 973 ratio
529 922 601 986 exigit
618 926 644 972 ul
659 924 710 986 lege
727 921 819 985 publica
837 920 940 972 constrin-

157 996 257 1056 gutur.»
275 994 319 1044 Sed
338 1007 383 1044 non
397 989 487 1043 ducitur
497 993 578 1056 aliquis
593 993 606 1045 l
621 995 671 1057 lege
691 993 788 1058 Spiritus
800 994 887 1054 sandi,
901 1001 938 1052 qun

157 1062 191 1114 ihi
199 1063 279 1115 dicitur
286 1065 329 1114 len
339 1067 455 1130 privato,
468 1065 513 1115 nisi
524 1065 548 1114 iu
560 1065 643 1128 aliquid
653 1065 784 1128 perfectius.
794 1065 855 1128 Ergo
865 1065 939 1114 riocur

158 1134 219 1198 quod
231 1136 330 1200 religiosi
342 1137 389 1188 siut
399 1137 545 1202 perfectiores
556 1149 625 1214 quam
636 1135 800 1197 archidiaconi,
809 1138 848 1187 rel
858 1134 939 1201 preshy-

158 1205 312 1257 tericuaali.'

191 1277 531 1346 (Conclusio-Quanquam
549 1279 704 1343 religiosorum
723 1285 812 1339 emtus,
828 1281 869 1344 qui
885 1281 942 1329 mun

48 1337 57 1355 ⁶
159 1348 231 1398 ailam
247 1363 311 1400 suam
329 1353 375 1404 lleo
388 1357 588 1412 consecraverunt,
599 1354 723 1404 secuudum
734 1351 859 1401 honitatem
879 1347 943 1401 encel-

158 1419 242 1470 leutior
256 1421 298 1482 sit,
309 1436 377 1486 quam
387 1428 461 1474 status
475 1424 601 1488 presbyteri
612 1424 684 1473 curali
694 1435 721 1472 ac
736 1421 903 1483 archidiacoui3
914 1431 943 1467 se·

159 1491 257 1540 candum
271 1492 427 1546 difficultatem
440 1499 515 1544 tamen
529 1495 649 1545 exercendi
661 1495 883 1554 animarumcuram,
892 1493 943 1550 louge

160 1562 281 1626 perfectior
292 1568 327 1615 est
338 1571 410 1618 status
421 1567 549 1632 presbyteri
556 1567 631 1617 curati
643 1579 670 1616 ac
684 1565 866 1628 archidiaconi.)
941 1628 943 1631 Ι

192 1635 326 1699 despondeo
339 1637 545 1701 dicendumoudd
555 1638 692 1702 comparatio
700 1635 901 1700 supereminentia
911 1645 941 1684 nor

161 1705 230 1755 hahet
240 1705 314 1757 locum
329 1709 388 1760 inter
400 1710 488 1774 aliquos
499 1712 529 1760 e'x
539 1723 566 1760 ca
577 1714 641 1773 parte
652 1709 676 1758 in
687 1721 732 1773 qua
742 1709 902 1770 courcu‘uut,
916 1718 941 1755 se

161 1789 190 1826 eu
204 1790 231 1826 ea
245 1781 307 1842 parto
321 1780 344 1829 in
355 1793 399 1843 qua
413 1781 529 1830 differunt.
543 1783 569 1830 ln
581 1781 720 1846 preshyteris
733 1783 808 1830 aulem
821 1781 920 1839 curatis,
933 1789 941 1824 c

162 1849 338 1911 archidiaconis,
352 1851 395 1900 tria
409 1856 444 1901 eat
457 1853 613 1916 considerare,
621 1852 706 1902 scilicet
716 1854 829 1907 stolum,
841 1853 942 1901 ordiner

162 1922 185 1969 et
197 1921 322 1984 officium.
334 1923 367 1972 nd
380 1927 464 1972 etatum
477 1924 577 1986 pertinet
589 1922 650 1987 quod
662 1924 782 1974 enodares
794 1922 854 1986 sint;
863 1925 892 1973 ad
902 1918 942 1971 ordi

162 2004 228 2052 nem,
246 1992 307 2055 quod
328 1993 375 2043 siut
390 1996 520 2045 sacerdotes
537 1995 576 2046 rel
597 1995 697 2058 diacoui3
714 1995 743 2044 ad
762 1993 879 2057 odicium,
900 1991 942 2059 puli

162 2075 239 2111 curam
260 2065 384 2113 animarum
406 2065 505 2115 haheanl
522 2067 566 2116 sihi
586 2067 738 2116 commissam.
755 2065 779 2115 Si
795 2078 852 2129 ergo
872 2080 901 2116 ex
918 2061 942 2113 all

164 2138 226 2198 parte
243 2149 354 2199 ponamus
364 2140 446 2186 statum
460 2137 602 2200 religiosum,
616 2139 696 2189 ordine
705 2138 825 2188 diaconum
840 2139 879 2188 vel
891 2149 941 2186 saco

163 2208 253 2268 dotem,
265 2207 340 2259 olficio
354 2221 430 2258 curam
444 2209 569 2259 animarum
581 2211 719 2272 habentem,
728 2209 786 2259 sicut
799 2209 906 2272 plerique
915 2219 941 2256 rol

163 2278 230 2328 nachi
248 2283 271 2328 et
280 2279 383 2330 canonici
397 2281 511 2344 regulares
522 2282 619 2344 hahent,
631 2281 656 2330 in
667 2280 740 2345 primo
753 2279 846 2343 quidem
860 2279 940 2332 excelli

162 2348 187 2399 in
204 2349 254 2399 aliis
265 2355 340 2400 autem
354 2365 394 2415 par
405 2353 457 2402 erit.
477 2352 503 2402 Si
521 2356 597 2402 autem
618 2352 706 2403 diderat
720 2351 835 2402 secundus
848 2352 941 2415 hprimu

163 2422 261 2470 statuet
279 2421 354 2471 officio
362 2459 371 2486 ‚
389 2423 592 2474 conveniatautem
607 2423 700 2483 ordine,
714 2423 775 2474 sicut
790 2428 844 2474 sunl
856 2424 941 2486 religio

162 2490 290 2542 sacerdotes
304 2497 328 2542 et
341 2493 444 2554 diaconi,
459 2508 533 2544 curam
548 2495 673 2545 animarum
688 2508 733 2545 nou
744 2495 872 2555 habentes,
891 2508 941 2547 man

163 2561 246 2611 lectum
259 2566 293 2612 est
302 2562 363 2626 quhd
374 2567 486 2616 secundus
493 2567 567 2630 primo
576 2568 619 2617 erit
629 2571 690 2616 statu
699 2565 791 2629 quidem
804 2566 939 2617 excelleulio

162 2632 237 2682 officio
251 2637 325 2684 aulem
338 2635 424 2701 minor,
436 2637 513 2688 ordine
522 2637 576 2688 nero
591 2638 692 2701 aqualis.
702 2639 743 2687 Est
754 2651 808 2700 ergo
819 2638 940 2688 considera:

163 2703 216 2752 dum
226 2717 277 2766 que
284 2708 453 2769 praeeminentia
462 2710 538 2772 potior
546 2709 584 2772 sit,
591 2712 749 2773 utmmstalus
759 2709 797 2758 rel
807 2710 888 2759 cilicii.
897 2710 940 2758 Cin

162 2774 224 2838 quod
237 2777 282 2826 duo
296 2780 433 2830 attendenda
449 2780 571 2843 videntur,
585 2780 673 2830 scilicet
687 2779 778 2830 bouitas
790 2785 814 2830 et
830 2780 940 2830 dilhculta

163 2845 188 2893 Si
212 2859 266 2912 ergo
288 2848 326 2898 liat
346 2851 485 2916 comparatio
504 2852 628 2902 secundum
647 2852 787 2915 honitatem,
802 2851 835 2901 sic
854 2853 940 2915 palen·

164 2919 236 2966 status
249 2919 363 2982 religionis
375 2923 449 2972 oldrio
463 2923 587 2986 preshptcri
597 2923 668 2972 curati
679 2923 716 2972 vel
727 2923 895 2985 archidiaconi3
911 2937 940 2986 qu
