1917 3317
150 173 195 219 1⁰8
242 183 347 219 secunus
360 181 489 228 amnone,
502 181 597 225 quasa.
611 181 731 230 anxur,
749 180 804 217 arr.
822 182 844 217 rr.

148 257 244 322 liqiosua
258 261 346 307 unctor
360 257 388 306 ad
398 257 473 306 omnia
487 256 583 306 moabia
595 270 647 319 quae
660 256 689 306 ad
703 256 844 319 penectionis
853 253 907 301 rutro

149 326 272 393 pertinent.

179 403 203 448 t.
217 401 345 459 Praeterea,
358 397 480 460 Gregorius
497 398 552 449 dicit
566 412 644 461 cnm
657 399 746 448 nsecn.
764 397 855 462 (benai.
870 389 909 446 iii

147 470 208 535 quod
224 486 238 516 a
257 469 349 533 ille¹qui
364 482 463 533 praescns
480 470 588 521 sewlnm
605 469 703 531 deserit,
717 473 742 519 et
757 470 804 532 agit
818 471 910 538 Moron

146 541 224 602 valet,
244 539 309 604 quasi
329 541 378 605 jam
396 541 498 604 AEgypto
519 540 638 604 deoelieta,
661 539 798 590 malinam
816 539 885 605 prebet
897 543 911 606 ll

147 625 232 664 eremo.
251 627 266 659 u
279 611 323 663 Sed
338 613 441 662 deserere
459 614 570 662 mulum
590 611 720 676 specialiter
736 611 838 674 pertinet
851 602 913 660 adid·

148 683 233 746 potos.
253 684 312 745 Ergo
325 683 394 733 etiam
407 695 486 734 eorum
500 687 536 734 est
548 696 615 746 agere
628 682 705 734 omna
718 683 777 733 bona
790 697 841 746 que
851 677 914 729 uicti:

149 757 173 804 et
187 753 219 802 ita
231 753 320 804 ridetur
332 751 393 818 qudd
406 753 501 818 quilibet
512 767 591 804 eorum
602 757 707 804 teneatur
720 753 750 804 ad
763 756 841 804 omnia
854 741 915 803 podir

149 822 277 888 implenda.
632 828 638 839 ‘

182 899 205 958 3,.
228 895 356 957 Preterea,
369 897 389 946 ai
405 909 451 948 non
464 894 586 959 requiritur
594 895 624 944 ad
639 899 723 946 statmo
735 882 917 960 perfectionisque

149 964 231 1029 aliquis
240 967 317 1017 omnia
333 967 427 1018 consilia
438 967 541 1029 impleat,
555 965 675 1016 antiocus
689 979 742 1017 esse
754 967 845 1019 ridetur
855 965 871 1015 si
880 967 918 1022 qul

151 1037 203 1086 dam
218 1038 311 1088 consilia
324 1038 427 1102 impleat.
440 1037 484 1090 Sed
499 1039 544 1087 hoc
557 1037 640 1087 tabam
653 1042 706 1115 esti
717 1040 772 1100 quia
785 1039 850 1088 multi
864 1037 918 1102 iore

151 1108 224 1159 cultri
237 1109 285 1158 rita
295 1109 421 1160 existentes
439 1108 515 1171 aliqua
529 1108 625 1159 cornilio
635 1109 747 1172 implent,
761 1114 788 1158 ut
800 1113 863 1172 pate
873 1100 919 1154 dell

150 1180 190 1244 qui
203 1180 366 1240 pertinentiam
377 1183 478 1230 servant.
488 1179 548 1241 Ergo
557 1179 716 1243 videturqudd
729 1175 922 1243 quilibetrelioittli

152 1251 202 1315 (qui
212 1251 279 1302 estio
289 1255 350 1301 statu
362 1249 524 1314 perfeetionis)
534 1253 639 1300 wneatur
650 1251 681 1300 ad
689 1251 768 1302 onnia
778 1265 831 1315 quae
838 1251 922 1307 moirti:

151 1322 270 1385 iectionis3
288 1322 418 1386 hujusmodi
429 1325 506 1372 autem
520 1325 576 1372 sunt
588 1321 666 1372 omnia
683 1323 787 1372 consilia.
920 1324 922 1331 '

181 1394 226 1444 Sed
242 1397 335 1444 contra:
348 1392 376 1442 ad
393 1405 421 1442 ea
434 1405 485 1455 quae
497 1395 552 1442 sunt
567 1393 791 1455 supererogationis,
805 1407 853 1444 uon
863 1388 922 1442 teoto

150 1464 233 1529 aliquis
246 1464 293 1514 nisi
303 1478 332 1514 ex
340 1463 433 1527 propria
444 1462 593 1526 obligatione.
607 1463 655 1513 Sed
664 1477 710 1513 uon
725 1464 825 1526 quilibet
835 1458 922 1524 religiosi!

151 1536 236 1599 obligat
248 1549 273 1586 se
288 1537 317 1586 ad
332 1534 423 1596 omnia,
436 1534 478 1584 sed
496 1534 526 1584 ad
543 1535 618 1596 aitqua
637 1534 804 1599 determinata,
819 1535 901 1598 quidan
910 1534 922 1603 ,³¹

150 1608 217 1668 hee,
234 1607 326 1670 quidam
346 1608 375 1656 ad
387 1605 434 1656 illa.
457 1607 507 1656 Non
525 1619 580 1667 ergo
600 1618 682 1656 omnes
697 1609 808 1656 tenentur
820 1608 852 1658 ad
866 1606 922 1656 onnll

153 1678 171 1752 ᾗ
184 1678 344 1740 (manauere.
362 1703 394 1714 -
410 1677 510 1728 Tametsi
525 1676 647 1739 religiosus
666 1689 694 1726 ea
717 1677 837 1726 dumtaxat
860 1663 922 1735 consili

151 1763 203 1813 quc
221 1749 266 1798 sibi
283 1747 375 1799 deliniti
387 1748 513 1798 secundum
528 1762 576 1798 sure
593 1747 740 1812 professionis
759 1748 864 1810 regulam
878 1738 922 1794 prat

152 1823 222 1883 sunt,
240 1820 337 1886 implere
349 1825 461 1882 teneatur,
473 1824 550 1870 nmen
561 1819 630 1870 etiam
642 1819 672 1869 ad
688 1819 732 1870 alia
747 1819 866 1882 implenda
877 1818 922 1869 ruet

153 1893 206 1942 dere
220 1892 317 1954 debet.)
920 1890 922 1927 t

183 1963 318 2026 Respondeo
329 1961 457 2024 dicendum,
470 1960 530 2024 qudd
540 1963 569 2012 nd
580 1961 745 2025 perfectionem
754 1960 844 2022 abquid
853 1955 922 2029 pertint

152 2033 271 2098 tripliciter
283 2047 290 2082 ι
308 2045 355 2082 uno
376 2032 636 2094 coeessentialem
654 2037 678 2082 at
689 2033 738 2093 sie,
750 2031 813 2080 deut
824 2030 893 2096 supra
904 2026 922 2073 il

154 2105 385 2168 tumesttqu.1st,
401 2107 443 2152 art.
457 2103 504 2165 a),
518 2103 548 2153 ad
560 2102 724 2166 perlectionem
739 2102 841 2165 pertinet
854 2098 922 2167 perier

152 2175 295 2225 observantia
304 2177 467 2238 praeceptorum
476 2171 602 2223 charitatis.
613 2175 663 2224 bilo
671 2174 740 2228 modo
751 2172 779 2222 ad
787 2172 922 2236 periect‘roon

153 2247 251 2310 pertinet
262 2245 542 2310 aliquid‘coraseqocrrleq⁸
554 2243 614 2294 sicut
622 2244 661 2294 nu
677 2257 730 2308 quet
741 2247 922 2306 consequuntur!

153 2317 293 2381 perfectione
302 2317 433 2379 obeuntis,
442 2315 498 2380 puta
513 2316 572 2378 qudd
582 2316 663 2380 aliquia
672 2315 819 2366 maledicenti
825 2312 922 2366 benedis

152 2392 176 2438 et
189 2388 234 2438 alia
245 2387 376 2452 hujusmodi
386 2387 496 2450 impleat3
511 2401 562 2450 que
570 2387 616 2438 etsi
628 2385 754 2436 secundior
767 2386 922 2450 praeparationi

153 2459 225 2508 animi
237 2459 284 2508 sint
297 2459 322 2508 iu
336 2463 465 2523 precepto,
480 2464 506 2508 ut
520 2458 609 2508 scilicet
621 2457 757 2522 impleantur
769 2458 862 2520 quaudo
877 2461 922 2504 nect

153 2531 210 2579 sitas
227 2530 337 2594 requirit,
353 2533 430 2579 tamen
444 2543 472 2579 ex
484 2529 692 2593 superabundantia
707 2527 826 2578 charitatis
837 2518 922 2590 procedi

153 2601 214 2662 qudd
230 2599 298 2650 etiam
313 2604 395 2664 praeter
410 2600 571 2652 necessitatem
587 2601 723 2664 quaudoque
741 2598 794 2648 talia
808 2597 922 2661 impleantr

153 2671 230 2721 'lertio
238 2671 305 2721 orode
314 2671 506 2736 pertiueialiquid
515 2673 544 2729 ad
551 2671 715 2736 perlectionem
723 2664 922 2720 instromeotnld

153 2746 178 2792 ct
194 2741 429 2808 disperdiderunt
449 2745 587 2806 paupertas,
602 2740 760 2805 contiueatia,
776 2738 915 2791 abstinentia

154 2814 197 2864 alia
207 2815 347 2878 hujusmodi.
361 2815 450 2864 llictom
462 2818 498 2865 est
510 2817 588 2864 auteur
597 2815 650 2876 (art.
664 2812 697 2876 t),
708 2813 772 2876 qubd
783 2813 836 2877 ipsa
845 2809 922 2874 perier

155 2887 272 2938 obeuntis
285 2891 321 2937 est
330 2886 383 2936 bnis
396 2885 467 2936 suida
480 2885 606 2946 religionis.
614 2885 693 2936 sutus
706 2889 782 2935 autem
790 2879 913 2946 religionis
