1917 3317
625 134 721 181 m
1004 145 1124 180 mas
1157 146 1239 192 ιιι,
1274 146 1458 189 Quas-1¹.
1491 147 1608 195 vm,
1641 148 1753 184 Αιτ.
1787 150 1854 186 vr.

690 225 734 270 3.
768 222 1004 281 Praeterea‚
1029 219 1236 269 Christus
1260 234 1318 269 ex
1342 233 1396 270 eo
1427 223 1547 284 quod
1570 228 1738 286 praeest
1766 225 1917 275 Eccles

624 292 722 342 lum
750 292 915 341 dicitur
942 294 1112 354 caput,
1141 291 1220 341 sed
1242 292 1380 341 etiam
1413 294 1620 343 «Pastor
1647 300 1695 343 et
1715 295 1917 347 fundame

629 364 731 414 sioe.
762 380 790 410 n
812 364 904 412 Sed
925 376 1018 412 non
1047 362 1133 411 sibi
1168 363 1313 411 solum
1356 363 1566 413 Christus
1595 365 1786 415 retinuit
1823 381 1917 417 nom

631 434 880 484 secundum
907 435 1018 483 illud
1048 433 1085 483 1.
1118 421 1278 490 Petr'„
1308 435 1344 482 V
1373 449 1387 483 z
1412 436 1574 484 «Cum
1602 438 1862 499 apparuerit
1890 440 1917 487 F

629 510 809 566 torum,
852 505 1116 569 percipietis
1153 505 1573 556 immarcescibilem
1613 508 1768 568 gloriae
1808 522 1917 560 coro]

632 576 769 626 etiam
791 589 955 625 nomen
981 577 1330 639 fundamenti,
1348 578 1594 626 secundum
1615 577 1730 627 illud
1750 579 1917 642 Apoc„

636 662 715 699 rus
756 646 957 696 civitatis
988 648 1163 696 habens
1206 646 1504 697 fundamenta
1541 648 1798 698 duodecim.
1837 666 1867 696 n
1908 652 1917 699 l

632 719 753 784 quod
782 733 868 769 nec
894 719 1036 767 etiam
1064 731 1232 769 nomen
1261 719 1422 781 capitis
1446 718 1533 768 sibi
1555 719 1640 767 soli
1671 718 1917 771 retinuerit.

697 792 789 841 Sed
824 794 982 841 contra
1007 793 1110 852 cst,
1140 791 1263 853 quod
1293 790 1456 839 dicitur
1484 790 1696 845 Coloss„
1733 792 1774 840 11
1807 806 1887 841 :u
1911 804 1917 837 ι

628 862 716 913 siae
737 867 831 923 est,
852 876 911 913 ex
940 874 1032 925 quo
1055 875 1222 925 corpus
1243 874 1326 925 per
1353 875 1498 911 nexus
1524 865 1572 911 et
1608 861 1917 925 conjunctiom

631 936 800 982 tratum
828 937 877 982 et
918 935 1242 995 constructum,
1269 932 1429 981 crescit
1454 931 1500 980 in
1522 937 1821 995 augmentum
1847 935 1917 985 Det

636 1004 720 1054 soli
746 1004 931 1054 Christo
966 1003 1198 1055 convenit.
1223 1004 1344 1066 Ergo
1366 1004 1489 1053 solus
1512 1004 1724 1054 Christus
1749 1010 1822 1055 est
1846 1020 1917 1070 ca}

700 1076 717 1138 (
731 1076 1021 1125 Concmsro.
1047 1102 1111 1113 —
1129 1076 1245 1125 Esse
1282 1078 1419 1138 caput
1444 1076 1661 1125 Ecclesiae
1689 1078 1917 1127 secundun

632 1145 876 1209 influxum,
890 1146 1124 1211 proprium
1144 1150 1217 1196 est
1246 1146 1448 1209 Christ03
1469 1148 1718 1196 secundum
1739 1148 1917 1209 gubern:

640 1219 934 1280 exteriorem,
971 1231 1207 1269 commune
1231 1222 1302 1268 est
1328 1218 1510 1269 Christo
1531 1231 1638 1267 cum
1662 1219 1762 1269 aliis
1784 1233 1888 1271 esse

636 1290 736 1339 siae.
760 1292 776 1352 )

698 1361 970 1424 Respondeo
1007 1360 1275 1425 dicendum,
1305 1360 1428 1426 quod
1467 1363 1604 1424 caput
1643 1358 1694 1409 in
1735 1361 1827 1411 alia
1855 1377 1917 1414 me

636 1433 910 1497 dupliciter:
938 1445 1032 1481 uno
1062 1433 1225 1494 modo,
1265 1434 1458 1496 quodam
1488 1431 1736 1482 intrinseco
1764 1433 1917 1483 inssux

633 1505 742 1555 licet
771 1505 916 1555 virtus
942 1502 1115 1556 motiva
1147 1508 1194 1553 et
1230 1503 1452 1553 sensitiva
1482 1500 1509 1552 a
1535 1502 1683 1565 capite
1725 1503 1917 1559 derivati

635 1577 863 1638 membra3
895 1576 984 1626 alio
1013 1575 1176 1637 modu,
1202 1576 1450 1624 secundum
1486 1574 1729 1637 quamdam
1767 1577 1917 1626 exteri

634 1646 897 1707 nationem,
926 1648 1063 1709 prout
1090 1646 1266 1695 scilicet
1293 1646 1540 1695 secundum
1564 1644 1714 1694 visum
1738 1647 1791 1694 et
1819 1646 1917 1697 alio:

633 1715 686 1765 in
717 1717 866 1779 capite
897 1716 1173 1777 radicantur,
1201 1716 1408 1779 dirigitur
1445 1717 1584 1766 homo
1626 1716 1675 1765 in
1706 1717 1917 1769 exteriori

633 1787 827 1837 Interior
853 1790 1004 1836 autem
1032 1788 1231 1837 influxus
1258 1786 1411 1850 gratiae
1428 1825 1441 1850 ,
1476 1800 1570 1837 non
1591 1792 1664 1838 est
1689 1788 1746 1837 ab
1765 1788 1917 1853 alique

635 1858 843 1921 Chr-istm
869 1859 1002 1921 cujus
1029 1858 1289 1908 humanitas
1313 1872 1373 1909 ex
1393 1860 1479 1909 hoc
1496 1859 1618 1921 quod
1643 1862 1717 1909 est
1737 1859 1917 1911 divinit:

632 1929 771 1979 hahet
800 1930 1012 1980 virtutem
1035 1928 1335 1992 justificandi.
1363 1930 1455 1979 Sed
1475 1930 1676 1979 influxus
1701 1930 1752 1979 in
1779 1934 1917 1982 meml

636 2004 857 2064 quantum
880 2001 937 2049 ad
955 2002 1228 2051 exteriorem
1251 2001 1626 2062 gubernationem
1645 2039 1656 2061 ,
1677 2004 1833 2064 potest
1852 2004 1914 2053 ali

634 2072 693 2121 Et
709 2073 957 2122 secundum
981 2073 1069 2122 hoc
1087 2072 1226 2137 aliqui
1249 2072 1326 2121 alii
1348 2076 1538 2136 possunt
1563 2072 1653 2122 dici
1675 2076 1849 2137 capita
1874 2077 1917 2125 E

637 2142 835 2192 cundum
872 2142 986 2192 illud
1016 2144 1186 2198 Amos,
1221 2144 1313 2192 Vl:
1345 2160 1378 2191 α
1410 2142 1663 2207 optimates
1705 2145 1861 2207 capita
1896 2162 1917 2212 ς

632 2213 903 2263 Differ-enter
920 2218 1076 2265 tamen
1098 2212 1125 2264 a
1149 2212 1328 2264 Christo
1358 2230 1370 2263 ε
1392 2213 1538 2277 primo
1569 2214 1789 2278 quidem,
1816 2231 1917 2281 qua]

630 2286 754 2349 quod
783 2285 988 2335 Christus
1008 2289 1080 2335 est
1097 2289 1234 2348 caput
1259 2286 1464 2336 omnium
1490 2298 1644 2334 eorum
1673 2287 1754 2350 qui
1779 2292 1840 2339 ad
1863 2290 1917 2340 Er

631 2357 811 2418 tinent,
848 2357 1094 2406 secundum
1123 2369 1302 2406 omnem
1330 2357 1512 2419 locum,
1547 2359 1593 2406 et
1619 2361 1802 2421 tempus
1824 2397 1838 2421 ,
1873 2364 1917 2409 el

632 2432 787 2477 autem
818 2427 1032 2477 homines
1066 2427 1278 2477 dicuntur
1315 2428 1464 2490 capita
1501 2428 1753 2478 secundum
1784 2433 1917 2493 quaed

630 2498 733 2547 loca
755 2537 767 2559 ‚
785 2497 907 2547 sicut
933 2498 1152 2563 Episcopi
1171 2510 1352 2547 suarum
1371 2498 1704 2562 Ecclesiarum3
1723 2501 1801 2550 vel
1826 2503 1917 2553 etia

634 2569 984 2638 determinatum
1007 2576 1216 2634 tempus,
1247 2570 1365 2621 sicut
1401 2570 1526 2633 Papa
1556 2575 1629 2619 est
1654 2576 1796 2639 caput
1837 2575 1917 2625 toti

627 2640 809 2702 seilicet
836 2647 1040 2705 tempore
1072 2641 1144 2691 sui
1176 2640 1500 2705 Pontificatus3
1528 2646 1576 2692 et
1611 2643 1868 2697 secundum
1893 2646 1917 2696 d

632 2716 802 2763 statum
820 2751 832 2773 ‚
853 2715 989 2775 prout
1017 2707 1195 2761 scilicet
1215 2715 1320 2761 sunt
1353 2712 1402 2760 in
1430 2716 1552 2762 statu
1577 2712 1782 2769 viatoris.
1810 2717 1912 2771 Alio

631 2783 843 2839 Christus
867 2788 937 2836 est
960 2786 1100 2847 caput
1121 2783 1337 2839 Ecclesiae
1358 2784 1541 2848 propria
1569 2784 1734 2840 virtute
1758 2791 1810 2842 et
1838 2802 1917 2840 auc

630 2855 746 2905 vero
772 2856 980 2907 dicuntur
1005 2855 1154 2918 capita
1177 2854 1228 2903 in
1255 2859 1477 2920 quantum
1497 2855 1842 2922 vicemgerunt
1872 2861 1917 2912 Cl
