1917 3317
132 218 177 265 508
333 226 394 264 naus
412 224 452 275 ur,
469 225 563 269 numer.
579 224 637 273 ιιι,
652 224 708 261 aar.
724 224 742 259 1.

130 318 177 355 uua
196 306 285 353 mutum
310 300 412 366 operatio
433 299 559 349 diuinitatis
579 303 602 351 et
623 297 769 349 humanitatis
784 296 807 347 iu
819 294 897 346 Cbr'nto

130 379 245 440 oporteret
256 374 348 437 dicere,
367 373 406 422 vel
420 370 483 437 qudd
499 373 600 421 bumana
613 376 697 422 natura
714 384 758 420 uou
768 370 856 420 baberet
868 382 900 430 pro

130 447 202 511 priam
214 445 310 496 formam
324 450 347 495 et
361 442 467 494 uirtutem
484 443 527 507 (de
540 442 618 493 diviua
631 441 693 492 enim
706 442 750 493 hoo
767 440 811 492 diei
829 445 860 491 est
876 439 900 485 uu

131 518 255 583 possibile)
270 532 299 567 ex
313 530 357 581 quo
371 519 505 579 sequeretur
514 514 575 578 quod
586 514 611 565 iu
622 513 715 565 Christo
724 516 872 565 esseltantmu
887 510 904 557 d·

129 591 184 641 rina
195 589 314 653 operatio,
330 588 366 639 uel
379 592 493 651 oporteret
512 587 589 638 dicere
605 586 668 651 qudd
681 600 710 636 ex
720 586 797 636 diviua
808 585 904 633 virtuter

132 662 231 713 humana
245 667 306 711 esset
320 662 418 711 ooullata
432 658 456 711 in
470 659 560 709 Christo
577 672 625 709 una
637 657 719 708 uuus.
736 659 834 717 Quorum
845 661 906 704 utrm..

133 747 178 801 que
193 737 228 784 est
249 732 390 795 impossibile
409 746 415 779 z
433 744 487 781 nam
504 746 546 795 per
563 731 664 794 primunr
679 731 773 793 borum,
786 728 871 793 ponitur
881 739 911 772 uz·-

132 807 183 855 lura
201 806 300 855 humana
315 803 340 853 in
354 802 443 853 Christo
455 816 506 853 esse
525 801 675 866 imperiecta;
690 815 732 865 per
742 800 864 851 seeundum
875 811 902 844 re.

134 876 226 942 ponitur
240 875 345 927 conlusio
357 879 500 925 naturarum.
515 875 544 924 Et
559 874 613 924 ideo
625 874 791 925 rationabiliter
800 874 827 923 iu
841 869 899 920 tls

134 948 194 999 uodo
206 948 254 997 beo
263 947 340 1011 opinio
354 949 391 996 est
401 946 564 1008 condemnata3
581 944 606 993 in
621 947 690 1010 cujus
703 946 885 996 determinatione
901 985 903 987 ,

136 1016 194 1069 citur
208 1032 239 1066 :u
249 1018 309 1067 Duas
319 1017 433 1067 naturales
443 1016 589 1080 operationes
599 1014 714 1078 indivise,
727 1015 901 1066 meourert'rtde

135 1086 271 1151 inconfuse,
281 1086 471 1151 inseparabiliter,
484 1086 510 1137 in
521 1087 601 1137 eodem
612 1087 710 1137 Domino
718 1089 774 1139 lesu
786 1087 900 1137 cbristus

136 1156 183 1210 ileo
203 1164 281 1210 nostro
289 1196 298 1224 ,
314 1158 482 1223 glorificamus,
493 1159 539 1210 boo
556 1162 604 1220 est,
620 1157 722 1208 divinam
742 1157 890 1222 operationem

136 1224 260 1281 humanam
279 1231 445 1294 operationem.
461 1246 475 1278 ιι

140 1360 145 1369 ,
169 1302 202 1351 bd
217 1300 316 1364 primum
330 1313 373 1363 ego
389 1300 519 1362 dicendum,
528 1298 592 1363 quod
606 1297 732 1363 Dionysius
741 1299 814 1363 pouit
823 1300 848 1351 in
856 1302 891 1350 Cle
917 1273 919 1332 h

138 1370 293 1437 operationem
309 1370 494 1427 theandricam,
503 1370 525 1420 id
538 1373 574 1421 est
587 1370 706 1419 divinam
719 1372 847 1432 virilem,
859 1372 888 1418 rel

138 1444 224 1495 ninom
236 1445 384 1501 dunecanum,
396 1455 442 1492 non
454 1455 495 1505 per
503 1441 602 1505 aliquam
613 1440 778 1492 contusionem
788 1446 894 1508 operatu.
917 1461 919 1464 ·

140 1527 182 1565 seu
195 1514 306 1563 virtulum
321 1513 438 1576 utriusque
449 1517 547 1573 naturae,
557 1514 598 1562 sed
611 1526 652 1576 per
665 1513 712 1563 boo
721 1513 788 1576 qudd
805 1515 881 1565 dirim

140 1586 198 1641 ratio
216 1586 266 1649 ejus
280 1585 351 1635 ulitur
364 1586 476 1645 bumana,
491 1588 515 1635 el
528 1584 629 1633 huruuua
642 1583 695 1646 ejus
708 1586 820 1649 operatio
835 1593 885 1651 part·

140 1658 248 1707 virtutem
266 1656 350 1706 diuina
363 1654 512 1719 operationis.
528 1654 593 1705 Unde
611 1654 674 1704 sicut
688 1658 712 1705 et
722 1657 777 1719 ipse
791 1658 849 1709 dicit
862 1659 894 1705 iur

142 1728 193 1777 dam
204 1727 279 1789 Epist.
294 1726 329 1777 od
342 1724 435 1777 Cotum
447 1742 455 1774 :
468 1744 482 1774 rr
493 1727 569 1790 Super
579 1725 698 1775 homiuem
709 1730 854 1790 operabatur
866 1741 888 1776 ea

142 1802 196 1847 suut
212 1797 328 1862 hominis3
345 1798 406 1861 quod
417 1798 557 1847 demonstrat
569 1796 640 1859 Virgo
654 1799 866 1860 supernaturaliter
878 1815 898 1845 m

142 1868 224 1937 piens,
240 1874 264 1921 et
277 1884 336 1934 aqua
348 1870 464 1921 instabilis
481 1876 622 1921 terrenorum
633 1870 719 1933 pedum
741 1874 865 1923 sustinens
882 1888 898 1933 r:

143 1942 223 1992 tatem.
240 1957 253 1988 ιι
266 1942 409 1993 illauilestum
424 1946 459 1993 est
475 1942 539 1992 euim
552 1941 613 2005 qubd
630 1940 723 2004 rnuoipi
739 1948 778 1993 est
792 1946 894 1993 bumana

143 2014 215 2075 lurae,
236 2011 340 2063 simililer
359 2017 383 2064 et
401 2012 534 2075 ambulare3
548 2014 590 2063 sed
612 2014 736 2076 utrumque
760 2014 810 2065 luit
827 2016 853 2065 ln
871 2018 889 2064 t'

144 2084 303 2151 supernaliter.
322 2084 351 2134 Et
365 2084 467 2134 similiter
482 2084 560 2134 divina
576 2084 713 2147 operabatur
726 2085 904 2138 humanitas,-

146 2168 199 2205 oum
215 2155 303 2205 sanarit
316 2154 432 2219 leprosum
453 2156 575 2218 tangendo.
590 2154 655 2205 Unde
671 2154 698 2204 in
715 2158 807 2209 eadem
821 2161 892 2225 Epist.

144 2225 181 2287 ¹dit
197 2240 203 2273 ι
220 2242 234 2273 «
247 2226 298 2275 Nou
316 2225 441 2277 seeundirm
453 2228 525 2277 Deum
540 2226 618 2276 divina
630 2224 729 2287 iaciens,
743 2242 798 2280 uon
812 2233 895 2281 burnan

146 2297 245 2347 nundum
258 2296 390 2359 hominem,
403 2298 443 2348 sed
455 2298 501 2347 lten
509 2296 603 2348 bomine
611 2297 682 2359 farto,
691 2310 757 2349 nova
772 2303 893 2365 quadam.

145 2362 246 2417 hominis
260 2365 398 2430 operatione.
416 2384 429 2415 ιι
441 2368 505 2426 Quod
515 2371 593 2419 autern
605 2367 750 2419 intellexerit
771 2373 837 2425 duas
850 2388 891 2425 ess»

146 2436 246 2489 rationes
266 2437 408 2501 inebriato,
424 2453 493 2489 unam
510 2439 594 2490 diviua
608 2441 713 2501 nature,
728 2441 809 2494 aliam
831 2451 896 2495 auter

147 2522 221 2561 manae
235 2512 308 2575 patet,
323 2524 352 2561 ex
369 2510 407 2561 his
421 2525 471 2576 quaa
486 2510 543 2561 didit
555 2510 582 2561 in
594 2525 645 2575 cap.
656 2512 685 2561 ll.
699 2512 739 2561 De
750 2514 815 2566 div.
832 2519 895 2567 lt'ora

148 2580 202 2631 dioit
211 2581 270 2645 qudd
281 2598 294 2629 u
307 2580 344 2631 bis
357 2596 407 2645 qua
422 2582 536 2647 pertinent
553 2583 582 2634 ad
592 2583 715 2632 humanam
727 2585 787 2648 ejus
797 2592 894 2653 operati·

148 2652 216 2702 Pater
228 2656 252 2703 et
264 2644 363 2716 Spiritus
376 2657 468 2703 sanetus
479 2654 541 2703 nulla
553 2652 639 2704 ratione
649 2656 853 2725 communicant,
863 2663 902 2710 niu

147 2724 230 2773 dixerit
253 2722 377 2773 seeuudhm
398 2724 587 2788 benignissimam
608 2727 632 2775 et
653 2724 842 2781 misericordem
862 2745 898 2780 ιι».

148 2798 208 2859 tem3
223 2810 237 2843 ιι
254 2794 278 2843 in
292 2799 402 2859 quantum
416 2796 503 2846 seilicet
521 2797 589 2847 Pater
606 2800 630 2848 et
644 2795 748 2860 Spiritus
764 2809 871 2853 sanctus
885 2821 904 2852 e*

149 2864 301 2915 misericordia
314 2866 435 2916 voluerunt
446 2868 563 2918 Christum
581 2881 649 2933 agere
663 2872 686 2918 et
703 2869 756 2938 pati
771 2875 891 2925 bumana.

149 2938 225 2985 autem
240 2950 275 2985 :o
292 2938 316 2985 et
329 2938 454 2989 seeundum
468 2952 560 2991 omnem
574 2940 768 2993 sublimissimam
783 2950 811 2997 et
827 2946 907 2998 iaedi
