1917 3317
940 116 942 147 Ι

135 163 170 210 st
240 173 348 210 sammua
364 173 493 222 susanna,
509 173 603 218 suasa
619 173 721 223 cumr,
738 173 793 210 aar.
810 173 826 208 ι,
940 158 942 161 ’

140 261 210 312 nem,
225 253 427 312 praesumptuosum
445 249 535 298 videtur
550 248 612 311 guod
627 250 711 312 adquin
729 261 828 312 preesse
842 240 926 319 appetii

135 319 168 370 nd
184 321 228 369 hoa
241 319 302 382 qndd
315 319 410 370 subditis
424 319 512 382 prosit,
523 319 569 368 nisi
580 320 702 371 manifesta
714 320 851 371 necessitate
862 316 929 365 imur·

139 394 222 451 uena,
238 391 301 440 siout
312 390 432 454 Gregorius
443 391 499 440 dicit
507 392 532 440 iu
543 393 644 442 Pastor.
657 392 727 455 (part.
737 393 757 453 1,
767 405 817 455 oap.
827 389 864 452 8),
878 382 927 448 quid

140 480 155 511 «
163 467 220 512 tune
233 463 344 513 laudabile
355 466 404 514 eret
422 463 578 527 episcopatum
594 477 710 526 maras,
724 465 865 528 quandoper
876 460 931 508 nunu

135 545 275 598 quemquam
289 534 381 584 dubium
391 548 437 585 non
447 538 496 584 erat
505 535 533 584 ad
542 535 653 599 supplicia
666 535 770 598 graviora
782 531 930 597 persona.»

140 609 220 674 (Unde
233 621 280 658 non
298 609 326 658 de
341 607 404 658 taciti
417 607 575 658 inveniebatur
589 607 630 671 qui
642 608 687 656 hou
703 619 762 656 onus
775 598 929 661 assumeret),

138 679 263 742 presertim
274 678 324 728 edm
335 679 415 742 aliquis
427 679 543 728 chamuto
552 678 601 728 zelo
610 678 720 730 diuinitus
729 679 758 727 ad
767 678 812 727 hoo
819 677 930 732 incitata,

138 751 197 801 siout
212 751 333 814 Gregorius
341 752 396 802 dicit
408 751 431 801 in
441 753 541 800 Pastor.
550 753 618 813 (part.
626 751 645 810 1,
658 763 709 814 sap.
722 748 827 813 7),un
844 765 860 796 s
869 745 932 797 isaias

138 823 245 887 prodesse
259 823 368 887 proximis
380 823 489 887 cupiens,
500 821 641 872 laudabiliter
652 821 752 872 officium
768 815 931 884 predicationis

139 895 242 958 appetiit.
251 911 265 942 n
274 896 436 946 Potesttamen
447 894 532 957 absque
540 894 715 957 presumptione
724 892 822 957 quilibet
829 895 933 957 appetere

136 966 193 1016 talia
210 979 278 1029 opere
288 967 378 1026 insere,
392 967 413 1016 si
423 979 476 1016 sum
490 964 631 1028 rontiugoret
642 965 667 1013 iu
679 965 720 1013 tati
730 964 806 1014 officio
819 977 888 1023 esse,
901 957 932 1008 uel

138 1036 207 1086 etiam
220 1050 245 1087 ss
258 1050 309 1088 esse
318 1037 412 1100 dignum
425 1038 453 1086 ed
463 1035 517 1086 talia
525 1048 595 1098 opera
606 1035 752 1099 exequenda3
764 1035 795 1084 itu
804 1035 871 1098 qudd
884 1043 935 1098 opus

138 1108 223 1157 bonum
242 1108 307 1158 cadat
321 1109 363 1158 sub
381 1107 509 1169 desiderio,
524 1119 570 1157 uon
588 1110 665 1156 autem
681 1107 792 1170 primatus
810 1103 935 1170 dignitatis.

138 1180 203 1230 Unde
219 1179 392 1244 Chrysostomns
405 1178 460 1229 dioit
473 1192 550 1242 saper
561 1178 654 1228 diutia.
670 1179 705 1242 (i)
721 1193 727 1227 :
745 1194 760 1225 o
770 1179 833 1242 Opus
846 1177 934 1241 quidem

136 1251 265 1304 desiderare
279 1252 376 1313 bouum,
391 1250 475 1300 bonum
490 1249 672 1312 estrprimatum
687 1254 765 1299 antem
777 1248 875 1299 honoris
888 1260 938 1297 oon-

134 1322 267 1386 snpisosre,
281 1323 370 1372 vanius
384 1325 432 1384 est;
447 1320 630 1384 primatusenim
642 1321 768 1385 fugientem
778 1333 804 1370 se
813 1320 937 1377 desiderat,

137 1394 301 1446 desiderantem
313 1407 338 1444 ss
356 1395 441 1444 horret.
455 1410 469 1440 »

169 1467 203 1517 sd
222 1465 320 1530 primum
337 1476 391 1528 orgo
408 1464 544 1527 dicendum,
557 1463 616 1528 quod
637 1463 696 1513 siant
707 1463 830 1526 Gregorius
850 1464 910 1514 dicit
921 1461 942 1509 in

140 1541 238 1586 Pastor.
250 1540 317 1602 (part.
328 1537 351 1591 i.
366 1547 418 1599 cap.
429 1539 463 1599 8),
479 1554 494 1583 s
503 1536 543 1587 iiio
556 1539 658 1600 tempore
668 1536 714 1585 hoe
727 1535 788 1585 dixit·
799 1535 939 1600 Apostolus,

134 1622 182 1672 guo
198 1609 236 1658 iile
250 1609 290 1672 qui
307 1607 413 1672 plebibus
430 1612 541 1671 preerat,
555 1607 643 1671 pdmus
659 1609 686 1656 ad
705 1606 810 1670 martyrii
825 1609 942 1658 tormento

138 1679 273 1740 dunensium
283 1695 297 1726 n
312 1681 336 1728 et
351 1678 384 1727 sic
398 1678 455 1728 nihii
471 1679 533 1729 atiud
546 1679 665 1740 eratquod
675 1677 700 1727 iu
709 1677 847 1740 episeopstu
865 1674 942 1742 appeti

137 1753 215 1814 posset
228 1750 273 1799 nisi
286 1750 371 1800 honum
385 1761 452 1813 opus.
466 1751 530 1800 Unde
541 1749 681 1813 Augustinus
690 1749 753 1806 dicit.¹
761 1749 822 1800 XIX,
834 1751 878 1800 De
888 1752 942 1803 Cios

137 1822 187 1870 Dei
200 1820 268 1885 (cap.
280 1825 309 1870 19
317 1821 336 1884 ),
349 1821 409 1884 quod
424 1837 439 1868 ι(
453 1821 575 1885 Apostolus
588 1821 684 1871 disens:
701 1821 752 1881 Oai
763 1821 942 1887 episcopatum

137 1891 279 1948 desiderat,
292 1893 382 1942 bonam
393 1906 456 1955 opas
469 1892 611 1947 desiderat,
625 1905 739 1955 exponere
752 1891 828 1941 uoluit
840 1894 905 1957 quid
918 1894 942 1961 sit

134 1964 292 2026 episcopatus,
304 1962 358 2025 qnia
368 1976 452 2013 nomeu
463 1964 543 2027 operis
556 1967 590 2014 esi
599 2002 606 2025 ‚
616 1976 663 2014 uon
674 1963 773 2013 honoris,
784 1963 901 2015 (irsoum
914 1966 942 2016 esi

137 2033 215 2096 enim;
228 2033 266 2096 spi
277 2033 362 2098 quippe
376 2049 460 2098 saper,
472 2047 556 2098 scopus
565 2033 621 2085 sert
635 2035 742 2084 intentio
755 2036 797 2084 est.
815 2036 884 2100 Ergo
896 2036 942 2101 epti

138 2117 209 2166 saepe
222 2106 249 2152 t'a
259 2103 341 2167 graue
352 2105 371 2155 si
380 2107 487 2168 velimus,
497 2104 567 2157 iatius
581 2105 801 2169 superintendere,
815 2106 942 2171 mamni

138 2176 228 2237 diuers,
244 2179 270 2224 ut
286 2175 397 2239 intelligat
411 2189 458 2226 nou
476 2190 502 2226 se
517 2190 567 2227 esse
585 2178 718 2240 episcopum
737 2176 777 2240 qui
793 2191 907 2239 preesse
922 2176 942 2228 di

136 2245 232 2308 tenerit,
244 2258 291 2295 nou
303 2247 450 2310 prodesse3n
465 2247 565 2297 atenim
578 2260 658 2311 parum
670 2250 722 2297 ante
736 2248 862 2310 premittit
876 2266 885 2300 r
904 2270 920 2299 a
929 2253 942 2309 l!

135 2316 226 2366 actione
238 2329 283 2366 nou
296 2318 407 2369 amandus
415 2323 451 2368 est
461 2320 534 2368 honor
544 2319 568 2368 in
578 2318 686 2379 uaauita,
697 2319 747 2368 sire
756 2320 876 2383 potentia,
891 2336 942 2386 quo

137 2388 199 2438 uiam
212 2389 287 2439 omnia
299 2404 358 2441 rana
371 2393 424 2440 sunt
434 2391 476 2440 suh
492 2391 539 2441 soie
549 2392 598 2456 (ῆς
609 2391 649 2440 sed
662 2403 721 2454 opus
736 2389 814 2452 ipsum
825 2395 900 2453 guod
915 2402 942 2458 pt

136 2459 242 2508 eamdem
257 2460 365 2511 honorem
379 2461 416 2510 uel
425 2461 553 2525 potentiam
565 2461 600 2510 iit.
610 2477 625 2508 u
638 2462 667 2511 Et
677 2466 768 2522 tamen,
778 2461 942 2526 utGregoriu

137 2528 229 2580 dicitin
245 2532 346 2582 Pastor.
362 2534 430 2596 (part.
442 2535 466 2594 1,
481 2546 532 2598 sap.
544 2534 578 2595 8)
596 2548 602 2582 :
619 2531 874 2596 ‹inpostoiuslandans
891 2536 942 2589 desi

172 2691 203 2756 (i)
220 2697 271 2741 Non
287 2707 355 2741 verus
367 2696 459 2752 quidem
472 2697 619 2753 sieutsupra
634 2696 676 2742 sed
690 2695 855 2752 supposititius
866 2709 942 2747 auctr

138 2757 267 2814 imperfecti
283 2759 360 2815 operis
376 2759 401 2803 iu
413 2759 510 2808 Mutet..
521 2765 546 2804 ut
557 2759 644 2804 Hamil.
659 2761 742 2804 XXXV
757 2759 836 2804 ridere
845 2770 909 2810 est.

173 2826 207 2890 (ξ)
221 2829 349 2876 Aliudendo
362 2830 391 2875 ed
403 2831 459 2876 iilud
478 2832 622 2889 Salomonis,
638 2831 741 2879 Erotes„
758 2831 784 2890 1,
801 2843 871 2877 vers.
898 2838 942 2887 14ς

145 2891 202 2938 Vidi
217 2895 306 2938 anneta
314 2905 367 2950 aaa
384 2894 447 2951 fluat
457 2894 502 2940 sat
510 2895 574 2945 rats,
587 2899 608 2939 et
622 2907 672 2940 ears
683 2895 802 2940 aninmo
812 2899 942 2950 sanitas.
