1917 3317
272 212 303 250 nn
318 211 469 253 amisorum
485 213 590 253 mrsu.
786 208 832 257 gg,

63 288 195 355 liemonaloo
211 288 348 351 moenium,
362 290 423 353 quid
440 290 500 341 siout
513 290 667 357 Philosophus
681 291 738 344 aicit
750 293 775 343 in
786 295 830 347 lib.

35 364 66 411 lie
79 361 202 413 Memoria
219 362 244 409 et
265 362 454 411 reminiscentia
472 364 540 425 (cap.
553 363 597 425 il,
607 363 692 427 duplex
704 368 742 415 εει
753 370 829 418 motus

35 436 110 485 mimas
123 432 147 483 iu
163 431 309 495 imaginem:
323 445 381 483 unus
395 431 501 495 quidem,
516 433 540 483 iu
552 434 626 497 ipsam
636 433 774 499 imaginem,
792 451 831 489 se-

45 507 124 555 nnium
138 504 201 567 quod
218 516 256 555 res
269 505 372 567 quadam
387 508 437 566 osl3
448 505 507 555 alim
519 510 603 567 autem,
615 506 641 556 in
656 506 794 572 imaginem,
805 509 831 561 in

44 581 136 626 iiautnm
152 578 190 627 est
204 574 280 637 imago
295 574 396 625 alterins.
409 576 438 626 ut
452 576 564 627 iuterbos
576 578 634 627 duos
647 582 722 629 molus
734 582 831 633 estber

44 647 152 698 lilereulia
167 662 173 696 ι
194 646 249 709 quia
262 645 348 709 primus
362 650 447 711 motus,
466 660 512 711 quo
525 647 578 712 quis
594 651 696 699 movetur
712 650 738 699 in
750 651 831 715 imagi-

45 734 79 768 rm
91 726 115 771 ut
130 722 167 771 εει
177 731 217 768 res
228 719 333 780 quadam
344 756 350 778 ,
363 722 398 769 εει
408 718 466 769 alius
480 718 495 769 a
508 723 571 770 motu
583 720 623 784 qui
636 724 671 771 ast
684 720 710 771 iu
720 735 782 784 rem;
793 735 829 773 εε-

49 793 110 843 .ιιιε
130 793 211 841 autem
231 793 319 851 motus,
335 789 374 853 qui
391 794 427 841 εει
440 790 464 841 in
485 792 609 854 imaginem
624 792 648 840 iu
668 797 779 856 quantum
795 798 830 845 εει

57 876 109 925 ego,
123 866 162 913 est
178 874 241 910 uuus
260 864 284 910 ει
302 862 361 911 idem
376 874 427 911 oum
441 861 480 913 illo
498 862 537 925 qui
553 866 589 913 εει
609 863 635 913 iu
647 876 704 914 rem.
723 864 829 929 sicergo

46 936 142 984 <sulum
157 936 213 993 ost,
229 930 290 994 quod
304 932 398 996 imagini
412 932 499 983 Christi
511 932 658 995 inquantum
670 937 706 985 eat
716 947 753 985 res
767 948 829 998 (ειε-

41 1046 42 1049 ,
56 1022 69 1053 r
83 1005 156 1071 (puta
165 1003 258 1068 liguum
268 1003 379 1067 sculptum
391 1004 428 1055 vel
438 1005 543 1070 picium)
554 1005 617 1055 nulla
627 1006 755 1057 reuerentia
764 1007 829 1057 exbi-

47 1089 89 1135 1ιιι,
108 1076 167 1142 quia
181 1074 315 1126 reuerentia
333 1075 427 1125 nonnisi
443 1077 548 1127 rationali
561 1080 647 1127 uatum
666 1077 769 1129 debetur.
784 1081 830 1130 lle·

49 1150 193 1211 poiturergo
202 1146 267 1210 quid
281 1147 415 1197 exhibeatur
426 1148 446 1198 ei
460 1148 588 1199 reverentia
597 1150 670 1199 solum
683 1148 707 1199 iu
717 1153 829 1213 quantum

70 1222 155 1285 imago.
172 1220 205 1269 Et
220 1218 254 1267 sio
269 1218 370 1280 sequitur
383 1218 443 1283 quod
457 1220 539 1271 eadem
552 1220 681 1270 reverentia
694 1221 829 1273 exhibeatur

50 1294 106 1356 igini
118 1289 218 1344 Christi
229 1293 252 1339 ει
263 1289 308 1353 ipsi
317 1289 408 1341 Christo
418 1290 464 1355 (ι).
474 1292 532 1341 Cum
546 1303 599 1355 ergo
608 1290 714 1341 cbristus
723 1292 829 1343 adoretur

52 1366 144 1417 *ratione
163 1361 257 1422 latria,
268 1373 413 1425 consequeus
429 1365 464 1413 est
478 1361 542 1426 quod
556 1362 607 1426 ejus
620 1362 696 1425 imago
709 1362 740 1413 sit
750 1364 830 1415 adora·

46 1452 68 1486 ιε
81 1436 162 1487 latrim
174 1432 304 1483 adoranda.

45 1508 192 1573 ltprimum
210 1516 267 1565 ergo
284 1502 415 1562 dicendum,
427 1503 488 1567 quod
505 1516 552 1554 uon
569 1504 702 1567 prohibetur
712 1503 751 1555 illo
764 1518 828 1569 pra-

51 1593 71 1629 ‘o
89 1583 173 1632 lasere
190 1588 363 1639 quamcumque
378 1576 517 1639 sculpturam
535 1578 573 1627 vol
588 1575 774 1639 similitudinem,
788 1577 828 1626 soal

56 1668 79 1703 re
93 1652 123 1703 ad
137 1648 300 1710 adorandum
317 1647 378 1697 uude
395 1647 487 1697 subdit:
497 1665 511 1696 ι
521 1648 573 1698 Non
583 1646 686 1697 adorabis
698 1660 725 1697 ea
735 1683 742 1707 ,
753 1659 828 1711 neque

47 1740 73 1775 s.
87 1741 102 1771 u
122 1725 155 1773 Et
173 1718 251 1783 quia,
266 1716 326 1767 sieut
339 1717 423 1769 dietum
442 1721 478 1769 ast
485 1754 494 1780 ,
513 1717 575 1768 illem
589 1721 626 1767 εει
640 1720 714 1767 motus
727 1717 752 1767 in
767 1717 827 1767 ima-

46 1812 75 1845 m
91 1799 117 1847 ει
133 1795 164 1845 iu
180 1802 253 1851 rem,
272 1802 300 1839 eo
314 1790 382 1841 modo
394 1790 527 1853 prohibetur
541 1788 642 1839 adoratio
654 1788 760 1853 imaginis
779 1802 827 1853 quo

59 1870 137 1918 ibelur
153 1860 270 1913 adoratio
282 1860 316 1909 rel
333 1860 400 1923 eujus
412 1859 488 1923 imago
501 1862 544 1909 est.
558 1860 623 1909 llude
641 1858 675 1908 ibi
690 1859 827 1923 intelligitur

51 1940 115 1990 uberi
126 1932 249 1987 adoratio
262 1930 387 1994 imaginum
401 1943 458 1994 quas
475 1930 578 1980 Gentiles
591 1929 705 1979 laolebaut
718 1929 742 1979 iu
754 1943 826 1980 uene-

57 2026 108 2061 rem
124 2009 239 2059 deorum
254 2014 362 2063 suorum,
378 2001 401 2052 la
416 2003 461 2063 est,
471 2001 599 2051 daemonum
611 2002 655 2063 (sl.
664 2001 693 2049 lit
706 2000 759 2051 ideo
769 2014 828 2063 pra·

42 2098 46 2105 ⁴
58 2095 103 2145 mr,
121 2098 139 2131 α
148 2090 204 2129 nou
221 2073 322 2125 babebis
336 2075 392 2124 deos
405 2073 494 2137 aliquos
513 2084 588 2122 coram
603 2085 648 2122 me.
664 2089 677 2119 s
691 2073 738 2136 lpsi
751 2078 827 2123 antam

47 2157 117 2215 ‚pem
132 2150 197 2203 cium
217 2144 422 2209 siliueorporeus,
432 2144 496 2194 nulla
506 2144 581 2207 imago
600 2144 723 2207 corporalis
740 2145 829 2207 poterat

45 2227 60 2278 l:
76 2227 134 2293 quia
141 2263 152 2289 ,
168 2226 198 2271 ut
213 2220 376 2270 Damaseeuus
390 2217 454 2280 dieii,
468 2216 511 2266 lib.
525 2216 564 2276 lll,
578 2228 630 2278 eap.
640 2217 680 2277 lb,
690 2214 729 2264 ubi
739 2213 826 2277 sopri:

43 2282 170 2363 ¹{ipleptiae
182 2301 291 2344 summae
302 2292 340 2337 est
354 2290 379 2337 et
392 2286 516 2349 impietatis
534 2285 632 2349 ligurare
644 2286 704 2349 quod
717 2289 753 2335 est
767 2283 828 2334 diui·

45 2385 57 2417 ι.
74 2390 88 2419 1,
103 2370 156 2421 sed
173 2363 239 2429 quia
260 2359 285 2409 in
305 2371 365 2409 novo
375 2358 522 2408 Testameuto
536 2356 596 2406 boue
610 2356 685 2406 laetus
695 2359 730 2405 εει
742 2356 826 2416 bomo,

49 2448 66 2490 a
84 2444 108 2492 ln
122 2439 167 2492 sui
184 2430 300 2494 imagine
314 2428 429 2493 corporali
446 2425 543 2477 adorari.
671 2427 673 2431 '

46 2514 57 2559 ,ι
78 2510 223 2565 secundum
241 2501 382 2562 dicendum,
394 2497 455 2562 quod
467 2497 589 2561 Apostolus
599 2494 705 2561 probibet
718 2494 826 2559 operibus

42 2623 56 2654 '¹
71 2623 121 2669 Nisi
138 2617 228 2678 quod.
242 2610 359 2657 absoluta
375 2606 469 2665 quidem
482 2607 589 2666 Christo,
609 2607 650 2652 seul
659 2604 764 2679 'imagini
777 2604 828 2657 ejus

46 2686 101 2730 llra¹
118 2684 168 2731 ubi
195 2682 287 2725 autem
312 2677 349 2719 εει
366 2684 440 2717 ιιιιιιιιι
455 2675 551 2728 propter
565 2669 643 2727 aliud,
658 2670 692 2713 rbi
708 2671 827 2711 estunam

47 2762 79 2793 iim
87 2722 142 2805 ,ἐι
160 2738 269 2801 vulgari
283 2737 418 2788 mutuato,
434 2733 497 2790 quod
506 2730 544 2777 lile
556 2739 581 2777 et
592 2732 617 2776 iu
628 2730 680 2777 aliis
692 2726 779 2787 passim
792 2724 828 2768 lo-

41 2813 138 2930 iihlauijet‘a·
148 2878 217 2929 illud
233 2885 270 2920 ex
285 2870 380 2920 Psalm.
395 2868 466 2926 XCV,
480 2877 541 2912 uera.
556 2862 571 2909 5
581 2880 588 2907 ι
603 2864 646 2911 llis·
660 2860 771 2920 pestium
780 2853 830 2898 dm-

36 2958 81 2989 ula.
