1917 3317
102 171 156 222 tot
307 183 368 221 aare
383 183 425 232 ur,
441 181 528 228 ouusr.
544 183 579 231 rr,
596 181 652 222 arr.
669 184 703 222 rr.

105 265 168 312 esset
182 260 195 310 l
207 259 366 324 peecatoriom
378 263 511 323 segregatus
529 260 547 310 si
561 273 608 312 non
621 260 782 324 assumpsisset
800 263 906 312 naturam

104 334 225 382 numnam
234 345 262 381 er
271 331 343 394 stirpe
356 332 409 381 ldae
418 331 552 396 peccatoris.
563 331 789 396 Ergovideturqudd
804 345 851 383 non
865 333 906 384 de·

106 405 180 454 buerit
194 405 222 454 de
232 403 302 467 stirpe
316 404 369 453 lda.²
384 407 487 454 naturam
500 405 623 454 humanam
637 417 761 454 assumere.

135 480 160 524 t.
177 479 304 538 Praeterea,
318 475 342 524 iu
352 476 451 539 quolibet
461 489 553 540 genere,
563 476 701 540 principium
716 475 815 527 nobilius
827 481 866 528 est
880 491 908 529 eo

104 547 165 609 quod
181 550 218 597 est
232 546 244 596 l
257 546 376 611 principio,
389 547 413 596 Si
426 545 495 610 igitur
509 560 622 598 assumere
636 548 709 598 uoluit
720 549 845 598 humanam
859 563 907 599 na-

103 621 186 678 turam,
200 618 275 681 magis
289 618 366 668 debuit
378 631 428 668 eam
440 631 557 669 assumere
568 619 592 669 iu
604 620 654 683 ipso
665 619 744 671 lldam.

138 693 160 738 a.
173 691 300 745 Praeterea,
310 689 410 740 Gentiles
420 691 492 752 magis
503 691 594 741 luerunt
601 693 733 756 peccatores
743 690 812 754 quarn
822 693 908 756 ludaei,

104 765 130 811 ut
143 762 197 811 uicit
210 762 288 812 (llossa
297 762 334 811 od
345 761 412 818 oea,
423 763 454 823 ll,
468 775 537 826 super
549 763 603 813 illud
616 779 622 812 :
640 780 653 809 ιι
668 764 715 813 Nos
725 767 805 813 natura
819 763 908 829 dodel,

104 836 128 883 et
140 846 187 884 non
201 845 229 882 eu
240 833 349 883 Gentibus
362 837 502 897 peccatores.
518 851 532 882 u
547 834 571 882 Si
585 848 639 897 ergo
653 847 681 885 ex
696 833 854 898 peccatoribus
868 849 910 886 na-

104 909 179 954 turam
193 906 313 954 humanam
325 917 439 956 assumere
455 904 536 968 voluit,
546 906 682 956 debuiteam
698 905 770 968 magis
788 919 910 958 assumam

104 990 133 1027 ex
149 977 269 1039 gentibus,
282 976 350 1040 quam
368 989 397 1026 ox
410 977 481 1040 stirpe
496 978 605 1040 dhralrae,
617 977 657 1039 uui
670 977 715 1026 luit
724 977 811 1040 justus.

135 1049 180 1099 Sed
190 1053 268 1098 contra
279 1052 328 1110 est,
341 1047 402 1112 quod
414 1049 485 1107 dae„
500 1050 544 1112 lll,
556 1048 675 1100 Generatio
689 1047 778 1098 llomini
790 1049 912 1100 reducitur

103 1122 213 1185 usquead
229 1121 307 1171 Adam.

134 1194 145 1256 (
151 1193 470 1256 concausam-Quanquam
482 1192 541 1242 lleus
552 1190 643 1240 aliunde
662 1193 765 1240 naturam
781 1191 911 1242 humanam

103 1265 218 1328 suscipere
230 1263 356 1328 potuisset,
369 1263 437 1326 uulua
446 1276 476 1313 ex
490 1264 559 1314 ldam
569 1301 575 1325 ,
586 1262 762 1314 convenientius
774 1265 857 1314 umen
866 1265 912 1314 luit

103 1336 131 1385 ad
145 1337 236 1399 plenam
248 1349 288 1399 pro
302 1339 396 1399 peccam
408 1334 606 1393 satislaotionem‚
622 1338 646 1384 et
661 1335 770 1398 majorem
786 1335 911 1386 hominurn

104 1406 252 1470 dignitatem,
262 1410 286 1457 et
297 1406 397 1457 diuinam
406 1406 532 1470 potentiam
547 1406 720 1467 ostendendam,
729 1408 756 1455 ut
768 1419 797 1456 eu
811 1405 853 1457 illo
861 1408 910 1457 hu·

104 1491 195 1530 marram
207 1483 311 1530 naturam
325 1478 477 1542 assumeret.)

134 1551 268 1615 despondeo
280 1551 416 1612 dicendum,
430 1549 490 1612 quod
504 1549 564 1599 siout
578 1549 716 1612 Augustinus
728 1548 782 1598 dicit
800 1548 825 1598 iu
844 1551 911 1602 Xlll.

104 1627 142 1675 De
155 1625 256 1680 arima,
269 1637 320 1687 cap.
332 1627 379 1684 28,
396 1637 410 1669 o
425 1624 517 1673 Poterat
528 1623 587 1672 lleus
600 1621 717 1672 homiuem
730 1621 821 1672 aliunde
832 1625 912 1675 susei—
953 1633 954 1649 ¹

102 1709 170 1760 pere,
180 1707 227 1746 non
239 1696 269 1745 de
282 1707 365 1758 genere
374 1693 442 1744 istius
452 1695 506 1744 lde
516 1731 522 1756 ‚
534 1693 573 1756 qui
584 1707 627 1744 suo
638 1697 731 1757 peceato
745 1692 859 1756 obligavit
868 1710 911 1760 ge

102 1782 146 1817 nus
158 1769 294 1830 humanum3
310 1768 350 1817 sed
366 1766 448 1816 melius
463 1765 577 1830 judicavit
587 1769 614 1815 ut
631 1765 659 1816 de
673 1765 724 1828 ipso
738 1765 797 1828 quod
817 1766 912 1818 victum
951 1807 952 1837 ,

102 1841 176 1889 luerat
187 1852 269 1902 genere
281 1843 406 1889 assumeret
419 1838 536 1888 homiuem
549 1837 619 1897 Deus,
630 1849 672 1901 per
682 1850 750 1900 quem
760 1836 854 1900 generis
868 1841 915 1890 hu-

103 1912 165 1961 maui
176 1910 277 1961 uinceret
287 1911 435 1960 inimicum.»
447 1909 475 1958 ot
483 1909 527 1959 hoc
535 1911 628 1972 propter
642 1909 701 1958 tria:
714 1907 910 1976 primoquidem,
950 1907 951 1931 ¹

102 1983 157 2047 quia
170 1984 214 2032 hoc
227 1982 317 2033 videtur
331 1983 360 2032 ad
376 1981 490 2045 justitiam
504 1981 615 2044 pertinere
634 1984 658 2030 ut
672 1979 710 2030 ille
723 1979 852 2031 satisfaciat
867 1986 911 2047 qui
949 2001 950 2025 ι

102 2054 219 2120 peceavit3
235 2058 258 2104 et
269 2054 320 2105 ideo
332 2055 360 2105 de
374 2057 454 2104 natura
466 2067 507 2118 per·
521 2056 639 2116 peecatum
654 2056 759 2116 corrupta
775 2052 856 2103 debuit
871 2069 912 2108 as-

101 2127 161 2178 sumi
175 2126 199 2177 id
212 2141 254 2190 per
273 2128 332 2190 quod
348 2124 473 2176 satisfactio
488 2129 536 2175 erat
555 2123 667 2190 implenda
687 2137 728 2188 pro
747 2128 793 2175 tota
812 2131 911 2179 natura.

101 2197 225 2261 Secundo,
238 2198 292 2261 quia
302 2199 346 2248 lroc
355 2198 425 2248 etiam
438 2196 538 2261 pertinet
551 2197 578 2246 ad
590 2195 700 2260 majorem
713 2194 813 2246 hominis
826 2196 912 2263 digni·
947 2209 948 2213 ’

102 2272 190 2329 tatem,
206 2269 259 2318 dum
271 2281 301 2318 en
317 2268 355 2318 illo
370 2281 453 2332 genere
469 2268 542 2316 uictor
555 2267 639 2318 dioboli
658 2267 772 2331 nascitur,
784 2270 850 2331 quod
866 2285 913 2335 per

101 2341 216 2391 diabolum
233 2341 305 2390 luerat
317 2335 517 2401 victumlerlid',
533 2339 585 2402 quia
602 2353 643 2402 per
659 2341 703 2390 hoo
724 2339 792 2390 etiam
808 2341 851 2390 llei
867 2357 914 2407 po.
945 2395 946 2398 Ἴ

100 2412 172 2463 tentia
186 2412 258 2475 magis
276 2411 415 2473 ostenditur,
435 2412 488 2460 dum
505 2411 533 2462 de
553 2414 632 2462 natura
651 2416 755 2475 corrupta
774 2414 798 2461 et
811 2412 913 2466 infirma

100 2484 223 2548 assumpsit
240 2485 263 2534 id
276 2484 337 2548 quod
352 2483 377 2534 iu
390 2486 477 2549 autam
493 2482 599 2534 virtulem
613 2488 636 2534 et
654 2483 787 2548 dignitatem
801 2487 839 2536 est
851 2501 912 2551 pro·
944 2483 945 2495 ¹

101 2560 197 2606 motum.
943 2563 944 2589 l

131 2629 164 2678 ild
178 2628 275 2691 primum
295 2640 349 2692 ergo
369 2626 507 2689 dicendum,
521 2625 581 2690 qudd
602 2628 705 2679 Christus
723 2627 801 2680 debuit
820 2634 913 2686 ossea
942 2659 943 2683 ι

99 2701 254 2766 peccatoribus
262 2702 393 2764 segregatos
405 2704 514 2763 quantum
527 2701 556 2750 ad
564 2701 654 2766 curlparn
662 2714 729 2766 quam
742 2706 835 2752 uenerat
850 2705 910 2758 des·
941 2731 942 2777 p

99 2775 190 2833 truere,
206 2784 253 2821 nou
268 2776 379 2835 quantum
391 2772 420 2821 ad
438 2775 542 2821 naturam
556 2785 624 2836 quam
644 2775 738 2823 veneral
750 2772 852 2837 salvare,
869 2791 911 2828 se.
940 2813 941 2818 ,

98 2843 198 2893 eundum
211 2856 279 2905 quam
292 2842 380 2892 debuit
395 2858 442 2907 per
452 2845 536 2892 omnio
550 2843 678 2906 frutribus
698 2843 865 2902 assimilari,
883 2852 913 2898 ut
940 2819 941 2871 ¹

99 2913 159 2963 idem
173 2915 294 2978 Apostolus
304 2914 359 2966 dicit
374 2914 409 2965 orl
419 2914 503 2973 Heor,
515 2915 543 2966 ll.
560 2915 588 2966 Et
599 2915 623 2968 iu
636 2916 680 2968 hoc
693 2916 761 2968 etiam
775 2916 910 2972 mnabilior
