1917 3317
105 205 151 252 ³³0
279 213 342 253 mr
355 215 397 266 rrr,
413 215 507 260 uum.
524 213 604 264 srvis,
621 213 674 252 sar.
692 211 727 251 rr.

134 279 182 342 fisi
191 293 269 340 mnus
283 295 334 352 est,
344 292 406 356 qnasi
421 292 503 341 mater
521 291 549 341 de
563 290 688 353 maenia,
703 290 873 352 liter-emina,
890 293 918 342 i:

106 379 122 412 a
132 365 259 425 lnuqmn
270 362 345 414 ariter
357 365 386 414 ὼ
396 367 491 424 ventre,
507 361 644 412 sanetificavi
656 366 688 411 te.
703 379 716 409 u
732 361 762 411 lit
772 363 806 412 de
822 363 920 414 Jeanne

105 435 209 498 Baptista
218 434 301 484 dieitur
314 436 402 492 Lem
417 451 423 484 ε
439 450 455 482 s
467 434 555 498 Spiritu
567 437 644 484 saneto
655 433 783 498 replebitur
794 435 883 485 adhue
895 449 923 486 er

105 509 171 556 utem
180 507 258 556 naam
269 521 325 558 sue.
336 525 350 554 n

138 578 298 640 (snmusm.
308 607 341 618 -
353 579 405 629 Nun
420 577 463 630 seli
475 579 549 629 beate
562 577 663 642 Virgini,
679 581 705 626 ut
716 576 740 626 in
754 580 827 628 utero
844 593 922 631 sarre-

105 649 238 711 urentur,
255 651 337 701 dimne
357 651 432 715 pause
451 663 545 700 munere
564 661 693 700 mneessnm
713 653 760 710 est,
775 651 823 700 sed
846 652 924 702 etiam

105 721 169 784 aliis,
184 721 269 772 scilieet
285 722 405 773 Hieremia
422 725 447 771 st
459 722 543 772 ioanni
556 720 673 784 Baptista,
687 733 783 784 qurernm
807 724 923 773 sanctifi·

106 793 166 843 ‹atio
178 794 361 845 nuntiationis
372 808 415 858 per
430 795 517 845 Christi
531 789 663 858 pissiunem
677 796 700 842 et
712 793 868 857 Baptismnrn
884 798 924 846 ln-

107 872 166 916 turae
177 866 248 929 tlgura
260 866 332 928 tuit.)

137 937 272 1001 Respondes
283 938 418 997 disertum,
432 936 492 1001 quiid
507 935 646 999 Augustinus
664 935 688 984 in
701 934 773 998 Epist.
790 936 870 1001 LVII,
884 939 923 989 nri

106 1007 276 1065 Dardanum,
291 1007 359 1058 dubit
371 1008 461 1058 videtur
471 1007 533 1071 loqui
546 1008 574 1057 de
588 1009 667 1056 hurum
686 1006 880 1060 sanctificatione
899 1012 923 1060 iu

106 1081 180 1128 utero.
196 1079 296 1130 «Potuit
312 1079 421 1130 exultatio
428 1079 522 1130 loannis
535 1079 558 1128 iu
569 1083 634 1130 utero
650 1077 750 1142 (etipse
765 1077 849 1143 dicit)
866 1093 923 1132 esse

108 1150 243 1213 significatio
256 1151 290 1202 rei
303 1155 373 1202 tante
388 1150 493 1214 (scilieet
506 1147 564 1214 quiid
578 1150 660 1200 muilier
676 1155 737 1200 esset
757 1155 837 1201 mater
859 1153 922 1215 Dei)

109 1220 260 1286 imajnrilrus
279 1223 459 1287 cognoscenda,
473 1237 520 1274 uun
533 1223 547 1272 i
560 1223 655 1286 parvulo
672 1221 778 1284 nquius.
805 1223 880 1275 Unde
900 1228 924 1274 in

108 1293 230 1357 Evangelio
249 1308 294 1344 uon
308 1294 397 1358 dicitur,
413 1293 526 1344 credidit
539 1294 624 1356 infans
637 1294 664 1342 in
678 1296 763 1348 uteru,
780 1294 826 1343 sed
843 1297 924 1346 exut-

110 1365 185 1413 tavit.
198 1365 306 1416 Vidamas
322 1370 397 1416 antem
418 1364 581 1415 exultationem
595 1377 641 1414 non
660 1363 731 1415 mmm
746 1365 921 1432 paruulorum,

108 1436 149 1484 sad
168 1435 238 1486 etiam
256 1449 364 1500 pecorum
382 1449 442 1486 esse:
455 1437 499 1486 Sed
512 1437 563 1486 trae
581 1435 689 1484 inusitata
707 1435 798 1496 estitit,
816 1437 879 1500 quia
898 1441 921 1490 iu

108 1509 183 1557 ntem.
196 1509 224 1558 Et
235 1510 301 1571 ideo,
317 1509 377 1558 sicut
394 1507 469 1558 solent
482 1507 588 1557 miracula
603 1506 664 1570 iteri,
678 1507 735 1556 lauta
749 1510 783 1556 est
797 1508 920 1560 divinitus

108 1579 132 1630 in
154 1581 259 1642 iniuste,
274 1593 320 1631 nun
340 1581 474 1630 humanitus
494 1580 521 1629 ali
539 1577 633 1628 tutante.
650 1579 805 1642 Quamquam,
822 1581 920 1632 etiamsi

108 1665 182 1715 usque
192 1653 250 1703 adeo
256 1657 293 1702 est
301 1653 325 1702 in
334 1652 373 1703 illo
386 1664 457 1716 puero
471 1647 608 1701 acceleratus
617 1661 673 1699 usus
685 1649 778 1699 ratiums
788 1654 815 1698 et
830 1653 920 1702 vulun-

109 1724 175 1783 tatis,
193 1727 220 1772 at
231 1723 291 1773 intra
313 1724 402 1774 risam
422 1729 526 1774 materna
539 1722 588 1786 jam
607 1724 685 1785 posset
705 1733 848 1785 agnuscere,
865 1740 919 1777 cre·

109 1793 176 1854 dere,
189 1795 319 1846 consentire
333 1798 342 1861 (
354 1797 382 1846 ad
399 1796 460 1858 quod
473 1795 500 1844 in
514 1794 563 1844 aliis
583 1792 691 1858 parvulus
702 1797 755 1842 atas
766 1799 919 1862 expectatur,
956 1837 957 1850 q

108 1867 135 1913 nt
146 1865 251 1929 possint)
265 1869 289 1916 et
299 1869 342 1916 hae
357 1866 380 1915 iu
389 1865 505 1916 miraculis
521 1865 650 1914 habendum
660 1867 717 1927 puto
727 1862 811 1914 divinae
825 1872 920 1929 poten-

108 1934 155 1985 tie.
171 1952 185 1983 n
195 1937 241 1987 Sed
253 1937 309 2001 qnia
318 1937 426 2001 expressi
435 1937 461 1988 in
479 1935 606 2000 Evangelio
616 1935 709 1998 dicmur,
722 1933 782 2000 quur
796 1952 813 1983 u
825 1937 918 2002 Spiritu

109 2012 189 2059 sancto
202 2010 323 2074 replebitur
337 2011 412 2060 adhue
424 2023 453 2059 er
466 2014 531 2059 ntem
545 2007 624 2057 matris
642 2021 703 2070 sue,
718 2023 732 2054 »
746 2007 812 2058 etde
827 2009 918 2063 Hiere-

110 2078 156 2130 mia
168 2081 275 2145 expressit
293 2082 375 2132 dieitur
387 2096 394 2130 ε
408 2099 423 2131 a
437 2085 563 2146 Antequam
581 2079 656 2130 exires
670 2080 699 2130 de
713 2079 795 2140 vulva,
811 2083 918 2134 sanetifi-

109 2152 160 2201 cavi
178 2158 219 2217 te;
242 2170 257 2200 n
276 2154 423 2204 asserendum
438 2153 530 2203 ridetur
551 2163 590 2201 eus
610 2149 761 2202 sanctificatas
781 2151 806 2200 iu
831 2157 915 2220 utere3

109 2225 214 2284 quamvis
227 2225 252 2274 iu
266 2229 331 2275 utem
343 2239 409 2275 usum
427 2223 494 2274 liberi
512 2222 598 2273 arbitrii
610 2236 656 2274 non
673 2222 809 2285 habuerint,
827 2224 855 2274 de
865 2239 916 2288 que

109 2295 249 2358 Augustinus
261 2296 409 2360 questionem
421 2299 514 2346 movet:
531 2296 590 2346 sieut
603 2293 671 2344 etiam
684 2294 763 2360 pueri,
775 2295 815 2357 qui
829 2297 915 2348 saneti-

109 2364 206 2416 ficantur
219 2381 262 2432 per
281 2368 436 2431 baptismum,
449 2381 497 2418 nen
510 2367 585 2416 statim
596 2366 681 2416 habent
693 2379 758 2415 usum
770 2365 836 2416 liberi
848 2367 913 2418 ariri-

109 2436 155 2487 trii.
167 2440 215 2488 Nec
229 2443 264 2488 est
276 2439 415 2489 eredendum
428 2439 517 2503 aliquos
529 2437 678 2488 sanctificatas
689 2449 739 2486 esse
750 2436 775 2486 in
785 2437 868 2499 uteru:
884 2441 910 2490 dr

108 2510 191 2571 quihus
207 2511 326 2574 Scriptura
341 2511 480 2562 mentionem
498 2523 544 2561 usu
557 2509 627 2572 taeit3
646 2509 698 2574 quia
713 2509 846 2573 huiusmodi
863 2513 909 2576 pri·

109 2578 191 2642 vilegia
202 2580 291 2644 gratia,
300 2595 350 2646 qua
362 2584 444 2632 dantur
454 2582 568 2646 aliquibus
577 2585 658 2646 pristes
669 2581 743 2645 legem
752 2595 908 2648 communem,

109 2649 242 2700 ordinantur
262 2652 291 2702 ad
312 2652 434 2703 utilitatem
452 2654 562 2717 aliorum,
581 2653 705 2703 seeundum
726 2653 782 2702 illud
798 2653 818 2702 l.
839 2655 909 2714 Gor„

109 2720 150 2770 llll
166 2739 172 2770 :
185 2739 198 2771 u
211 2723 338 2787 Unicuique
349 2724 413 2775 datur
423 2724 580 2776 manifestatio
594 2723 691 2788 Spiritus
704 2725 733 2775 aul
745 2723 908 2792 utilitatem»

109 2878 181 2922 tiano.
192 2877 216 2935 1,
231 2878 300 2931 mlh
315 2884 340 2923 et
353 2877 479 2933 ouantis„
493 2881 536 2937 vt,
551 2889 591 2937 qa.
604 2878 628 2926 5.
643 2885 687 2924 art.
701 2879 724 2937 i,
736 2891 801 2938 carp.
818 2879 907 2942 inim

109 2946 134 2985 st
146 2937 305 2999 Opermlll,
318 2939 446 2997 eap.181;
459 2946 485 2986 et
494 2942 519 2988 in
531 2942 621 2989 Paulas.
632 2943 695 3003 xm,
709 2944 757 2990 tal.
767 2942 792 2989 5.
