1917 3317
101 204 289 247 mentemst
305 204 406 247 mim
421 202 507 245 didm!
522 205 548 243 i!
562 202 692 245 mitat.
740 195 787 241 805

61 284 149 335 auirtnts
158 284 225 335 dotis.
242 284 271 335 Et
284 284 335 336 ideo
353 282 435 333 dieims
446 284 536 342 raam,
546 283 557 332 l
568 296 575 331 ι
587 298 602 329 u
613 281 722 339 mosam
733 281 787 333 doe·

62 359 127 409 atreo
141 370 205 421 noua;
221 358 275 421 quia
295 357 318 407 in
339 359 451 421 potestate
467 353 583 419 spiritibus
605 353 729 404 immundis
744 352 788 403 im·

61 434 86 493 tt,
104 432 125 478 et
135 428 235 479 odediunt
247 428 284 478 ei?
295 444 309 475 >r

61 505 71 551 d
83 503 170 566 primum
182 514 232 565 ergo
244 500 379 565 dicendum,
395 498 456 563 quod
472 500 522 550 hae
534 502 585 550 erat
598 496 697 562 oojeettu
710 496 790 547 Genti·

61 588 72 635 r;
88 574 142 624 undo
154 573 286 637 Augustinus
307 570 364 621 dieit
382 570 406 621 in
425 570 527 635 Epistola
540 570 576 620 od
594 568 760 620 Volusianum
778 584 787 617 :

62 648 109 708 ritis,
121 646 234 711 inquiunt,
251 643 431 709 competentibus
444 643 517 708 signis
531 646 601 694 tantae
613 640 742 705 majestatis
752 640 789 689 iu·

61 721 205 781 retorserunt,
220 719 273 782 quia
284 714 375 766 tarualis
388 715 425 765 itta
438 715 560 779 purgatio,
574 726 619 776 qua
641 711 730 763 seitioot
742 712 791 762 dae·

62 805 79 840 ss
96 790 213 851 effugabat,
235 788 342 839 debilium
362 799 437 848 euru,
450 785 540 835 reddita
555 784 605 833 uita
625 781 751 842 defunctis,
768 782 789 832 si

62 863 84 910 tia
96 862 265 913 considerentur.
280 859 326 908 Deo
339 869 409 921 parua
419 858 480 906 suut.
496 872 510 903 u
525 856 555 904 tes
566 856 596 905 ad
611 856 656 905 hou
666 853 791 917 respondet

61 934 154 983 ustinus:
169 930 300 981 «Fatemur
311 932 335 979 et
350 940 393 978 uos
409 927 463 977 tatia
478 927 581 990 quedam
590 925 675 976 iecisse
689 926 791 989 Pmptro·

68 1006 103 1056 sed
116 1007 139 1055 et
148 1005 197 1069 ipse
212 1003 302 1067 Moyses
315 1004 338 1052 et
353 998 429 1051 ceteri
440 1000 560 1064 Prophete
572 999 695 1049 itouninum
712 998 789 1049 issum

61 1081 169 1143 teurunt3
179 1082 203 1129 et
217 1077 238 1128 ei
249 1074 353 1140 gio-riam
363 1085 468 1137 maguam
483 1072 608 1134 dederunt,
619 1070 659 1133 qui
668 1075 789 1135 propterea

66 1157 88 1203 et
103 1152 152 1216 ipse
169 1151 242 1201 faeere
255 1148 336 1209 uoluit,
353 1160 383 1197 ne
395 1148 456 1197 esset
469 1143 605 1205 absurdum,
620 1156 671 1206 qum
682 1156 725 1205 per
737 1142 788 1193 ilios

61 1230 88 1283 ut,
100 1225 120 1275 si
133 1224 182 1289 ipse
194 1222 263 1274 etiam
275 1232 321 1269 uon
334 1219 430 1269 iaceret.
444 1218 489 1267 Sed
506 1219 582 1266 menen
592 1218 615 1264 et
633 1212 719 1277 atiquid
737 1228 791 1277 pro·

61 1311 68 1345 n
84 1297 157 1347 tauers
171 1294 264 1356 debuit,
279 1291 343 1341 nasei
362 1291 390 1341 do
404 1288 510 1353 Virgine,
528 1285 673 1349 resurgeret
687 1285 790 1346 mortuis,

61 1384 75 1417 n
87 1366 269 1419 ascenderer'floo
279 1364 325 1413 dieo
332 1361 373 1427 qui
384 1372 464 1425 purum
475 1362 552 1424 putat,
559 1358 614 1421 quid
625 1357 792 1421 ptusespeotet

61 1454 81 1490 o.
94 1440 152 1489 Num
168 1436 259 1487 homine
272 1434 388 1498 assumpto
402 1430 471 1481 aliurn
486 1430 596 1479 mundum
609 1428 683 1478 faeere
696 1427 790 1488 debuit,

61 1528 91 1563 rm
109 1526 161 1563 esso
175 1511 318 1561 crederemus
334 1520 375 1571 per
391 1518 458 1571 quem
475 1505 549 1553 iaetus
568 1504 603 1552 est
619 1499 736 1550 mundus?
749 1501 793 1552 sud

61 1587 120 1649 uajor
129 1583 227 1634 muudus
239 1594 281 1631 neo
294 1580 332 1631 isti
346 1577 442 1643 equalis
454 1575 480 1626 in
490 1577 535 1625 troo
545 1573 631 1623 nnundo
643 1571 692 1621 tisri
703 1576 793 1637 posset;

61 1665 108 1708 torn
123 1655 235 1705 minorem
249 1654 334 1702 faceret
347 1649 407 1699 inira
419 1648 507 1707 istum,
523 1643 630 1696 similiter
643 1644 688 1695 hoo
701 1656 793 1707 quoque

61 1745 65 1778 ι
89 1730 214 1792 putaretur.
229 1740 244 1771 o
257 1724 313 1783 Qua
327 1726 404 1772 tumen
419 1717 457 1768 eiii
473 1717 587 1777 decerunt,
601 1714 706 1765 Christus
718 1716 796 1765 exuet-

61 1816 69 1850 s
89 1799 153 1849 fecit.
168 1796 250 1857 Unde,
266 1806 335 1858 super
346 1792 403 1843 iilud
420 1795 507 1845 tuum,
523 1788 592 1838 xiv:
608 1785 659 1837 «Si
669 1798 795 1849 operarum

61 1886 95 1922 sm
110 1871 136 1919 in
152 1868 186 1919 eis
201 1879 252 1930 uum
263 1878 330 1916 neruo
344 1864 402 1915 alius
414 1862 479 1925 feeit,
490 1876 504 1908 u
516 1863 572 1922 oto,
586 1857 643 1909 dieii
655 1856 795 1921 Augustinus

64 1985 68 1994 .
90 1942 152 1992 XCt.
166 1941 195 1989 tn
208 1940 293 1999 Jooa.)
307 1952 316 1987 :
329 1952 342 1983 u
355 1936 422 1987 Nulla
433 1934 459 1983 iu
476 1931 584 1997 operibus
594 1928 680 1981 Chrs‘sti
691 1928 796 1979 uidentur

61 2017 141 2079 uajora
154 2011 224 2077 quam
239 2008 357 2061 suscitatio
371 2010 528 2066 mortuorum,
543 2002 604 2067 quod
622 2002 707 2052 seimus
725 2000 796 2050 edam

62 2101 90 2136 us
106 2084 192 2136 iecisse
210 2082 345 2145 Prophetas.
358 2078 426 2129 Feeit
442 2074 605 2138 tamenatiqua
619 2073 795 2133 christusque

64 2158 126 2207 atius
139 2154 207 2206 teuit.
225 2152 271 2203 Sed
285 2150 434 2215 respondetur
446 2146 521 2208 uobis,
535 2149 559 2195 et
573 2144 630 2195 alios
640 2142 724 2195 iecisse
741 2155 794 2206 qum

63 2245 106 2286 sa,
125 2240 172 2277 neo
188 2225 249 2276 alius
263 2222 333 2285 ieoit3
350 2223 388 2273 sed
408 2221 447 2285 qui
461 2224 508 2270 tam
525 2218 595 2267 multa
614 2216 671 2266 uitia
686 2218 710 2265 et
726 2214 797 2264 mutus

61 2303 127 2351 dines
143 2296 328 2358 vexationesque
346 2292 474 2343 mortalium
487 2292 551 2339 tanta
562 2291 677 2352 potestate
697 2288 796 2344 sanaret,

67 2370 174 2423 omuino
190 2368 277 2432 legitur
290 2365 443 2427 antiquorum.
456 2362 485 2412 Ut
503 2360 565 2411 euim
578 2363 666 2410 tunsum
680 2370 738 2422 qnos
755 2356 796 2419 ju-

61 2484 65 2503 ,
83 2444 151 2492 siout
167 2438 318 2491 occurrebat,
332 2436 407 2487 saluos
420 2434 521 2497 singuulos
540 2431 609 2492 teuit,
624 2431 712 2481 ,ituram
724 2428 779 2478 dieii
787 2463 797 2491 ,

61 2524 215 2579 puooumque
227 2510 279 2560 loeo
294 2508 402 2559 introibat
412 2506 437 2555 iu
449 2504 522 2564 uiuos,
537 2502 614 2553 autin
630 2500 705 2562 vittas,
719 2503 760 2549 aut
772 2498 797 2549 iu

61 2603 93 2647 rs,
108 2586 136 2635 in
153 2582 243 2648 plateis
257 2580 372 2643 ponebant
385 2578 497 2638 infirmos,
507 2577 532 2625 et
542 2573 721 2637 deprecabantur
733 2582 797 2631 eum,

62 2656 188 2707 [imbriam
205 2650 338 2705 vestimenti
348 2650 399 2713 ejm·
409 2646 665 2711 tangerent3quotquot
673 2640 798 2703 tangebant

61 2726 120 2777 salui
136 2723 389 2775 debant.,1iaeeuemo
404 2720 462 2771 atius
472 2716 527 2769 feeit
541 2717 566 2768 iu
582 2714 625 2766 eis.
637 2714 675 2765 Sio
687 2712 751 2763 suim
761 2712 798 2762 in-

61 2803 130 2850 rdurn
148 2800 193 2848 eut
206 2792 268 2860 quud
281 2794 313 2845 ait
323 2794 349 2844 iu
360 2794 403 2854 eis,
412 2805 460 2845 non
472 2791 533 2841 inter
546 2802 601 2849 eos,
616 2790 656 2835 aut
666 2796 742 2835 rorans
752 2782 797 2844 eis,

62 2873 112 2922 tius
129 2869 161 2919 iu
177 2865 230 2931 eiu,
244 2866 299 2930 quia
313 2864 404 2917 unaue
416 2877 463 2917 eos.
475 2863 524 2913 Neo
535 2864 612 2911 tamon
624 2856 682 2907 alias
698 2854 800 2917 quicun-

65 2944 103 2994 eis
118 2940 186 2993 tatia
202 2951 273 3007 opera
286 2936 356 3002 teuit,
366 2935 475 3001 quoniam
489 2932 586 2998 quisque
599 2929 659 2981 atius
675 2928 745 2978 nomo
758 2924 800 2976 ali·
