1917 3317
128 170 175 218 ιιι
310 180 371 218 rurs
387 180 429 231 ru,
442 180 536 225 ouem.
551 180 624 231 xum,
641 180 695 220 m.
708 180 741 219 ιι.

126 258 229 309 omuinm
241 256 379 318 solueretur,
393 256 558 307 inconveniens
567 261 617 307 erat
626 256 896 322 eumqmmnaretaiiomm

125 332 260 394 languores,
270 330 352 379 habere
361 329 480 393 proprium
494 343 577 393 corpus
587 330 694 380 affectum
703 328 839 392 languoribus.
851 330 895 386 sed,

125 404 169 453 etsi
184 404 269 463 absone
283 402 358 464 aliquo
373 401 450 451 morbo
460 413 545 464 corpus
556 402 640 451 alicubi
652 414 752 451 scorsum
762 399 894 464 deposuisset.

125 488 151 524 ac
165 474 247 523 deiude
262 486 286 521 se
298 472 408 531 offerret,
425 484 471 521 uon
483 473 616 521 crederetur
628 472 651 523 ei
663 473 692 521 de
701 471 851 523 resurrectione
861 473 893 519 du·

125 546 219 597 serenti.
231 545 347 605 Quomodo
361 544 422 594 cuim
432 547 519 607 pateret
533 544 622 593 christi
633 544 658 594 in
674 549 746 595 morte
757 543 852 603 onom,
862 544 893 592 ms:

124 631 198 666 coram
210 617 316 667 omuibus
329 629 378 667 eam
389 616 488 679 patiens,
502 628 544 679 per
560 616 754 681 incorruptionem
761 614 850 681 corporis
858 629 892 678 pm

124 689 201 739 damet
219 688 356 738 extinctam?
376 702 391 735 n

156 760 189 810 dd
201 760 292 810 tertium
307 760 444 823 dicendum,
459 758 520 822 qndd
534 757 591 809 iicet
602 759 708 810 diabolus
721 760 804 825 injuste
813 757 892 808 imasei·

125 832 251 891 homiuem,
265 836 342 879 umen
357 832 424 881 homo
438 834 531 893 propter
544 835 665 893 peceatum
681 830 745 893 juste
758 834 805 881 erat
820 830 854 879 snb
865 842 895 875 er·

124 904 197 952 vitute
214 902 298 952 diaboli
308 902 429 953 derelictus
442 902 456 952 ι
469 903 525 952 Deo.
540 902 571 951 tta
584 902 638 953 ideo
656 902 826 953 convenientius
839 901 869 949 tuit
879 905 896 945 ιι

125 988 166 1039 per
188 974 300 1037 justitiam
323 976 391 1025 homo
408 974 423 1024 d
440 975 550 1025 servitute
572 973 659 1024 diabofi
680 976 823 1037 liberaretur,
836 973 897 1023 urrisu

125 1047 280 1097 satisfaciente
298 1060 339 1110 pro
359 1046 411 1111 ipso
429 1060 470 1112 per
490 1059 554 1096 suam
568 1047 712 1109 passionem.
727 1048 781 1097 Fuit
796 1046 853 1098 etiam
867 1045 894 1090 ir·

125 1118 267 1169 couveniens
277 1136 291 1166 n
301 1119 329 1169 ad
340 1118 475 1169 vincendam
487 1118 617 1183 superbiam
629 1119 724 1181 diaboii,
737 1120 777 1183 qui
786 1123 819 1169 est
827 1119 895 1167 desem

123 1190 218 1253 justitie
238 1195 262 1241 ct
280 1194 366 1240 ametor
381 1190 506 1254 potentiae,
518 1193 545 1238 ut
563 1188 673 1239 Christus
687 1189 802 1241 ιιιιιιιιιιιιι
817 1190 895 1238 mutem.

125 1266 149 1311 et
162 1260 279 1310 hominem
293 1261 411 1321 liberaret,
423 1274 470 1311 uon
483 1274 524 1324 per
538 1261 610 1310 solam
625 1263 757 1324 prensum
771 1261 864 1312 deitatis,
873 1270 890 1304 :e

125 1331 193 1382 etiam
206 1345 248 1395 per
258 1332 370 1395 justitiam
380 1336 404 1381 et
414 1331 569 1381 humilitatem
582 1331 714 1396 passionis,
726 1349 741 1379 ι
751 1335 779 1382 ut
791 1329 894 1394 angustu-

124 1403 193 1466 dicit‚
207 1404 267 1455 ιιιιι.
282 1404 318 1453 De
335 1404 426 1453 Triarii.
447 1403 518 1467 (cap.
533 1406 563 1451 ιι
580 1405 606 1453 ct
620 1402 759 1468 deinceps).

404 1580 564 1633 numeneus
581 1580 621 1632 tn.

273 1706 357 1751 nrrtm
369 1705 477 1751 Christos
486 1704 537 1760 poti
547 1704 656 1750 ιιιιιιιιιι
668 1706 696 1751 irs
705 1719 784 1753 craece.

156 1834 190 1884 dd
205 1838 309 1897 quartum
324 1831 357 1883 sic
374 1832 505 1897 proceditur
515 1830 558 1896 (1).
575 1831 670 1882 Videtur
681 1832 747 1897 qnod
759 1832 856 1883 curete
870 1841 901 1876 nit

124 1905 227 1957 debuerit
239 1905 286 1969 pati
300 1905 324 1955 iu
336 1918 413 1954 cruce.
429 1903 518 1953 Veritas
531 1902 594 1953 euim
609 1904 680 1955 debet
694 1906 830 1969 respondere
839 1903 902 1964 igum-

125 1979 167 2027 Sed
192 1978 216 2027 iu
235 1977 305 2039 figura
326 1975 411 2026 Christi
433 1977 599 2039 precesserunt
619 1976 699 2025 omnia
721 1976 829 2027 sacrifims
843 1979 904 2020 reor·

125 2050 273 2109 Testamenti,
285 2048 308 2097 iu
324 2049 406 2112 munus
416 2046 522 2097 animalia
538 2047 613 2109 gladio
624 2048 777 2112 necabantur,
791 2052 905 2108 etpostur·

126 2122 180 2171 dum
204 2120 253 2185 igni
270 2120 437 2170 cremabantur.
452 2121 511 2182 Ergo
529 2118 619 2169 ridetur
632 2118 694 2181 quod
709 2120 811 2170 christos
824 2130 866 2168 nou
879 2117 905 2162 dr·

126 2193 200 2243 buerit
211 2193 259 2256 pati
276 2192 299 2241 iu
316 2204 392 2254 cruce,
404 2192 445 2242 sed
457 2191 530 2254 magis
540 2190 618 2254 gladio
629 2191 669 2240 ret
680 2190 747 2254 igue.

157 2268 182 2312 ι.
197 2264 322 2327 Praeterea,
332 2264 485 2313 namasoems
502 2260 631 2324 dicitquod
647 2262 756 2312 Christus
766 2274 813 2312 non
823 2257 904 2310 denum

126 2347 242 2386 assumere
258 2352 272 2383 ιι
286 2334 440 2385 detractibiles
454 2331 581 2397 passiones.
596 2333 667 2383 used
681 2346 745 2384 mors
755 2332 828 2383 muns
836 2331 906 2379 uidetur

126 2407 199 2458 fnisse
214 2406 312 2457 maxime
325 2406 473 2457 detractibilis
482 2404 680 2469 etiguominiose3
690 2404 840 2456 nudedicitur
851 2403 905 2464 Sap

125 2480 146 2533 11
163 2496 169 2531 :
186 2481 284 2530 «Morte
306 2477 438 2543 turpissimi
455 2478 632 2529 condemnemus
647 2491 713 2529 eum.
728 2494 743 2525 s
765 2478 823 2540 Ergo
838 2476 905 2524 videtu

125 2552 186 2616 quud
204 2551 307 2602 Christus
325 2563 370 2602 nou
387 2550 491 2601 debuerit
502 2550 551 2614 pati
565 2552 662 2600 mortem
672 2550 758 2600 crucis.

158 2628 180 2673 ι.
196 2625 321 2685 Preietos,
337 2622 365 2672 de
378 2622 467 2673 Chdsto
482 2622 582 2673 dicitnr:
596 2638 611 2669 ι
622 2621 761 2672 Benedictus
771 2620 811 2685 qni
822 2618 877 2669 reuit
891 2616 905 2662 iu

159 2780 190 2843 (ι)
205 2788 237 2830 lic
247 2784 361 2829 bisetium
375 2784 449 2845 inm,
459 2784 600 2835 Somnio.
610 2784 650 2845 ιθ,
663 2790 708 2831 art
718 2783 743 2845 ι,
753 2784 880 2841 sumnum.
891 2779 907 2823 ι,

126 2843 155 2887 ad
171 2843 199 2896 ις
214 2852 237 2889 ot
260 2846 351 2891 eostre
368 2847 450 2897 deut,
460 2847 503 2892 tin.
516 2850 566 2907 lv,
581 2858 635 2906 cap.
653 2847 695 2908 55,
709 2849 739 2894 ad
759 2848 788 2894 17
802 2853 825 2892 et
837 2845 874 2899 tar
892 2847 907 2884 ti

126 2904 251 2957 murtro,
262 2910 296 2968 11,
311 2920 353 2967 qu.
364 2908 386 2970 ι,
403 2908 488 2967 auum
505 2911 631 2972 cropore.
642 2912 691 2975 ιιι,
702 2909 819 2972 ospaci.
