1917 3317
584 164 672 216 :392
967 172 1085 210 uns
1115 172 1197 223 m,
1229 170 1420 216 onmes.
1455 170 1524 221 w,
1557 171 1671 211 Διτ.
1708 174 1781 210 ιιι.
1860 215 1871 226 ,

584 268 612 299 κ
631 249 776 303 Filius
806 246 886 300 Dei
912 248 1141 300 hominem
1168 249 1439 314 assumpsit,
1462 253 1511 299 ot
1533 247 1582 299 in
1609 248 1687 300 itio
1709 250 1901 300 humana

584 327 669 373 usi..
698 338 726 370 n

643 399 689 444 2.
713 397 974 455 Praeterea,
1006 395 1095 445 hoc
1130 407 1327 457 nomen,
1368 394 1504 443 homo
1525 429 1537 449 .
1579 393 1808 454 significat
1846 394 1917 442 nat

584 479 775 517 manam.
814 467 901 517 Sed
946 464 1084 516 Filius
1119 466 1202 515 Dei
1239 464 1491 528 assumpsit
1526 466 1777 515 humanam
1809 468 1917 513 natu

584 538 830 600 assumpsit
857 537 1111 589 hominem.

646 613 694 659 3.
715 610 971 671 Praeterea,
996 608 1140 658 Filius
1163 607 1244 658 Dei
1274 612 1344 658 est
1370 610 1524 659 homo.
1554 607 1644 658 Sed
1672 619 1765 657 non
1793 611 1865 657 est
1882 606 1917 656 h«

584 693 671 731 non
699 680 974 743 assumpsit3
993 680 1099 743 quia
1119 679 1186 730 sic
1210 684 1332 729 esset
1359 680 1458 743 pari
1485 678 1659 731 ratione
1681 679 1872 741 Petrus,
1895 693 1917 726 v

584 751 699 802 aliu's
738 753 894 802 homo.
926 752 1048 813 Ergo
1077 753 1147 799 est
1169 752 1304 801 homo
1333 764 1469 813 quem
1496 752 1769 814 assumpsit.

646 823 734 873 Sed
771 827 928 873 contra
967 825 1040 872 est
1083 821 1330 872 auctoritas
1366 821 1533 872 Felicis
1565 823 1701 885 Papae
1735 826 1786 871 et
1816 822 1917 871 Man

584 895 881 946 introducitur
904 894 952 943 in
971 893 1206 957 Ephesina
1235 894 1441 956 synodo:
1471 893 1750 943 «Credimus
1768 892 1817 942 in
1831 894 1917 943 dou

588 973 699 1017 trum
734 967 891 1016 iesum
919 964 1144 1015 Christum
1174 966 1228 1014 de
1252 964 1436 1027 virgine
1475 965 1617 1014 Maria
1645 968 1832 1028 natum3
1866 979 1917 1028 qt

588 1037 668 1087 Dei
706 1036 1009 1099 sempiternus
1049 1036 1190 1088 Filius
1221 1040 1269 1085 et
1301 1036 1527 1100 Verbum3
1565 1039 1610 1085 et
1638 1048 1732 1085 non
1760 1036 1904 1086 homo

588 1112 793 1171 sumptus
813 1147 825 1169 ,
850 1112 903 1158 ut
938 1110 1054 1161 aiter
1080 1109 1142 1159 sit
1168 1111 1333 1172 praeter
1359 1108 1513 1170 illum;
1535 1121 1684 1171 neque
1712 1108 1838 1158 enim
1861 1110 1917 1159 ho

588 1180 776 1242 sumpsit
801 1180 880 1229 Dei
908 1179 1052 1231 Filius
1077 1184 1128 1229 ut
1155 1180 1266 1229 alter
1293 1180 1354 1229 sit
1376 1183 1544 1242 praeter
1570 1180 1743 1242 ipsum.
1769 1195 1801 1227 n

652 1252 970 1315 (CONCLUStO.
987 1278 1050 1289 -
1071 1252 1292 1311 Quoniam
1318 1251 1455 1301 homo
1474 1255 1680 1301 naturam
1705 1252 1915 1301 humana

592 1323 825 1387 supposito
850 1324 1098 1386 significat,
1126 1323 1334 1375 Christus
1362 1322 1614 1374 laomim-m
1645 1324 1917 1389 assumpsia

592 1407 794 1444 sermone
832 1408 924 1444 non
953 1394 1136 1445 dicitur.
1165 1398 1181 1455 )

652 1466 924 1530 Respondeo
955 1467 1223 1527 dicendum,
1252 1466 1373 1529 quod
1419 1466 1536 1517 sicut
1572 1466 1712 1530 supra
1746 1466 1917 1517 dictum

591 1539 708 1600 quod
735 1539 1002 1600 assumitur,
1033 1552 1123 1591 non
1152 1544 1223 1592 est
1250 1538 1472 1589 terminus
1497 1538 1851 1603 assumptionis,
1880 1552 1917 1589 si

596 1610 705 1659 tioni
746 1610 1128 1674 praeintelligitur.
1164 1611 1339 1662 Dictum
1374 1614 1447 1661 est
1479 1615 1632 1660 autem
1665 1610 1786 1673 quod
1825 1609 1917 1661 ind

592 1693 678 1742 quo
723 1681 966 1733 assumitur
1010 1683 1206 1732 humana
1244 1685 1432 1742 natura,
1462 1694 1555 1732 non
1590 1685 1663 1731 est
1703 1680 1828 1732 aliud
1873 1696 1917 1745 qi

592 1764 783 1815 persona
804 1789 817 1814 ,
847 1765 949 1813 quae
978 1756 1050 1802 est
1081 1752 1300 1802 terminus
1336 1752 1676 1817 assumptionis
1703 1753 1801 1802 Hoc
1829 1758 1917 1803 aut

596 1824 744 1884 homo,
772 1823 995 1886 significat
1020 1825 1265 1875 humanam
1294 1828 1502 1876 naturam
1520 1862 1533 1887 ‚
1555 1828 1690 1892 prout
1718 1828 1826 1876 nata
1859 1839 1915 1878 es

592 1894 676 1947 sito
704 1907 806 1945 esse
830 1910 843 1957 ;
875 1894 999 1959 quia,
1024 1898 1073 1946 ut
1096 1896 1208 1946 dicit
1236 1896 1550 1947 Damascenus
1569 1895 1681 1960 (lib.
1701 1896 1741 1945 11
1762 1933 1776 1956 ,
1806 1910 1914 1960 cap.

592 1965 705 2015 sieut
741 1967 828 2016 hoc
867 1980 1062 2029 nomen,
1095 1969 1254 2023 Deus,
1281 1966 1505 2030 significat
1550 1980 1653 2017 eum
1691 1968 1771 2029 qui
1813 1969 1917 2019 hab«

596 2040 828 2101 naturam3
850 2036 912 2087 ita
935 2038 1022 2087 hoc
1051 2051 1246 2101 nomen,
1271 2037 1444 2097 hom0,
1474 2038 1700 2101 significat
1721 2051 1830 2088 eum
1858 2054 1917 2104 qu

596 2110 735 2157 turam
765 2110 1028 2158 humanam.
1055 2109 1111 2159 Et
1138 2111 1239 2159 ideo
1268 2124 1362 2160 non
1396 2114 1464 2160 est
1489 2109 1671 2173 propris
1699 2110 1873 2160 dictum
1905 2128 1917 2163 ι

596 2180 672 2229 Dei
713 2181 960 2245 assumpsit
1001 2181 1265 2243 hominem,
1309 2183 1606 2245 supponendo
1641 2181 1781 2244 (sicut
1830 2184 1905 2233 rei

596 2252 766 2315 habet)
790 2253 910 2316 quod
941 2252 991 2301 in
1019 2252 1198 2303 Christo
1231 2254 1290 2302 sit
1322 2257 1498 2304 tantum
1521 2266 1658 2302 unum
1684 2254 1917 2318 suppositi]

596 2324 867 2387 hypostasis.
908 2323 997 2371 Sed
1012 2359 1029 2385 ‚
1059 2325 1309 2375 secundum
1345 2326 1449 2377 illos
1473 2326 1555 2388 qui
1589 2329 1768 2387 ponunt
1791 2325 1840 2377 in
1870 2327 1917 2378 Ci

596 2395 893 2460 hypostases,
927 2393 1002 2443 vel
1039 2395 1130 2446 duo
1165 2397 1426 2458 supposita,
1450 2396 1772 2449 convenienter
1811 2402 1862 2449 et
1895 2413 1917 2462 p

596 2471 748 2530 posset
772 2466 894 2531 quod
923 2464 1063 2516 Filius
1094 2467 1177 2517 Dei
1197 2468 1428 2519 hominem
1456 2468 1917 2533 assumpsisset.nuc

592 2538 749 2602 opinio
771 2551 873 2602 quae
897 2536 1087 2602 ponitur
1108 2537 1159 2589 in
1183 2538 1261 2589 vl.
1287 2539 1392 2589 dist.
1411 2540 1494 2594 111.
1515 2539 1593 2589 lib.
1615 2540 1863 2601 sentent..
1885 2556 1917 2592 α

596 2609 758 2659 minem
788 2623 890 2660 esse
912 2611 1226 2673 assumptum;
1252 2610 1333 2660 sed
1355 2610 1430 2661 illa
1461 2609 1612 2675 opinio
1639 2623 1828 2662 erronea
1851 2617 1917 2665 esi

596 2679 792 2734 habitum
822 2685 895 2731 est
921 2695 1003 2745 qu.
1033 2684 1080 2742 2.
1111 2684 1196 2730 art.
1230 2682 1278 2730 6.

655 2752 721 2804 Ad
750 2752 948 2816 primum
974 2763 1082 2813 ergo
1101 2750 1362 2813 dicendum,
1391 2750 1510 2814 quod
1537 2752 1801 2820 hujusmodi
1827 2756 1917 2809 loci

596 2826 699 2888 sunt
726 2821 1023 2879 extendendas
1050 2824 1266 2887 tanquam
1298 2824 1522 2890 proprior,
1557 2826 1636 2876 sed
1652 2824 1743 2892 ,pie
1771 2832 1885 2877 suut

596 2893 863 2960 ubicumque
882 2894 911 2945 a
929 2892 1070 2945 sacris
1090 2892 1347 2944 doctoribus
1364 2899 1622 2961 ponuntur;
1643 2901 1694 2948 ut
1717 2896 1917 2952 dicamus
