<?xml version="1.0" encoding="UTF-8"?>
<!DOCTYPE html PUBLIC "-//W3C//DTD XHTML 1.0 Transitional//EN"
    "http://www.w3.org/TR/xhtml1/DTD/xhtml1-transitional.dtd">
<html xmlns="http://www.w3.org/1999/xhtml" xml:lang="en" lang="en">
 <head>
  <title>
</title>
<meta http-equiv="Content-Type" content="text/html;charset=utf-8" />
  <meta name='ocr-system' content='tesseract 3.04.00' />
  <meta name='ocr-capabilities' content='ocr_page ocr_carea ocr_par ocr_line ocrx_word'/>
</head>
<body>
  <div class='ocr_page' id='page_1' title='image "./summatheologica02nicogoog_0075.png"; bbox 0 0 1917 3317; ppageno 0'>
   <div class='ocr_carea' id='block_1_1' title="bbox 131 135 823 202">
    <p class='ocr_par' dir='ltr' id='par_1_1' title="bbox 131 135 823 202">
     <span class='ocr_line' id='line_1_1' title="bbox 131 135 823 202; baseline 0 -18"><span class='ocrx_word' id='word_1_1' title='bbox 131 135 160 184; x_wconf 85' lang='lat' dir='ltr'><strong>ts</strong></span> <span class='ocrx_word' id='word_1_2' title='bbox 224 143 333 185; x_wconf 79' lang='lat' dir='ltr'><strong>mconna</strong></span> <span class='ocrx_word' id='word_1_3' title='bbox 348 141 475 194; x_wconf 81' lang='lat' dir='ltr'><strong>mcomn,</strong></span> <span class='ocrx_word' id='word_1_4' title='bbox 491 143 586 202; x_wconf 67' lang='lat' dir='ltr'><strong>conen</strong></span> <span class='ocrx_word' id='word_1_5' title='bbox 601 142 715 196; x_wconf 83' lang='lat' dir='ltr'><strong>mmm,</strong></span> <span class='ocrx_word' id='word_1_6' title='bbox 732 143 786 185; x_wconf 82' lang='lat' dir='ltr'><strong>aur.</strong></span> <span class='ocrx_word' id='word_1_7' title='bbox 801 144 823 184; x_wconf 87' lang='lat' dir='ltr'><strong>r.</strong></span> 
     </span>
    </p>
   </div>
   <div class='ocr_carea' id='block_1_2' title="bbox 128 212 941 2512">
    <p class='ocr_par' dir='ltr' id='par_1_2' title="bbox 128 212 941 1291">
     <span class='ocr_line' id='line_1_2' title="bbox 130 212 941 289; baseline 0.002 -17"><span class='ocrx_word' id='word_1_8' title='bbox 130 223 202 283; x_wconf 88' lang='lat' dir='ltr'><strong>cium,</strong></span> <span class='ocrx_word' id='word_1_9' title='bbox 214 223 242 272; x_wconf 82' lang='lat' dir='ltr'><strong>ad</strong></span> <span class='ocrx_word' id='word_1_10' title='bbox 261 221 322 284; x_wconf 85' lang='lat' dir='ltr'><strong>quod</strong></span> <span class='ocrx_word' id='word_1_11' title='bbox 338 221 438 286; x_wconf 83' lang='lat' dir='ltr'><strong>pertinet</strong></span> <span class='ocrx_word' id='word_1_12' title='bbox 454 224 481 271; x_wconf 91' lang='lat' dir='ltr'><strong>ut</strong></span> <span class='ocrx_word' id='word_1_13' title='bbox 499 222 599 272; x_wconf 84' lang='lat' dir='ltr'><strong>enimam</strong></span> <span class='ocrx_word' id='word_1_14' title='bbox 617 237 681 273; x_wconf 87' lang='lat' dir='ltr'><strong>suam</strong></span> <span class='ocrx_word' id='word_1_15' title='bbox 700 226 769 287; x_wconf 79' lang='lat' dir='ltr'><strong>ponet</strong></span> <span class='ocrx_word' id='word_1_16' title='bbox 788 227 858 289; x_wconf 87' lang='lat' dir='ltr'><strong>pastor</strong></span> <span class='ocrx_word' id='word_1_17' title='bbox 871 235 902 288; x_wconf 88' lang='lat' dir='ltr'><strong>pro</strong></span> <span class='ocrx_word' id='word_1_18' title='bbox 939 212 941 225; x_wconf 86' lang='lat'>&#39;</span> 
     </span>
     <span class='ocr_line' id='line_1_3' title="bbox 129 293 903 359; baseline 0.001 -16"><span class='ocrx_word' id='word_1_19' title='bbox 129 293 209 344; x_wconf 81' lang='lat' dir='ltr'><strong>oritus</strong></span> <span class='ocrx_word' id='word_1_20' title='bbox 223 293 284 356; x_wconf 87' lang='lat' dir='ltr'><strong>suis;</strong></span> <span class='ocrx_word' id='word_1_21' title='bbox 300 293 360 343; x_wconf 92' lang='lat' dir='ltr'><strong>sicut</strong></span> <span class='ocrx_word' id='word_1_22' title='bbox 372 293 453 344; x_wconf 90' lang='lat' dir='ltr'><strong>dicitur</strong></span> <span class='ocrx_word' id='word_1_23' title='bbox 466 296 550 353; x_wconf 74' lang='lat' dir='ltr'><strong>loon,</strong></span> <span class='ocrx_word' id='word_1_24' title='bbox 563 295 593 344; x_wconf 85' lang='lat' dir='ltr'><strong>ll.</strong></span> <span class='ocrx_word' id='word_1_25' title='bbox 609 295 672 346; x_wconf 88' lang='lat' dir='ltr'><strong>Unde</strong></span> <span class='ocrx_word' id='word_1_26' title='bbox 686 296 805 359; x_wconf 72' lang='lat' dir='ltr'><strong>Apostolus</strong></span> <span class='ocrx_word' id='word_1_27' title='bbox 824 295 874 346; x_wconf 89' lang='lat' dir='ltr'><strong>dicit</strong></span> <span class='ocrx_word' id='word_1_28' title='bbox 886 296 903 345; x_wconf 83' lang='lat' dir='ltr'><strong>l.</strong></span> 
     </span>
     <span class='ocr_line' id='line_1_4' title="bbox 128 363 905 428; baseline 0.003 -14"><span class='ocrx_word' id='word_1_29' title='bbox 128 365 163 414; x_wconf 83' lang='lat' dir='ltr'><strong>cd</strong></span> <span class='ocrx_word' id='word_1_30' title='bbox 178 363 295 428; x_wconf 61' lang='lat' dir='ltr'><strong>Twsotlr„</strong></span> <span class='ocrx_word' id='word_1_31' title='bbox 308 365 349 414; x_wconf 84' lang='lat' dir='ltr'><strong>ult.</strong></span> <span class='ocrx_word' id='word_1_32' title='bbox 369 380 375 414; x_wconf 91' lang='lat'>:</span> <span class='ocrx_word' id='word_1_33' title='bbox 394 365 545 416; x_wconf 79' lang='lat' dir='ltr'><strong>otlonlessue</strong></span> <span class='ocrx_word' id='word_1_34' title='bbox 563 365 647 416; x_wconf 83' lang='lat' dir='ltr'><strong>ionem</strong></span> <span class='ocrx_word' id='word_1_35' title='bbox 659 366 821 418; x_wconf 81' lang='lat' dir='ltr'><strong>contessionem</strong></span> <span class='ocrx_word' id='word_1_36' title='bbox 839 380 905 416; x_wconf 91' lang='lat' dir='ltr'><strong>coram</strong></span> 
     </span>
     <span class='ocr_line' id='line_1_5' title="bbox 129 436 907 502; baseline 0.003 -16"><span class='ocrx_word' id='word_1_37' title='bbox 129 436 206 486; x_wconf 92' lang='lat' dir='ltr'><strong>multis</strong></span> <span class='ocrx_word' id='word_1_38' title='bbox 215 436 323 498; x_wconf 86' lang='lat' dir='ltr'><strong>testibus,</strong></span> <span class='ocrx_word' id='word_1_39' title='bbox 335 452 348 482; x_wconf 82' lang='lat' dir='ltr'><strong>n</strong></span> <span class='ocrx_word' id='word_1_40' title='bbox 362 437 441 501; x_wconf 91' lang='lat' dir='ltr'><strong>idest,</strong></span> <span class='ocrx_word' id='word_1_41' title='bbox 454 455 469 485; x_wconf 82' lang='lat' dir='ltr'><strong>o</strong></span> <span class='ocrx_word' id='word_1_42' title='bbox 479 437 504 486; x_wconf 90' lang='lat' dir='ltr'><strong>in</strong></span> <span class='ocrx_word' id='word_1_43' title='bbox 513 451 554 487; x_wconf 84' lang='lat' dir='ltr'><strong>soa</strong></span> <span class='ocrx_word' id='word_1_44' title='bbox 563 437 718 502; x_wconf 88' lang='lat' dir='ltr'><strong>ordinatione,</strong></span> <span class='ocrx_word' id='word_1_45' title='bbox 729 454 743 485; x_wconf 85' lang='grc'><strong>»</strong></span> <span class='ocrx_word' id='word_1_46' title='bbox 754 439 857 489; x_wconf 81' lang='lat' dir='ltr'><strong>uttilossa</strong></span> <span class='ocrx_word' id='word_1_47' title='bbox 868 439 907 490; x_wconf 86' lang='lat' dir='ltr'><strong>iii·</strong></span> 
     </span>
     <span class='ocr_line' id='line_1_6' title="bbox 128 507 908 573; baseline 0.003 -15"><span class='ocrx_word' id='word_1_48' title='bbox 128 509 180 558; x_wconf 92' lang='lat' dir='ltr'><strong>dem</strong></span> <span class='ocrx_word' id='word_1_49' title='bbox 190 507 252 557; x_wconf 90' lang='lat' dir='ltr'><strong>dicit.</strong></span> <span class='ocrx_word' id='word_1_50' title='bbox 261 509 384 564; x_wconf 74' lang='lat' dir='ltr'>Adhibetur</span> <span class='ocrx_word' id='word_1_51' title='bbox 396 510 465 558; x_wconf 89' lang='lat' dir='ltr'><strong>etiam</strong></span> <span class='ocrx_word' id='word_1_52' title='bbox 476 510 581 573; x_wconf 72' lang='lat' dir='ltr'><strong>quedam</strong></span> <span class='ocrx_word' id='word_1_53' title='bbox 595 510 735 573; x_wconf 76' lang='lat' dir='ltr'><strong>solemnitas,</strong></span> <span class='ocrx_word' id='word_1_54' title='bbox 747 511 908 561; x_wconf 84' lang='lat' dir='ltr'><strong>consecrationis</strong></span> 
     </span>
     <span class='ocr_line' id='line_1_7' title="bbox 128 579 909 645; baseline 0 -15"><span class='ocrx_word' id='word_1_55' title='bbox 128 579 196 630; x_wconf 77' lang='lat' dir='ltr'><strong>mmul</strong></span> <span class='ocrx_word' id='word_1_56' title='bbox 210 593 261 629; x_wconf 91' lang='lat' dir='ltr'><strong>cum</strong></span> <span class='ocrx_word' id='word_1_57' title='bbox 282 581 421 645; x_wconf 76' lang='lat' dir='ltr'><strong>professione</strong></span> <span class='ocrx_word' id='word_1_58' title='bbox 436 583 556 645; x_wconf 80' lang='lat' dir='ltr'><strong>predicta,</strong></span> <span class='ocrx_word' id='word_1_59' title='bbox 568 582 692 632; x_wconf 79' lang='lat' dir='ltr'><strong>semndnm</strong></span> <span class='ocrx_word' id='word_1_60' title='bbox 709 582 764 632; x_wconf 91' lang='lat' dir='ltr'><strong>illud</strong></span> <span class='ocrx_word' id='word_1_61' title='bbox 779 583 807 632; x_wconf 85' lang='lat' dir='ltr'><strong>ll.</strong></span> <span class='ocrx_word' id='word_1_62' title='bbox 825 583 858 632; x_wconf 90' lang='lat' dir='ltr'><strong>od</strong></span> <span class='ocrx_word' id='word_1_63' title='bbox 875 583 909 633; x_wconf 81' lang='lat' dir='ltr'><strong>Ti-</strong></span> 
     </span>
     <span class='ocr_line' id='line_1_8' title="bbox 131 651 910 718; baseline 0.005 -18"><span class='ocrx_word' id='word_1_64' title='bbox 131 651 219 710; x_wconf 69' lang='lat' dir='ltr'><strong>motd„</strong></span> <span class='ocrx_word' id='word_1_65' title='bbox 232 653 244 700; x_wconf 88' lang='grc' dir='ltr'><strong>Ι</strong></span> <span class='ocrx_word' id='word_1_66' title='bbox 257 666 265 701; x_wconf 75' lang='lat' dir='ltr'><strong>e</strong></span> <span class='ocrx_word' id='word_1_67' title='bbox 277 668 291 699; x_wconf 83' lang='lat' dir='ltr'><strong>o</strong></span> <span class='ocrx_word' id='word_1_68' title='bbox 302 651 432 704; x_wconf 83' lang='lat' dir='ltr'><strong>Resuscites</strong></span> <span class='ocrx_word' id='word_1_69' title='bbox 444 653 539 716; x_wconf 79' lang='lat' dir='ltr'>gratiam</span> <span class='ocrx_word' id='word_1_70' title='bbox 550 653 590 702; x_wconf 84' lang='lat' dir='ltr'><strong>Dei</strong></span> <span class='ocrx_word' id='word_1_71' title='bbox 604 665 655 717; x_wconf 75' lang='lat' dir='ltr'><strong>ques</strong></span> <span class='ocrx_word' id='word_1_72' title='bbox 664 656 700 703; x_wconf 89' lang='lat' dir='ltr'><strong>est</strong></span> <span class='ocrx_word' id='word_1_73' title='bbox 710 652 766 703; x_wconf 89' lang='lat' dir='ltr'><strong>inte</strong></span> <span class='ocrx_word' id='word_1_74' title='bbox 777 665 816 718; x_wconf 91' lang='lat' dir='ltr'><strong>per</strong></span> <span class='ocrx_word' id='word_1_75' title='bbox 826 654 910 718; x_wconf 89' lang='lat' dir='ltr'><strong>imposi-</strong></span> 
     </span>
     <span class='ocr_line' id='line_1_9' title="bbox 129 722 911 789; baseline 0.005 -17"><span class='ocrx_word' id='word_1_76' title='bbox 129 722 214 772; x_wconf 80' lang='lat' dir='ltr'><strong>tionem</strong></span> <span class='ocrx_word' id='word_1_77' title='bbox 230 737 336 773; x_wconf 90' lang='lat' dir='ltr'><strong>mannum</strong></span> <span class='ocrx_word' id='word_1_78' title='bbox 355 736 469 787; x_wconf 80' lang='lat' dir='ltr'><strong>mearum3</strong></span> <span class='ocrx_word' id='word_1_79' title='bbox 490 725 578 788; x_wconf 72' lang='lat' dir='ltr'><strong>»quod</strong></span> <span class='ocrx_word' id='word_1_80' title='bbox 595 725 676 776; x_wconf 84' lang='lat' dir='ltr'><strong>Glossa</strong></span> <span class='ocrx_word' id='word_1_81' title='bbox 698 725 790 788; x_wconf 79' lang='lat' dir='ltr'><strong>exponit</strong></span> <span class='ocrx_word' id='word_1_82' title='bbox 808 725 911 789; x_wconf 74' lang='lat' dir='ltr'><strong>depretia</strong></span> 
     </span>
     <span class='ocr_line' id='line_1_10' title="bbox 130 793 911 862; baseline 0.003 -18"><span class='ocrx_word' id='word_1_83' title='bbox 130 793 260 859; x_wconf 80' lang='lat' dir='ltr'><strong>episcopali.</strong></span> <span class='ocrx_word' id='word_1_84' title='bbox 276 796 432 862; x_wconf 77' lang='lat' dir='ltr'><strong>litltionpsius</strong></span> <span class='ocrx_word' id='word_1_85' title='bbox 441 796 499 846; x_wconf 84' lang='lat' dir='ltr'><strong>dicit</strong></span> <span class='ocrx_word' id='word_1_86' title='bbox 508 797 535 845; x_wconf 84' lang='lat' dir='ltr'><strong>V.</strong></span> <span class='ocrx_word' id='word_1_87' title='bbox 549 809 601 860; x_wconf 89' lang='lat' dir='ltr'><strong>cap.</strong></span> <span class='ocrx_word' id='word_1_88' title='bbox 614 795 705 846; x_wconf 76' lang='lat' dir='ltr'><strong>Enetos.</strong></span> <span class='ocrx_word' id='word_1_89' title='bbox 718 795 848 852; x_wconf 74' lang='lat' dir='ltr'><strong>iteraret,</strong></span> <span class='ocrx_word' id='word_1_90' title='bbox 857 798 911 860; x_wconf 86' lang='lat' dir='ltr'><strong>quid</strong></span> 
     </span>
     <span class='ocr_line' id='line_1_11' title="bbox 134 863 914 932; baseline 0.005 -18"><span class='ocrx_word' id='word_1_91' title='bbox 134 863 258 917; x_wconf 79' lang='lat' dir='ltr'><strong>‹r&#39;summus</strong></span> <span class='ocrx_word' id='word_1_92' title='bbox 273 869 387 929; x_wconf 79' lang='lat' dir='ltr'><strong>sacerdos,</strong></span> <span class='ocrx_word' id='word_1_93' title='bbox 399 884 413 914; x_wconf 90' lang='lat'>»</span> <span class='ocrx_word' id='word_1_94' title='bbox 422 869 444 918; x_wconf 92' lang='lat' dir='ltr'><strong>id</strong></span> <span class='ocrx_word' id='word_1_95' title='bbox 459 871 508 930; x_wconf 90' lang='lat' dir='ltr'><strong>est,</strong></span> <span class='ocrx_word' id='word_1_96' title='bbox 522 868 653 932; x_wconf 90' lang='lat' dir='ltr'><strong>episcopus,</strong></span> <span class='ocrx_word' id='word_1_97' title='bbox 668 866 719 916; x_wconf 86' lang='lat' dir='ltr'><strong>«iu</strong></span> <span class='ocrx_word' id='word_1_98' title='bbox 732 881 772 918; x_wconf 88' lang='lat' dir='ltr'><strong>soa</strong></span> <span class='ocrx_word' id='word_1_99' title='bbox 782 867 914 920; x_wconf 90' lang='lat' dir='ltr'><strong>ordinatione</strong></span> 
     </span>
     <span class='ocr_line' id='line_1_12' title="bbox 130 938 913 1004; baseline 0.005 -18"><span class='ocrx_word' id='word_1_100' title='bbox 130 938 198 987; x_wconf 87' lang='lat' dir='ltr'><strong>habet</strong></span> <span class='ocrx_word' id='word_1_101' title='bbox 214 939 353 1002; x_wconf 83' lang='lat' dir='ltr'><strong>eloquiorum</strong></span> <span class='ocrx_word' id='word_1_102' title='bbox 365 953 434 1004; x_wconf 88' lang='lat' dir='ltr'><strong>super</strong></span> <span class='ocrx_word' id='word_1_103' title='bbox 445 943 515 1004; x_wconf 90' lang='lat' dir='ltr'><strong>caput</strong></span> <span class='ocrx_word' id='word_1_104' title='bbox 527 939 693 990; x_wconf 76' lang='lat' dir='ltr'><strong>sanctissimam</strong></span> <span class='ocrx_word' id='word_1_105' title='bbox 707 939 913 1004; x_wconf 78' lang='lat' dir='ltr'><strong>superpositionem,</strong></span> 
     </span>
     <span class='ocr_line' id='line_1_13' title="bbox 130 1009 916 1077; baseline 0.004 -18"><span class='ocrx_word' id='word_1_106' title='bbox 130 1014 155 1059; x_wconf 92' lang='lat' dir='ltr'><strong>ut</strong></span> <span class='ocrx_word' id='word_1_107' title='bbox 167 1009 304 1072; x_wconf 82' lang='lat' dir='ltr'><strong>significetur</strong></span> <span class='ocrx_word' id='word_1_108' title='bbox 314 1011 373 1076; x_wconf 83' lang='lat' dir='ltr'><strong>qudd</strong></span> <span class='ocrx_word' id='word_1_109' title='bbox 390 1013 439 1076; x_wconf 91' lang='lat' dir='ltr'><strong>ipse</strong></span> <span class='ocrx_word' id='word_1_110' title='bbox 455 1016 492 1063; x_wconf 91' lang='lat' dir='ltr'><strong>est</strong></span> <span class='ocrx_word' id='word_1_111' title='bbox 503 1011 674 1077; x_wconf 89' lang='lat' dir='ltr'><strong>participatirus</strong></span> <span class='ocrx_word' id='word_1_112' title='bbox 686 1011 780 1074; x_wconf 77' lang='lat' dir='ltr'><strong>integre</strong></span> <span class='ocrx_word' id='word_1_113' title='bbox 793 1010 861 1061; x_wconf 88' lang='lat' dir='ltr'><strong>totius</strong></span> <span class='ocrx_word' id='word_1_114' title='bbox 872 1013 916 1062; x_wconf 81' lang='lat' dir='ltr'><strong>trie-</strong></span> 
     </span>
     <span class='ocr_line' id='line_1_14' title="bbox 129 1082 916 1148; baseline 0.001 -15"><span class='ocrx_word' id='word_1_115' title='bbox 129 1084 235 1134; x_wconf 72' lang='lat' dir='ltr'><strong>rarchicse</strong></span> <span class='ocrx_word' id='word_1_116' title='bbox 251 1083 352 1148; x_wconf 78' lang='lat' dir='ltr'><strong>motulis,</strong></span> <span class='ocrx_word' id='word_1_117' title='bbox 365 1088 388 1134; x_wconf 89' lang='lat' dir='ltr'><strong>et</strong></span> <span class='ocrx_word' id='word_1_118' title='bbox 400 1084 460 1148; x_wconf 88' lang='lat' dir='ltr'><strong>qudd</strong></span> <span class='ocrx_word' id='word_1_119' title='bbox 481 1085 531 1148; x_wconf 89' lang='lat' dir='ltr'><strong>ipse</strong></span> <span class='ocrx_word' id='word_1_120' title='bbox 549 1097 596 1134; x_wconf 93' lang='lat' dir='ltr'><strong>non</strong></span> <span class='ocrx_word' id='word_1_121' title='bbox 617 1084 689 1134; x_wconf 88' lang='lat' dir='ltr'><strong>solnm</strong></span> <span class='ocrx_word' id='word_1_122' title='bbox 709 1083 740 1133; x_wconf 91' lang='lat' dir='ltr'><strong>sit</strong></span> <span class='ocrx_word' id='word_1_123' title='bbox 759 1082 916 1134; x_wconf 78' lang='lat' dir='ltr'><strong>illuminativus</strong></span> 
     </span>
     <span class='ocr_line' id='line_1_15' title="bbox 130 1153 916 1220; baseline -0.001 -14"><span class='ocrx_word' id='word_1_124' title='bbox 130 1155 242 1219; x_wconf 92' lang='lat' dir='ltr'><strong>omnium,</strong></span> <span class='ocrx_word' id='word_1_125' title='bbox 254 1157 313 1220; x_wconf 83' lang='lat' dir='ltr'><strong>quod</strong></span> <span class='ocrx_word' id='word_1_126' title='bbox 333 1157 431 1220; x_wconf 88' lang='lat' dir='ltr'><strong>pertinet</strong></span> <span class='ocrx_word' id='word_1_127' title='bbox 439 1157 466 1206; x_wconf 87' lang='lat' dir='ltr'><strong>ad</strong></span> <span class='ocrx_word' id='word_1_128' title='bbox 479 1159 568 1206; x_wconf 87' lang='lat' dir='ltr'><strong>sanctas</strong></span> <span class='ocrx_word' id='word_1_129' title='bbox 577 1155 703 1206; x_wconf 87' lang='lat' dir='ltr'><strong>locutiones</strong></span> <span class='ocrx_word' id='word_1_130' title='bbox 721 1156 744 1205; x_wconf 92' lang='lat' dir='ltr'><strong>et</strong></span> <span class='ocrx_word' id='word_1_131' title='bbox 757 1153 871 1219; x_wconf 77' lang='lat' dir='ltr'><strong>actiones,</strong></span> <span class='ocrx_word' id='word_1_132' title='bbox 882 1156 916 1206; x_wconf 87' lang='lat' dir='ltr'><strong>sed</strong></span> 
     </span>
     <span class='ocr_line' id='line_1_16' title="bbox 129 1228 510 1291; baseline -0.008 -13"><span class='ocrx_word' id='word_1_133' title='bbox 129 1229 188 1291; x_wconf 78' lang='lat' dir='ltr'><strong>quod</strong></span> <span class='ocrx_word' id='word_1_134' title='bbox 202 1228 269 1278; x_wconf 82' lang='lat' dir='ltr'><strong>etiem</strong></span> <span class='ocrx_word' id='word_1_135' title='bbox 283 1229 326 1278; x_wconf 89' lang='lat' dir='ltr'><strong>hoc</strong></span> <span class='ocrx_word' id='word_1_136' title='bbox 339 1228 390 1278; x_wconf 89' lang='lat' dir='ltr'><strong>aliis</strong></span> <span class='ocrx_word' id='word_1_137' title='bbox 403 1229 483 1278; x_wconf 88' lang='lat' dir='ltr'><strong>tradat.</strong></span> <span class='ocrx_word' id='word_1_138' title='bbox 495 1245 510 1275; x_wconf 83' lang='lat' dir='ltr'><strong>u</strong></span> 
     </span>
    </p>

    <p class='ocr_par' dir='ltr' id='par_1_3' title="bbox 129 1297 921 1578">
     <span class='ocr_line' id='line_1_17' title="bbox 160 1297 918 1364; baseline 0 -16"><span class='ocrx_word' id='word_1_139' title='bbox 160 1299 193 1348; x_wconf 80' lang='lat' dir='ltr'><strong>ao</strong></span> <span class='ocrx_word' id='word_1_140' title='bbox 210 1298 305 1364; x_wconf 89' lang='lat' dir='ltr'><strong>primum</strong></span> <span class='ocrx_word' id='word_1_141' title='bbox 319 1312 373 1362; x_wconf 80' lang='lat' dir='ltr'><strong>ergo</strong></span> <span class='ocrx_word' id='word_1_142' title='bbox 387 1299 522 1363; x_wconf 87' lang='lat' dir='ltr'><strong>dicendum,</strong></span> <span class='ocrx_word' id='word_1_143' title='bbox 537 1297 597 1362; x_wconf 77' lang='lat' dir='ltr'><strong>quid</strong></span> <span class='ocrx_word' id='word_1_144' title='bbox 612 1298 727 1350; x_wconf 87' lang='lat' dir='ltr'><strong>inchoatio</strong></span> <span class='ocrx_word' id='word_1_145' title='bbox 740 1301 765 1348; x_wconf 87' lang='lat' dir='ltr'><strong>et</strong></span> <span class='ocrx_word' id='word_1_146' title='bbox 776 1304 918 1362; x_wconf 73' lang='lat' dir='ltr'><strong>augmentum</strong></span> 
     </span>
     <span class='ocr_line' id='line_1_18' title="bbox 129 1369 919 1436; baseline 0.001 -16"><span class='ocrx_word' id='word_1_147' title='bbox 129 1382 176 1420; x_wconf 93' lang='lat' dir='ltr'><strong>non</strong></span> <span class='ocrx_word' id='word_1_148' title='bbox 195 1371 303 1434; x_wconf 81' lang='lat' dir='ltr'><strong>quaeritur</strong></span> <span class='ocrx_word' id='word_1_149' title='bbox 315 1376 407 1436; x_wconf 90' lang='lat' dir='ltr'><strong>propter</strong></span> <span class='ocrx_word' id='word_1_150' title='bbox 421 1385 462 1433; x_wconf 89' lang='lat' dir='ltr'><strong>se,</strong></span> <span class='ocrx_word' id='word_1_151' title='bbox 483 1372 523 1421; x_wconf 84' lang='lat' dir='ltr'><strong>sed</strong></span> <span class='ocrx_word' id='word_1_152' title='bbox 536 1374 629 1435; x_wconf 89' lang='lat' dir='ltr'><strong>propter</strong></span> <span class='ocrx_word' id='word_1_153' title='bbox 642 1369 813 1434; x_wconf 86' lang='lat' dir='ltr'><strong>perlectionem.</strong></span> <span class='ocrx_word' id='word_1_154' title='bbox 827 1369 858 1418; x_wconf 83' lang='lat' dir='ltr'><strong>lit</strong></span> <span class='ocrx_word' id='word_1_155' title='bbox 870 1371 919 1421; x_wconf 94' lang='lat' dir='ltr'><strong>ideo</strong></span> 
     </span>
     <span class='ocr_line' id='line_1_19' title="bbox 129 1441 921 1506; baseline 0.001 -16"><span class='ocrx_word' id='word_1_156' title='bbox 129 1443 157 1492; x_wconf 91' lang='lat' dir='ltr'><strong>ad</strong></span> <span class='ocrx_word' id='word_1_157' title='bbox 171 1442 243 1492; x_wconf 91' lang='lat' dir='ltr'><strong>solum</strong></span> <span class='ocrx_word' id='word_1_158' title='bbox 257 1442 404 1506; x_wconf 80' lang='lat' dir='ltr'><strong>perfectionis</strong></span> <span class='ocrx_word' id='word_1_159' title='bbox 414 1445 498 1492; x_wconf 90' lang='lat' dir='ltr'><strong>statum</strong></span> <span class='ocrx_word' id='word_1_160' title='bbox 510 1441 580 1506; x_wconf 86' lang='lat' dir='ltr'><strong>aliqui</strong></span> <span class='ocrx_word' id='word_1_161' title='bbox 590 1442 694 1492; x_wconf 89' lang='lat' dir='ltr'><strong>homines</strong></span> <span class='ocrx_word' id='word_1_162' title='bbox 702 1455 754 1491; x_wconf 94' lang='lat' dir='ltr'><strong>cum</strong></span> <span class='ocrx_word' id='word_1_163' title='bbox 763 1441 858 1504; x_wconf 79' lang='lat' dir='ltr'><strong>quedem</strong></span> <span class='ocrx_word' id='word_1_164' title='bbox 868 1443 921 1493; x_wconf 87' lang='lat' dir='ltr'><strong>obli-</strong></span> 
     </span>
     <span class='ocr_line' id='line_1_20' title="bbox 129 1513 570 1578; baseline -0.005 -14"><span class='ocrx_word' id='word_1_165' title='bbox 129 1513 218 1578; x_wconf 77' lang='lat' dir='ltr'><strong>gatione</strong></span> <span class='ocrx_word' id='word_1_166' title='bbox 230 1517 253 1564; x_wconf 87' lang='lat' dir='ltr'><strong>et</strong></span> <span class='ocrx_word' id='word_1_167' title='bbox 266 1514 406 1564; x_wconf 88' lang='lat' dir='ltr'><strong>solemnitate</strong></span> <span class='ocrx_word' id='word_1_168' title='bbox 417 1517 570 1563; x_wconf 86' lang='lat' dir='ltr'><strong>assumuntur.</strong></span> 
     </span>
    </p>

    <p class='ocr_par' dir='ltr' id='par_1_4' title="bbox 128 1584 941 2280">
     <span class='ocr_line' id='line_1_21' title="bbox 160 1584 924 1649; baseline 0 -14"><span class='ocrx_word' id='word_1_169' title='bbox 160 1586 193 1636; x_wconf 80' lang='lat' dir='ltr'><strong>sd</strong></span> <span class='ocrx_word' id='word_1_170' title='bbox 207 1587 329 1636; x_wconf 89' lang='lat' dir='ltr'><strong>secundum</strong></span> <span class='ocrx_word' id='word_1_171' title='bbox 343 1585 475 1648; x_wconf 89' lang='lat' dir='ltr'><strong>dicendum,</strong></span> <span class='ocrx_word' id='word_1_172' title='bbox 490 1584 549 1648; x_wconf 81' lang='lat' dir='ltr'><strong>quod</strong></span> <span class='ocrx_word' id='word_1_173' title='bbox 564 1584 668 1635; x_wconf 86' lang='lat' dir='ltr'><strong>homines</strong></span> <span class='ocrx_word' id='word_1_174' title='bbox 686 1588 769 1634; x_wconf 90' lang='lat' dir='ltr'><strong>statum</strong></span> <span class='ocrx_word' id='word_1_175' title='bbox 779 1585 924 1649; x_wconf 75' lang='lat' dir='ltr'><strong>perfeetionis</strong></span> 
     </span>
     <span class='ocr_line' id='line_1_22' title="bbox 129 1655 927 1724; baseline 0.003 -17"><span class='ocrx_word' id='word_1_176' title='bbox 129 1661 245 1708; x_wconf 88' lang='lat' dir='ltr'><strong>assumunt</strong></span> <span class='ocrx_word' id='word_1_177' title='bbox 254 1671 299 1708; x_wconf 90' lang='lat' dir='ltr'><strong>non</strong></span> <span class='ocrx_word' id='word_1_178' title='bbox 309 1657 373 1722; x_wconf 86' lang='lat' dir='ltr'><strong>quasi</strong></span> <span class='ocrx_word' id='word_1_179' title='bbox 383 1656 516 1720; x_wconf 85' lang='lat' dir='ltr'><strong>profitentes</strong></span> <span class='ocrx_word' id='word_1_180' title='bbox 529 1655 616 1721; x_wconf 88' lang='lat' dir='ltr'><strong>seipsos</strong></span> <span class='ocrx_word' id='word_1_181' title='bbox 623 1656 735 1721; x_wconf 86' lang='lat' dir='ltr'><strong>periectos</strong></span> <span class='ocrx_word' id='word_1_182' title='bbox 744 1669 809 1718; x_wconf 87' lang='lat' dir='ltr'><strong>esse,</strong></span> <span class='ocrx_word' id='word_1_183' title='bbox 820 1658 862 1708; x_wconf 88' lang='lat' dir='ltr'><strong>sed</strong></span> <span class='ocrx_word' id='word_1_184' title='bbox 873 1673 927 1724; x_wconf 92' lang='lat' dir='ltr'><strong>pro-</strong></span> 
     </span>
     <span class='ocr_line' id='line_1_23' title="bbox 129 1727 927 1793; baseline 0 -15"><span class='ocrx_word' id='word_1_185' title='bbox 129 1728 218 1779; x_wconf 83' lang='lat' dir='ltr'><strong>litentes</strong></span> <span class='ocrx_word' id='word_1_186' title='bbox 229 1742 254 1778; x_wconf 88' lang='lat' dir='ltr'><strong>se</strong></span> <span class='ocrx_word' id='word_1_187' title='bbox 267 1730 295 1779; x_wconf 81' lang='lat' dir='ltr'><strong>ud</strong></span> <span class='ocrx_word' id='word_1_188' title='bbox 305 1728 465 1793; x_wconf 85' lang='lat' dir='ltr'><strong>perlectionem</strong></span> <span class='ocrx_word' id='word_1_189' title='bbox 479 1729 580 1779; x_wconf 90' lang='lat' dir='ltr'><strong>tendere.</strong></span> <span class='ocrx_word' id='word_1_190' title='bbox 589 1730 653 1779; x_wconf 87' lang='lat' dir='ltr'><strong>Unde</strong></span> <span class='ocrx_word' id='word_1_191' title='bbox 661 1732 684 1779; x_wconf 93' lang='lat' dir='ltr'><strong>et</strong></span> <span class='ocrx_word' id='word_1_192' title='bbox 696 1729 815 1792; x_wconf 75' lang='lat' dir='ltr'><strong>Apostolus</strong></span> <span class='ocrx_word' id='word_1_193' title='bbox 826 1727 883 1779; x_wconf 90' lang='lat' dir='ltr'><strong>dicit</strong></span> <span class='ocrx_word' id='word_1_194' title='bbox 893 1730 927 1778; x_wconf 86' lang='lat' dir='ltr'><strong>od</strong></span> 
     </span>
     <span class='ocr_line' id='line_1_24' title="bbox 129 1799 930 1865; baseline 0 -15"><span class='ocrx_word' id='word_1_195' title='bbox 129 1800 236 1865; x_wconf 75' lang='lat' dir='ltr'><strong>Philip„</strong></span> <span class='ocrx_word' id='word_1_196' title='bbox 252 1800 299 1850; x_wconf 89' lang='lat' dir='ltr'><strong>lll:</strong></span> <span class='ocrx_word' id='word_1_197' title='bbox 313 1817 326 1848; x_wconf 83' lang='lat' dir='ltr'><strong>u</strong></span> <span class='ocrx_word' id='word_1_198' title='bbox 338 1801 388 1850; x_wconf 86' lang='lat' dir='ltr'><strong>Non</strong></span> <span class='ocrx_word' id='word_1_199' title='bbox 401 1799 461 1862; x_wconf 86' lang='lat' dir='ltr'><strong>qudd</strong></span> <span class='ocrx_word' id='word_1_200' title='bbox 473 1801 521 1864; x_wconf 86' lang='lat' dir='ltr'><strong>jam</strong></span> <span class='ocrx_word' id='word_1_201' title='bbox 532 1799 755 1864; x_wconf 87' lang='lat' dir='ltr'><strong>comprehenderim,</strong></span> <span class='ocrx_word' id='word_1_202' title='bbox 765 1803 804 1849; x_wconf 91' lang='lat' dir='ltr'><strong>aut</strong></span> <span class='ocrx_word' id='word_1_203' title='bbox 816 1799 866 1863; x_wconf 82' lang='lat' dir='ltr'><strong>jam</strong></span> <span class='ocrx_word' id='word_1_204' title='bbox 875 1815 930 1864; x_wconf 88' lang='lat' dir='ltr'><strong>per-</strong></span> 
     </span>
     <span class='ocr_line' id='line_1_25' title="bbox 128 1872 931 1936; baseline -0.002 -13"><span class='ocrx_word' id='word_1_205' title='bbox 128 1873 200 1923; x_wconf 87' lang='lat' dir='ltr'><strong>lectus</strong></span> <span class='ocrx_word' id='word_1_206' title='bbox 215 1872 270 1936; x_wconf 72' lang='lat' dir='ltr'><strong>sim,</strong></span> <span class='ocrx_word' id='word_1_207' title='bbox 285 1885 367 1935; x_wconf 82' lang='lat' dir='ltr'><strong>sequor</strong></span> <span class='ocrx_word' id='word_1_208' title='bbox 383 1876 459 1923; x_wconf 89' lang='lat' dir='ltr'><strong>autem</strong></span> <span class='ocrx_word' id='word_1_209' title='bbox 474 1872 553 1936; x_wconf 83' lang='lat' dir='ltr'><strong>siquo</strong></span> <span class='ocrx_word' id='word_1_210' title='bbox 570 1874 636 1923; x_wconf 93' lang='lat' dir='ltr'><strong>modo</strong></span> <span class='ocrx_word' id='word_1_211' title='bbox 650 1872 850 1935; x_wconf 75' lang='lat' dir='ltr'><strong>comprehendam.</strong></span> <span class='ocrx_word' id='word_1_212' title='bbox 867 1889 883 1920; x_wconf 83' lang='lat'>„</span> <span class='ocrx_word' id='word_1_213' title='bbox 903 1874 931 1922; x_wconf 84' lang='lat' dir='ltr'><strong>Et</strong></span> 
     </span>
     <span class='ocr_line' id='line_1_26' title="bbox 129 1943 931 2009; baseline -0.001 -15"><span class='ocrx_word' id='word_1_214' title='bbox 129 1949 208 2008; x_wconf 91' lang='lat' dir='ltr'><strong>postea</strong></span> <span class='ocrx_word' id='word_1_215' title='bbox 219 1943 293 1994; x_wconf 88' lang='lat' dir='ltr'><strong>subdit</strong></span> <span class='ocrx_word' id='word_1_216' title='bbox 305 1959 310 1993; x_wconf 80' lang='grc' dir='ltr'><strong>ι</strong></span> <span class='ocrx_word' id='word_1_217' title='bbox 324 1961 338 1992; x_wconf 84' lang='lat' dir='ltr'><strong>u</strong></span> <span class='ocrx_word' id='word_1_218' title='bbox 349 1943 488 2008; x_wconf 81' lang='lat' dir='ltr'><strong>Quicumque</strong></span> <span class='ocrx_word' id='word_1_219' title='bbox 502 1958 556 2009; x_wconf 79' lang='lat' dir='ltr'><strong>ergo</strong></span> <span class='ocrx_word' id='word_1_220' title='bbox 566 1944 661 2008; x_wconf 86' lang='lat' dir='ltr'><strong>perlecti</strong></span> <span class='ocrx_word' id='word_1_221' title='bbox 672 1957 764 2007; x_wconf 90' lang='lat' dir='ltr'><strong>sumus,</strong></span> <span class='ocrx_word' id='word_1_222' title='bbox 778 1945 825 1994; x_wconf 85' lang='lat' dir='ltr'><strong>hoe</strong></span> <span class='ocrx_word' id='word_1_223' title='bbox 840 1945 931 1995; x_wconf 88' lang='lat' dir='ltr'><strong>sentia-</strong></span> 
     </span>
     <span class='ocr_line' id='line_1_27' title="bbox 129 2013 941 2080; baseline 0.001 -15"><span class='ocrx_word' id='word_1_224' title='bbox 129 2027 188 2066; x_wconf 90' lang='lat' dir='ltr'><strong>mus.</strong></span> <span class='ocrx_word' id='word_1_225' title='bbox 204 2033 218 2062; x_wconf 79' lang='lat'>»</span> <span class='ocrx_word' id='word_1_226' title='bbox 232 2015 295 2066; x_wconf 89' lang='lat' dir='ltr'><strong>Unde</strong></span> <span class='ocrx_word' id='word_1_227' title='bbox 307 2028 353 2065; x_wconf 92' lang='lat' dir='ltr'><strong>non</strong></span> <span class='ocrx_word' id='word_1_228' title='bbox 367 2016 487 2066; x_wconf 84' lang='lat' dir='ltr'><strong>committit</strong></span> <span class='ocrx_word' id='word_1_229' title='bbox 498 2017 580 2080; x_wconf 84' lang='lat' dir='ltr'><strong>aliquis</strong></span> <span class='ocrx_word' id='word_1_230' title='bbox 594 2015 735 2066; x_wconf 92' lang='lat' dir='ltr'><strong>mendacium</strong></span> <span class='ocrx_word' id='word_1_231' title='bbox 747 2013 786 2065; x_wconf 79' lang='lat' dir='ltr'><strong>rel</strong></span> <span class='ocrx_word' id='word_1_232' title='bbox 802 2014 941 2066; x_wconf 72' lang='lat' dir='ltr'><strong>simulatio-³</strong></span> 
     </span>
     <span class='ocr_line' id='line_1_28' title="bbox 129 2085 941 2152; baseline 0.001 -15"><span class='ocrx_word' id='word_1_233' title='bbox 129 2100 180 2137; x_wconf 91' lang='lat' dir='ltr'><strong>nem</strong></span> <span class='ocrx_word' id='word_1_234' title='bbox 191 2100 220 2136; x_wconf 86' lang='lat' dir='ltr'><strong>ex</strong></span> <span class='ocrx_word' id='word_1_235' title='bbox 233 2088 277 2136; x_wconf 88' lang='lat' dir='ltr'><strong>hoc</strong></span> <span class='ocrx_word' id='word_1_236' title='bbox 288 2085 346 2150; x_wconf 82' lang='lat' dir='ltr'><strong>quod</strong></span> <span class='ocrx_word' id='word_1_237' title='bbox 365 2087 446 2150; x_wconf 89' lang='lat' dir='ltr'><strong>aliquis</strong></span> <span class='ocrx_word' id='word_1_238' title='bbox 459 2101 506 2139; x_wconf 94' lang='lat' dir='ltr'><strong>non</strong></span> <span class='ocrx_word' id='word_1_239' title='bbox 519 2092 552 2138; x_wconf 88' lang='lat' dir='ltr'><strong>ost</strong></span> <span class='ocrx_word' id='word_1_240' title='bbox 563 2088 676 2152; x_wconf 85' lang='lat' dir='ltr'><strong>perlectus</strong></span> <span class='ocrx_word' id='word_1_241' title='bbox 688 2086 728 2150; x_wconf 84' lang='lat' dir='ltr'><strong>qni</strong></span> <span class='ocrx_word' id='word_1_242' title='bbox 738 2089 824 2136; x_wconf 88' lang='lat' dir='ltr'><strong>statum</strong></span> <span class='ocrx_word' id='word_1_243' title='bbox 836 2088 941 2150; x_wconf 78' lang='lat' dir='ltr'><strong>periec-÷</strong></span> 
     </span>
     <span class='ocr_line' id='line_1_29' title="bbox 128 2157 941 2224; baseline 0 -16"><span class='ocrx_word' id='word_1_244' title='bbox 128 2159 196 2208; x_wconf 86' lang='lat' dir='ltr'><strong>tionis</strong></span> <span class='ocrx_word' id='word_1_245' title='bbox 208 2158 313 2222; x_wconf 87' lang='lat' dir='ltr'><strong>assumit,</strong></span> <span class='ocrx_word' id='word_1_246' title='bbox 325 2159 365 2210; x_wconf 90' lang='lat' dir='ltr'><strong>sed</strong></span> <span class='ocrx_word' id='word_1_247' title='bbox 378 2173 406 2210; x_wconf 87' lang='lat' dir='ltr'><strong>en</strong></span> <span class='ocrx_word' id='word_1_248' title='bbox 416 2172 443 2211; x_wconf 93' lang='lat' dir='ltr'><strong>eo</strong></span> <span class='ocrx_word' id='word_1_249' title='bbox 458 2159 518 2224; x_wconf 78' lang='lat' dir='ltr'><strong>qnid</strong></span> <span class='ocrx_word' id='word_1_250' title='bbox 530 2161 558 2210; x_wconf 83' lang='lat' dir='ltr'><strong>alo</strong></span> <span class='ocrx_word' id='word_1_251' title='bbox 572 2160 700 2211; x_wconf 89' lang='lat' dir='ltr'><strong>intentione</strong></span> <span class='ocrx_word' id='word_1_252' title='bbox 713 2157 864 2223; x_wconf 84' lang='lat' dir='ltr'><strong>perfectionis</strong></span> <span class='ocrx_word' id='word_1_253' title='bbox 880 2160 941 2209; x_wconf 67' lang='lat' dir='ltr'><strong>ani-2</strong></span> 
     </span>
     <span class='ocr_line' id='line_1_30' title="bbox 128 2234 298 2280; baseline 0.006 -1"><span class='ocrx_word' id='word_1_254' title='bbox 128 2243 190 2279; x_wconf 86' lang='lat' dir='ltr'><strong>mrum</strong></span> <span class='ocrx_word' id='word_1_255' title='bbox 201 2234 298 2280; x_wconf 83' lang='lat' dir='ltr'><strong>revocat.</strong></span> 
     </span>
    </p>

    <p class='ocr_par' dir='ltr' id='par_1_5' title="bbox 128 2301 941 2512">
     <span class='ocr_line' id='line_1_31' title="bbox 159 2301 941 2368; baseline 0.003 -18"><span class='ocrx_word' id='word_1_256' title='bbox 159 2303 192 2351; x_wconf 83' lang='lat' dir='ltr'><strong>Ad</strong></span> <span class='ocrx_word' id='word_1_257' title='bbox 202 2301 292 2352; x_wconf 89' lang='lat' dir='ltr'><strong>tertium</strong></span> <span class='ocrx_word' id='word_1_258' title='bbox 303 2302 436 2366; x_wconf 88' lang='lat' dir='ltr'><strong>dicendum,</strong></span> <span class='ocrx_word' id='word_1_259' title='bbox 448 2303 511 2368; x_wconf 82' lang='lat' dir='ltr'><strong>quid</strong></span> <span class='ocrx_word' id='word_1_260' title='bbox 520 2303 652 2368; x_wconf 72' lang='lat' dir='ltr'><strong>martyrium</strong></span> <span class='ocrx_word' id='word_1_261' title='bbox 663 2302 688 2352; x_wconf 94' lang='lat' dir='ltr'><strong>in</strong></span> <span class='ocrx_word' id='word_1_262' title='bbox 700 2305 752 2353; x_wconf 89' lang='lat' dir='ltr'><strong>actu</strong></span> <span class='ocrx_word' id='word_1_263' title='bbox 759 2301 941 2367; x_wconf 78' lang='lat' dir='ltr'><strong>perfectissimo</strong></span> 
     </span>
     <span class='ocr_line' id='line_1_32' title="bbox 128 2371 941 2439; baseline 0.004 -18"><span class='ocrx_word' id='word_1_264' title='bbox 128 2371 243 2422; x_wconf 80' lang='lat' dir='ltr'><strong>charitatis</strong></span> <span class='ocrx_word' id='word_1_265' title='bbox 262 2375 377 2436; x_wconf 86' lang='lat' dir='ltr'><strong>consistit;</strong></span> <span class='ocrx_word' id='word_1_266' title='bbox 391 2379 454 2426; x_wconf 87' lang='lat' dir='ltr'><strong>actus</strong></span> <span class='ocrx_word' id='word_1_267' title='bbox 471 2379 547 2426; x_wconf 89' lang='lat' dir='ltr'><strong>autem</strong></span> <span class='ocrx_word' id='word_1_268' title='bbox 566 2374 715 2439; x_wconf 83' lang='lat' dir='ltr'><strong>perfectionis</strong></span> <span class='ocrx_word' id='word_1_269' title='bbox 731 2387 778 2424; x_wconf 91' lang='lat' dir='ltr'><strong>non</strong></span> <span class='ocrx_word' id='word_1_270' title='bbox 797 2373 888 2424; x_wconf 88' lang='lat' dir='ltr'><strong>suiilcit</strong></span> <span class='ocrx_word' id='word_1_271' title='bbox 910 2375 941 2424; x_wconf 92' lang='lat' dir='ltr'><strong>ad</strong></span> 
     </span>
     <span class='ocr_line' id='line_1_33' title="bbox 129 2443 679 2512; baseline 0.005 -18"><span class='ocrx_word' id='word_1_272' title='bbox 129 2446 214 2494; x_wconf 87' lang='lat' dir='ltr'><strong>statum</strong></span> <span class='ocrx_word' id='word_1_273' title='bbox 227 2443 368 2511; x_wconf 89' lang='lat' dir='ltr'><strong>laciendum,</strong></span> <span class='ocrx_word' id='word_1_274' title='bbox 382 2451 410 2497; x_wconf 89' lang='lat' dir='ltr'><strong>ut</strong></span> <span class='ocrx_word' id='word_1_275' title='bbox 421 2447 506 2498; x_wconf 87' lang='lat' dir='ltr'><strong>dictum</strong></span> <span class='ocrx_word' id='word_1_276' title='bbox 519 2449 556 2498; x_wconf 88' lang='lat' dir='ltr'><strong>est</strong></span> <span class='ocrx_word' id='word_1_277' title='bbox 569 2449 624 2512; x_wconf 84' lang='lat' dir='ltr'><strong>(art.</strong></span> <span class='ocrx_word' id='word_1_278' title='bbox 638 2447 679 2510; x_wconf 87' lang='lat' dir='ltr'><strong>l).</strong></span> 
     </span>
    </p>
   </div>
   <div class='ocr_carea' id='block_1_3' title="bbox 0 0 964 3317">
    <p class='ocr_par' dir='ltr' id='par_1_6' title="bbox 0 0 964 3317">
     <span class='ocr_line' id='line_1_34' title="bbox 0 0 964 3317; baseline 0 0"><span class='ocrx_word' id='word_1_279' title='bbox 0 0 964 3317; x_wconf 95' lang='lat' dir='ltr'><strong> </strong></span> 
     </span>
    </p>
   </div>
  </div>
 </body>
</html>
