<?xml version="1.0" encoding="UTF-8"?>
<!DOCTYPE html PUBLIC "-//W3C//DTD XHTML 1.0 Transitional//EN"
    "http://www.w3.org/TR/xhtml1/DTD/xhtml1-transitional.dtd">
<html xmlns="http://www.w3.org/1999/xhtml" xml:lang="en" lang="en">
 <head>
  <title>
</title>
<meta http-equiv="Content-Type" content="text/html;charset=utf-8" />
  <meta name='ocr-system' content='tesseract 3.04.00' />
  <meta name='ocr-capabilities' content='ocr_page ocr_carea ocr_par ocr_line ocrx_word'/>
</head>
<body>
  <div class='ocr_page' id='page_1' title='image "./summatheologica02nicogoog_0954.png"; bbox 0 0 1917 3317; ppageno 0'>
   <div class='ocr_carea' id='block_1_1' title="bbox 234 198 816 245">
    <p class='ocr_par' dir='ltr' id='par_1_1' title="bbox 234 198 816 245">
     <span class='ocr_line' id='line_1_1' title="bbox 234 198 816 245; baseline 0.002 -2"><span class='ocrx_word' id='word_1_1' title='bbox 234 205 267 243; x_wconf 78' lang='lat' dir='ltr'><strong>nn</strong></span> <span class='ocrx_word' id='word_1_2' title='bbox 281 202 478 243; x_wconf 68' lang='lat' dir='ltr'><strong>fflilmiffloitss</strong></span> <span class='ocrx_word' id='word_1_3' title='bbox 492 204 596 244; x_wconf 62' lang='lat' dir='ltr'><strong>misti·</strong></span> <span class='ocrx_word' id='word_1_4' title='bbox 768 198 816 245; x_wconf 69' lang='grc'><strong>955</strong></span> 
     </span>
    </p>
   </div>
   <div class='ocr_carea' id='block_1_2' title="bbox 32 280 823 1565">
    <p class='ocr_par' dir='ltr' id='par_1_2' title="bbox 32 280 823 1565">
     <span class='ocr_line' id='line_1_2' title="bbox 48 280 819 346; baseline 0.003 -15"><span class='ocrx_word' id='word_1_5' title='bbox 48 281 84 331; x_wconf 80' lang='lat' dir='ltr'><strong>Ad</strong></span> <span class='ocrx_word' id='word_1_6' title='bbox 107 281 229 331; x_wconf 79' lang='lat' dir='ltr'><strong>secandum</strong></span> <span class='ocrx_word' id='word_1_7' title='bbox 247 280 385 344; x_wconf 76' lang='lat' dir='ltr'><strong>dicentium,</strong></span> <span class='ocrx_word' id='word_1_8' title='bbox 398 280 459 345; x_wconf 79' lang='lat' dir='ltr'><strong>quod</strong></span> <span class='ocrx_word' id='word_1_9' title='bbox 482 282 511 333; x_wconf 88' lang='lat' dir='ltr'><strong>de</strong></span> <span class='ocrx_word' id='word_1_10' title='bbox 528 280 575 332; x_wconf 90' lang='lat' dir='ltr'><strong>iiiis</strong></span> <span class='ocrx_word' id='word_1_11' title='bbox 587 281 627 346; x_wconf 86' lang='lat' dir='ltr'><strong>qui</strong></span> <span class='ocrx_word' id='word_1_12' title='bbox 645 287 819 333; x_wconf 86' lang='lat' dir='ltr'><strong>resurrexerunt</strong></span> 
     </span>
     <span class='ocr_line' id='line_1_3' title="bbox 32 351 818 417; baseline 0.003 -14"><span class='ocrx_word' id='word_1_13' title='bbox 32 367 70 403; x_wconf 88' lang='lat' dir='ltr'><strong>um</strong></span> <span class='ocrx_word' id='word_1_14' title='bbox 84 351 173 403; x_wconf 84' lang='lat' dir='ltr'><strong>Christo</strong></span> <span class='ocrx_word' id='word_1_15' title='bbox 194 351 277 416; x_wconf 85' lang='lat' dir='ltr'>duplex</span> <span class='ocrx_word' id='word_1_16' title='bbox 294 356 330 403; x_wconf 87' lang='lat' dir='ltr'><strong>est</strong></span> <span class='ocrx_word' id='word_1_17' title='bbox 343 352 419 417; x_wconf 91' lang='lat' dir='ltr'><strong>opinio</strong></span> <span class='ocrx_word' id='word_1_18' title='bbox 434 368 440 403; x_wconf 78' lang='grc' dir='ltr'><strong>ε</strong></span> <span class='ocrx_word' id='word_1_19' title='bbox 454 352 546 417; x_wconf 85' lang='lat' dir='ltr'><strong>quidam</strong></span> <span class='ocrx_word' id='word_1_20' title='bbox 563 353 624 403; x_wconf 90' lang='lat' dir='ltr'><strong>enim</strong></span> <span class='ocrx_word' id='word_1_21' title='bbox 639 356 743 404; x_wconf 76' lang='lat' dir='ltr'><strong>msemm</strong></span> <span class='ocrx_word' id='word_1_22' title='bbox 755 354 818 417; x_wconf 80' lang='lat' dir='ltr'><strong>ouon</strong></span> 
     </span>
     <span class='ocr_line' id='line_1_4' title="bbox 32 423 819 489; baseline 0.003 -14"><span class='ocrx_word' id='word_1_23' title='bbox 32 424 134 475; x_wconf 75' lang='lat' dir='ltr'><strong>rdierunt</strong></span> <span class='ocrx_word' id='word_1_24' title='bbox 151 423 179 473; x_wconf 86' lang='lat' dir='ltr'><strong>ad</strong></span> <span class='ocrx_word' id='word_1_25' title='bbox 198 424 269 474; x_wconf 86' lang='lat' dir='ltr'><strong>uitam</strong></span> <span class='ocrx_word' id='word_1_26' title='bbox 282 427 391 488; x_wconf 78' lang='lat' dir='ltr'><strong>tauquam</strong></span> <span class='ocrx_word' id='word_1_27' title='bbox 406 438 453 475; x_wconf 89' lang='lat' dir='ltr'><strong>non</strong></span> <span class='ocrx_word' id='word_1_28' title='bbox 473 423 557 475; x_wconf 83' lang='lat' dir='ltr'><strong>iterium</strong></span> <span class='ocrx_word' id='word_1_29' title='bbox 577 424 696 486; x_wconf 87' lang='lat' dir='ltr'><strong>morituri,</strong></span> <span class='ocrx_word' id='word_1_30' title='bbox 709 426 819 489; x_wconf 86' lang='lat' dir='ltr'><strong>qnoniem</strong></span> 
     </span>
     <span class='ocr_line' id='line_1_5' title="bbox 32 494 819 560; baseline 0.005 -13"><span class='ocrx_word' id='word_1_31' title='bbox 32 496 91 559; x_wconf 83' lang='lat' dir='ltr'><strong>ragis</strong></span> <span class='ocrx_word' id='word_1_32' title='bbox 103 494 147 547; x_wconf 89' lang='lat' dir='ltr'><strong>illis</strong></span> <span class='ocrx_word' id='word_1_33' title='bbox 162 499 224 546; x_wconf 86' lang='lat' dir='ltr'><strong>esset</strong></span> <span class='ocrx_word' id='word_1_34' title='bbox 237 498 391 557; x_wconf 89' lang='lat' dir='ltr'><strong>tormentum,</strong></span> <span class='ocrx_word' id='word_1_35' title='bbox 407 495 426 545; x_wconf 91' lang='lat' dir='ltr'><strong>si</strong></span> <span class='ocrx_word' id='word_1_36' title='bbox 445 495 529 547; x_wconf 87' lang='lat' dir='ltr'><strong>iterium</strong></span> <span class='ocrx_word' id='word_1_37' title='bbox 551 500 701 559; x_wconf 78' lang='lat' dir='ltr'><strong>morerentur,</strong></span> <span class='ocrx_word' id='word_1_38' title='bbox 714 497 784 560; x_wconf 80' lang='lat' dir='ltr'><strong>quam</strong></span> <span class='ocrx_word' id='word_1_39' title='bbox 798 500 819 551; x_wconf 89' lang='lat' dir='ltr'><strong>si</strong></span> 
     </span>
     <span class='ocr_line' id='line_1_6' title="bbox 32 566 819 632; baseline 0.003 -13"><span class='ocrx_word' id='word_1_40' title='bbox 32 582 64 620; x_wconf 91' lang='lat' dir='ltr'><strong>on</strong></span> <span class='ocrx_word' id='word_1_41' title='bbox 84 570 233 631; x_wconf 75' lang='lat' dir='ltr'><strong>resurgerent.</strong></span> <span class='ocrx_word' id='word_1_42' title='bbox 255 568 284 617; x_wconf 82' lang='lat' dir='ltr'><strong>iit</strong></span> <span class='ocrx_word' id='word_1_43' title='bbox 302 566 425 619; x_wconf 76' lang='lat' dir='ltr'><strong>secuudum</strong></span> <span class='ocrx_word' id='word_1_44' title='bbox 439 570 483 621; x_wconf 81' lang='lat' dir='ltr'><strong>noe</strong></span> <span class='ocrx_word' id='word_1_45' title='bbox 496 567 671 632; x_wconf 78' lang='lat' dir='ltr'><strong>intelligendum</strong></span> <span class='ocrx_word' id='word_1_46' title='bbox 684 569 746 632; x_wconf 89' lang='lat' dir='ltr'><strong>erit,</strong></span> <span class='ocrx_word' id='word_1_47' title='bbox 759 571 819 621; x_wconf 88' lang='lat' dir='ltr'><strong>siout</strong></span> 
     </span>
     <span class='ocr_line' id='line_1_7' title="bbox 32 638 820 703; baseline 0.004 -13"><span class='ocrx_word' id='word_1_48' title='bbox 32 640 168 703; x_wconf 78' lang='lat' dir='ltr'><strong>ieronpmus</strong></span> <span class='ocrx_word' id='word_1_49' title='bbox 180 638 235 689; x_wconf 86' lang='lat' dir='ltr'><strong>dieii</strong></span> <span class='ocrx_word' id='word_1_50' title='bbox 250 654 327 703; x_wconf 83' lang='lat' dir='ltr'><strong>super</strong></span> <span class='ocrx_word' id='word_1_51' title='bbox 338 640 444 700; x_wconf 68' lang='lat' dir='ltr'><strong>Mutet„</strong></span> <span class='ocrx_word' id='word_1_52' title='bbox 457 640 518 703; x_wconf 81' lang='lat' dir='ltr'><strong>quod</strong></span> <span class='ocrx_word' id='word_1_53' title='bbox 534 656 548 687; x_wconf 83' lang='lat' dir='ltr'><strong>u</strong></span> <span class='ocrx_word' id='word_1_54' title='bbox 564 644 674 693; x_wconf 84' lang='lat' dir='ltr'><strong>nonanto</strong></span> <span class='ocrx_word' id='word_1_55' title='bbox 687 654 820 693; x_wconf 86' lang='lat' dir='ltr'><strong>resurrexe-</strong></span> 
     </span>
     <span class='ocr_line' id='line_1_8' title="bbox 32 710 819 775; baseline 0.003 -12"><span class='ocrx_word' id='word_1_56' title='bbox 32 714 73 763; x_wconf 85' lang='lat' dir='ltr'><strong>nut</strong></span> <span class='ocrx_word' id='word_1_57' title='bbox 86 710 152 774; x_wconf 79' lang='lat' dir='ltr'><strong>quim</strong></span> <span class='ocrx_word' id='word_1_58' title='bbox 171 715 300 773; x_wconf 77' lang='lat' dir='ltr'><strong>resurgeret</strong></span> <span class='ocrx_word' id='word_1_59' title='bbox 319 711 441 775; x_wconf 78' lang='lat' dir='ltr'><strong>Dominus,</strong></span> <span class='ocrx_word' id='word_1_60' title='bbox 455 728 469 759; x_wconf 81' lang='lat' dir='ltr'><strong>r</strong></span> <span class='ocrx_word' id='word_1_61' title='bbox 485 713 582 763; x_wconf 83' lang='lat' dir='ltr'><strong>undeet</strong></span> <span class='ocrx_word' id='word_1_62' title='bbox 600 713 748 775; x_wconf 76' lang='lat' dir='ltr'><strong>Evangeiista</strong></span> <span class='ocrx_word' id='word_1_63' title='bbox 762 712 819 766; x_wconf 84' lang='lat' dir='ltr'><strong>dicit</strong></span> 
     </span>
     <span class='ocr_line' id='line_1_9' title="bbox 32 782 818 849; baseline 0.003 -16"><span class='ocrx_word' id='word_1_64' title='bbox 32 782 81 833; x_wconf 82' lang='lat' dir='ltr'><strong>uod</strong></span> <span class='ocrx_word' id='word_1_65' title='bbox 96 798 109 830; x_wconf 84' lang='lat' dir='ltr'><strong>u</strong></span> <span class='ocrx_word' id='word_1_66' title='bbox 124 786 233 833; x_wconf 88' lang='lat' dir='ltr'><strong>exeuntes</strong></span> <span class='ocrx_word' id='word_1_67' title='bbox 246 784 274 833; x_wconf 87' lang='lat' dir='ltr'><strong>de</strong></span> <span class='ocrx_word' id='word_1_68' title='bbox 293 783 461 844; x_wconf 88' lang='lat' dir='ltr'><strong>monumentis,</strong></span> <span class='ocrx_word' id='word_1_69' title='bbox 475 787 528 848; x_wconf 87' lang='lat' dir='ltr'><strong>post</strong></span> <span class='ocrx_word' id='word_1_70' title='bbox 545 784 738 835; x_wconf 87' lang='lat' dir='ltr'><strong>resurrectionem</strong></span> <span class='ocrx_word' id='word_1_71' title='bbox 752 784 818 849; x_wconf 85' lang='lat' dir='ltr'><strong>ejus,</strong></span> 
     </span>
     <span class='ocr_line' id='line_1_10' title="bbox 32 853 820 918; baseline 0.003 -13"><span class='ocrx_word' id='word_1_72' title='bbox 32 856 130 905; x_wconf 81' lang='lat' dir='ltr'><strong>suerunt</strong></span> <span class='ocrx_word' id='word_1_73' title='bbox 138 854 163 904; x_wconf 95' lang='lat' dir='ltr'><strong>in</strong></span> <span class='ocrx_word' id='word_1_74' title='bbox 174 858 275 905; x_wconf 86' lang='lat' dir='ltr'><strong>sanctam</strong></span> <span class='ocrx_word' id='word_1_75' title='bbox 293 853 434 916; x_wconf 75' lang='lat' dir='ltr'><strong>Civitatem,</strong></span> <span class='ocrx_word' id='word_1_76' title='bbox 447 861 470 905; x_wconf 86' lang='lat' dir='ltr'><strong>et</strong></span> <span class='ocrx_word' id='word_1_77' title='bbox 487 857 641 918; x_wconf 87' lang='lat' dir='ltr'><strong>apparuerunt</strong></span> <span class='ocrx_word' id='word_1_78' title='bbox 651 854 761 905; x_wconf 78' lang='lat' dir='ltr'><strong>multis.»</strong></span> <span class='ocrx_word' id='word_1_79' title='bbox 774 855 820 907; x_wconf 84' lang='lat' dir='ltr'><strong>Sed</strong></span> 
     </span>
     <span class='ocr_line' id='line_1_11' title="bbox 32 922 821 991; baseline 0.003 -14"><span class='ocrx_word' id='word_1_80' title='bbox 32 926 161 989; x_wconf 79' lang='lat' dir='ltr'><strong>‚ugustinus</strong></span> <span class='ocrx_word' id='word_1_81' title='bbox 175 926 199 975; x_wconf 91' lang='lat' dir='ltr'><strong>in</strong></span> <span class='ocrx_word' id='word_1_82' title='bbox 212 926 296 989; x_wconf 80' lang='lat' dir='ltr'><strong>Epist.</strong></span> <span class='ocrx_word' id='word_1_83' title='bbox 309 926 345 975; x_wconf 86' lang='lat' dir='ltr'><strong>cd</strong></span> <span class='ocrx_word' id='word_1_84' title='bbox 356 922 488 976; x_wconf 79' lang='lat' dir='ltr'><strong>Evodium</strong></span> <span class='ocrx_word' id='word_1_85' title='bbox 501 927 550 989; x_wconf 81' lang='lat' dir='ltr'><strong>(uti</strong></span> <span class='ocrx_word' id='word_1_86' title='bbox 562 926 650 991; x_wconf 77' lang='lat' dir='ltr'><strong>supri),</strong></span> <span class='ocrx_word' id='word_1_87' title='bbox 660 928 720 977; x_wconf 83' lang='lat' dir='ltr'><strong>naue</strong></span> <span class='ocrx_word' id='word_1_88' title='bbox 731 926 821 991; x_wconf 89' lang='lat' dir='ltr'><strong>opinio-</strong></span> 
     </span>
     <span class='ocr_line' id='line_1_12' title="bbox 32 996 820 1060; baseline 0.004 -13"><span class='ocrx_word' id='word_1_89' title='bbox 32 1008 268 1049; x_wconf 77' lang='lat' dir='ltr'><strong>enreommemorens</strong></span> <span class='ocrx_word' id='word_1_90' title='bbox 280 996 335 1047; x_wconf 85' lang='lat' dir='ltr'><strong>dirit</strong></span> <span class='ocrx_word' id='word_1_91' title='bbox 348 1012 354 1047; x_wconf 90' lang='lat'>:</span> <span class='ocrx_word' id='word_1_92' title='bbox 369 998 443 1049; x_wconf 87' lang='lat' dir='ltr'><strong>«Scio</strong></span> <span class='ocrx_word' id='word_1_93' title='bbox 453 998 588 1060; x_wconf 79' lang='lat' dir='ltr'><strong>quibusdem</strong></span> <span class='ocrx_word' id='word_1_94' title='bbox 599 999 672 1049; x_wconf 86' lang='lat' dir='ltr'><strong>uideri</strong></span> <span class='ocrx_word' id='word_1_95' title='bbox 684 1002 757 1049; x_wconf 86' lang='lat' dir='ltr'><strong>morte</strong></span> <span class='ocrx_word' id='word_1_96' title='bbox 771 1000 820 1050; x_wconf 81' lang='lat' dir='ltr'><strong>no-</strong></span> 
     </span>
     <span class='ocr_line' id='line_1_13' title="bbox 32 1068 821 1135; baseline 0.006 -19"><span class='ocrx_word' id='word_1_97' title='bbox 32 1068 77 1117; x_wconf 85' lang='lat' dir='ltr'><strong>riui</strong></span> <span class='ocrx_word' id='word_1_98' title='bbox 86 1068 172 1119; x_wconf 82' lang='lat' dir='ltr'><strong>Christi</strong></span> <span class='ocrx_word' id='word_1_99' title='bbox 181 1068 229 1133; x_wconf 87' lang='lat' dir='ltr'><strong>jam</strong></span> <span class='ocrx_word' id='word_1_100' title='bbox 240 1069 309 1120; x_wconf 88' lang='lat' dir='ltr'><strong>talem</strong></span> <span class='ocrx_word' id='word_1_101' title='bbox 323 1068 513 1119; x_wconf 78' lang='lat' dir='ltr'><strong>resurrectionem</strong></span> <span class='ocrx_word' id='word_1_102' title='bbox 530 1068 654 1133; x_wconf 79' lang='lat' dir='ltr'><strong>praestitam</strong></span> <span class='ocrx_word' id='word_1_103' title='bbox 666 1070 736 1134; x_wconf 80' lang='lat' dir='ltr'><strong>justis</strong></span> <span class='ocrx_word' id='word_1_104' title='bbox 746 1071 821 1135; x_wconf 74' lang='lat' dir='ltr'><strong>queis</strong></span> 
     </span>
     <span class='ocr_line' id='line_1_14' title="bbox 32 1139 820 1206; baseline 0.001 -15"><span class='ocrx_word' id='word_1_105' title='bbox 32 1139 89 1191; x_wconf 75' lang='lat' dir='ltr'><strong>robis</strong></span> <span class='ocrx_word' id='word_1_106' title='bbox 105 1140 129 1191; x_wconf 94' lang='lat' dir='ltr'><strong>in</strong></span> <span class='ocrx_word' id='word_1_107' title='bbox 142 1140 187 1192; x_wconf 84' lang='lat' dir='ltr'><strong>fine</strong></span> <span class='ocrx_word' id='word_1_108' title='bbox 199 1141 344 1205; x_wconf 88' lang='lat' dir='ltr'><strong>promittitur.</strong></span> <span class='ocrx_word' id='word_1_109' title='bbox 361 1142 419 1203; x_wconf 83' lang='lat' dir='ltr'><strong>Qui,</strong></span> <span class='ocrx_word' id='word_1_110' title='bbox 434 1142 453 1191; x_wconf 91' lang='lat' dir='ltr'><strong>si</strong></span> <span class='ocrx_word' id='word_1_111' title='bbox 465 1154 513 1192; x_wconf 90' lang='lat' dir='ltr'><strong>uon</strong></span> <span class='ocrx_word' id='word_1_112' title='bbox 524 1140 608 1191; x_wconf 85' lang='lat' dir='ltr'><strong>iterum</strong></span> <span class='ocrx_word' id='word_1_113' title='bbox 619 1140 726 1205; x_wconf 80' lang='lat' dir='ltr'><strong>repositis</strong></span> <span class='ocrx_word' id='word_1_114' title='bbox 740 1154 820 1206; x_wconf 84' lang='lat' dir='ltr'><strong>eorpo-</strong></span> 
     </span>
     <span class='ocr_line' id='line_1_15' title="bbox 32 1212 821 1275; baseline 0.006 -15"><span class='ocrx_word' id='word_1_115' title='bbox 32 1212 83 1261; x_wconf 87' lang='lat' dir='ltr'><strong>ibus</strong></span> <span class='ocrx_word' id='word_1_116' title='bbox 93 1212 240 1275; x_wconf 84' lang='lat' dir='ltr'><strong>dormierunt,</strong></span> <span class='ocrx_word' id='word_1_117' title='bbox 249 1213 372 1263; x_wconf 85' lang='lat' dir='ltr'><strong>videndum</strong></span> <span class='ocrx_word' id='word_1_118' title='bbox 384 1216 419 1263; x_wconf 89' lang='lat' dir='ltr'><strong>est</strong></span> <span class='ocrx_word' id='word_1_119' title='bbox 435 1227 482 1275; x_wconf 81' lang='lat' dir='ltr'><strong>quo</strong></span> <span class='ocrx_word' id='word_1_120' title='bbox 491 1213 558 1263; x_wconf 83' lang='lat' dir='ltr'><strong>modo</strong></span> <span class='ocrx_word' id='word_1_121' title='bbox 570 1212 704 1275; x_wconf 70' lang='lat' dir='ltr'><strong>intelligitur</strong></span> <span class='ocrx_word' id='word_1_122' title='bbox 716 1213 821 1265; x_wconf 80' lang='lat' dir='ltr'><strong>caristus</strong></span> 
     </span>
     <span class='ocr_line' id='line_1_16' title="bbox 32 1284 822 1349; baseline 0.008 -18"><span class='ocrx_word' id='word_1_123' title='bbox 32 1285 206 1347; x_wconf 60' lang='lat' dir='ltr'><strong>ermemirus</strong></span> <span class='ocrx_word' id='word_1_124' title='bbox 220 1287 359 1335; x_wconf 70' lang='lat' dir='ltr'><strong>emortuis</strong></span> <span class='ocrx_word' id='word_1_125' title='bbox 373 1284 418 1349; x_wconf 85' lang='lat' dir='ltr'><strong>(cd</strong></span> <span class='ocrx_word' id='word_1_126' title='bbox 430 1284 535 1341; x_wconf 74' lang='lat' dir='ltr'><strong>coloss,</strong></span> <span class='ocrx_word' id='word_1_127' title='bbox 547 1284 579 1347; x_wconf 78' lang='grc' dir='ltr'><strong>Ι),</strong></span> <span class='ocrx_word' id='word_1_128' title='bbox 593 1285 614 1333; x_wconf 88' lang='lat' dir='ltr'><strong>si</strong></span> <span class='ocrx_word' id='word_1_129' title='bbox 628 1296 681 1334; x_wconf 88' lang='lat' dir='ltr'><strong>cum</strong></span> <span class='ocrx_word' id='word_1_130' title='bbox 695 1285 721 1334; x_wconf 87' lang='lat' dir='ltr'><strong>in</strong></span> <span class='ocrx_word' id='word_1_131' title='bbox 732 1284 772 1335; x_wconf 80' lang='lat' dir='ltr'><strong>iiia</strong></span> <span class='ocrx_word' id='word_1_132' title='bbox 782 1298 822 1337; x_wconf 81' lang='lat' dir='ltr'><strong>re-</strong></span> 
     </span>
     <span class='ocr_line' id='line_1_17' title="bbox 32 1355 823 1421; baseline 0.004 -15"><span class='ocrx_word' id='word_1_133' title='bbox 32 1356 159 1409; x_wconf 89' lang='lat' dir='ltr'><strong>nrrectione</strong></span> <span class='ocrx_word' id='word_1_134' title='bbox 178 1360 213 1407; x_wconf 90' lang='lat' dir='ltr'><strong>tot</strong></span> <span class='ocrx_word' id='word_1_135' title='bbox 230 1361 405 1421; x_wconf 84' lang='lat' dir='ltr'><strong>praecesserunt.</strong></span> <span class='ocrx_word' id='word_1_136' title='bbox 424 1355 488 1415; x_wconf 80' lang='lat' dir='ltr'><strong>Quod</strong></span> <span class='ocrx_word' id='word_1_137' title='bbox 506 1357 526 1407; x_wconf 88' lang='lat' dir='ltr'><strong>si</strong></span> <span class='ocrx_word' id='word_1_138' title='bbox 544 1356 694 1419; x_wconf 83' lang='lat' dir='ltr'><strong>respondetur</strong></span> <span class='ocrx_word' id='word_1_139' title='bbox 713 1358 756 1406; x_wconf 85' lang='lat' dir='ltr'><strong>noc</strong></span> <span class='ocrx_word' id='word_1_140' title='bbox 771 1370 823 1409; x_wconf 86' lang='lat' dir='ltr'><strong>esse</strong></span> 
     </span>
     <span class='ocr_line' id='line_1_18' title="bbox 32 1426 823 1492; baseline 0.003 -15"><span class='ocrx_word' id='word_1_141' title='bbox 32 1428 108 1479; x_wconf 89' lang='lat' dir='ltr'><strong>ictum</strong></span> <span class='ocrx_word' id='word_1_142' title='bbox 122 1440 163 1491; x_wconf 92' lang='lat' dir='ltr'><strong>per</strong></span> <span class='ocrx_word' id='word_1_143' title='bbox 184 1427 382 1492; x_wconf 79' lang='lat' dir='ltr'><strong>anticipationem,</strong></span> <span class='ocrx_word' id='word_1_144' title='bbox 396 1433 424 1478; x_wconf 91' lang='lat' dir='ltr'><strong>ut</strong></span> <span class='ocrx_word' id='word_1_145' title='bbox 440 1431 592 1490; x_wconf 46' lang='lat' dir='ltr'><strong>,monumenta</strong></span> <span class='ocrx_word' id='word_1_146' title='bbox 610 1426 651 1478; x_wconf 89' lang='lat' dir='ltr'><strong>iiio</strong></span> <span class='ocrx_word' id='word_1_147' title='bbox 672 1429 740 1477; x_wconf 81' lang='lat' dir='ltr'><strong>terre</strong></span> <span class='ocrx_word' id='word_1_148' title='bbox 759 1432 823 1479; x_wconf 85' lang='lat' dir='ltr'><strong>motu</strong></span> 
     </span>
     <span class='ocr_line' id='line_1_19' title="bbox 32 1498 823 1565; baseline 0 -16"><span class='ocrx_word' id='word_1_149' title='bbox 32 1503 102 1565; x_wconf 85' lang='lat' dir='ltr'><strong>perta</strong></span> <span class='ocrx_word' id='word_1_150' title='bbox 114 1498 277 1562; x_wconf 76' lang='lat' dir='ltr'><strong>intelligentur,</strong></span> <span class='ocrx_word' id='word_1_151' title='bbox 291 1498 344 1549; x_wconf 77' lang='lat' dir='ltr'><strong>eim</strong></span> <span class='ocrx_word' id='word_1_152' title='bbox 360 1499 467 1549; x_wconf 87' lang='lat' dir='ltr'><strong>Christus</strong></span> <span class='ocrx_word' id='word_1_153' title='bbox 481 1499 505 1548; x_wconf 86' lang='lat' dir='ltr'><strong>in</strong></span> <span class='ocrx_word' id='word_1_154' title='bbox 518 1511 586 1550; x_wconf 89' lang='lat' dir='ltr'><strong>cruce</strong></span> <span class='ocrx_word' id='word_1_155' title='bbox 605 1500 732 1563; x_wconf 84' lang='lat' dir='ltr'><strong>penderet,</strong></span> <span class='ocrx_word' id='word_1_156' title='bbox 746 1512 823 1549; x_wconf 88' lang='lat' dir='ltr'><strong>resur-</strong></span> 
     </span>
    </p>
   </div>
   <div class='ocr_carea' id='block_1_3' title="bbox 32 1568 921 1635">
    <p class='ocr_par' dir='ltr' id='par_1_3' title="bbox 32 1568 921 1635">
     <span class='ocr_line' id='line_1_20' title="bbox 32 1568 921 1635; baseline -0.001 -12"><span class='ocrx_word' id='word_1_157' title='bbox 32 1570 109 1623; x_wconf 84' lang='lat' dir='ltr'><strong>exisse</strong></span> <span class='ocrx_word' id='word_1_158' title='bbox 118 1574 193 1621; x_wconf 89' lang='lat' dir='ltr'><strong>autem</strong></span> <span class='ocrx_word' id='word_1_159' title='bbox 206 1571 319 1635; x_wconf 86' lang='lat' dir='ltr'><strong>justorum</strong></span> <span class='ocrx_word' id='word_1_160' title='bbox 333 1583 428 1634; x_wconf 90' lang='lat' dir='ltr'><strong>corpora</strong></span> <span class='ocrx_word' id='word_1_161' title='bbox 443 1584 491 1622; x_wconf 87' lang='lat' dir='ltr'><strong>non</strong></span> <span class='ocrx_word' id='word_1_162' title='bbox 503 1574 574 1632; x_wconf 88' lang='lat' dir='ltr'><strong>tunc,</strong></span> <span class='ocrx_word' id='word_1_163' title='bbox 589 1571 630 1621; x_wconf 87' lang='lat' dir='ltr'><strong>sed</strong></span> <span class='ocrx_word' id='word_1_164' title='bbox 641 1568 692 1619; x_wconf 85' lang='lat' dir='ltr'><strong>eiam</strong></span> <span class='ocrx_word' id='word_1_165' title='bbox 706 1570 745 1621; x_wconf 86' lang='lat' dir='ltr'><strong>iile</strong></span> <span class='ocrx_word' id='word_1_166' title='bbox 761 1569 823 1633; x_wconf 86' lang='lat' dir='ltr'><strong>prior</strong></span> <span class='ocrx_word' id='word_1_167' title='bbox 917 1625 921 1632; x_wconf 69' lang='grc'><em>,</em></span> 
     </span>
    </p>
   </div>
   <div class='ocr_carea' id='block_1_4' title="bbox 32 1641 830 3001">
    <p class='ocr_par' dir='ltr' id='par_1_4' title="bbox 32 1641 830 3001">
     <span class='ocr_line' id='line_1_21' title="bbox 32 1641 824 1707; baseline 0 -13"><span class='ocrx_word' id='word_1_168' title='bbox 32 1641 200 1703; x_wconf 87' lang='lat' dir='ltr'><strong>esurrexisset,</strong></span> <span class='ocrx_word' id='word_1_169' title='bbox 214 1642 270 1693; x_wconf 87' lang='lat' dir='ltr'><strong>illud</strong></span> <span class='ocrx_word' id='word_1_170' title='bbox 284 1643 358 1693; x_wconf 83' lang='lat' dir='ltr'><strong>adhuc</strong></span> <span class='ocrx_word' id='word_1_171' title='bbox 375 1645 448 1693; x_wconf 86' lang='lat' dir='ltr'><strong>restat</strong></span> <span class='ocrx_word' id='word_1_172' title='bbox 460 1644 521 1706; x_wconf 84' lang='lat' dir='ltr'><strong>quod</strong></span> <span class='ocrx_word' id='word_1_173' title='bbox 536 1647 626 1693; x_wconf 87' lang='lat' dir='ltr'><strong>moueat</strong></span> <span class='ocrx_word' id='word_1_174' title='bbox 636 1655 644 1690; x_wconf 72' lang='grc' dir='ltr'>ι</span> <span class='ocrx_word' id='word_1_175' title='bbox 653 1643 767 1707; x_wconf 82' lang='lat' dir='ltr'><strong>quomodo</strong></span> <span class='ocrx_word' id='word_1_176' title='bbox 781 1644 824 1694; x_wconf 87' lang='lat' dir='ltr'><strong>Pe·</strong></span> 
     </span>
     <span class='ocr_line' id='line_1_22' title="bbox 32 1713 824 1777; baseline -0.003 -10"><span class='ocrx_word' id='word_1_177' title='bbox 32 1728 72 1767; x_wconf 88' lang='lat' dir='ltr'><strong>rus</strong></span> <span class='ocrx_word' id='word_1_178' title='bbox 88 1726 137 1764; x_wconf 87' lang='lat' dir='ltr'><strong>non</strong></span> <span class='ocrx_word' id='word_1_179' title='bbox 150 1713 178 1765; x_wconf 89' lang='lat' dir='ltr'><strong>de</strong></span> <span class='ocrx_word' id='word_1_180' title='bbox 188 1713 259 1765; x_wconf 83' lang='lat' dir='ltr'><strong>Dauid</strong></span> <span class='ocrx_word' id='word_1_181' title='bbox 275 1714 316 1765; x_wconf 87' lang='lat' dir='ltr'><strong>sed</strong></span> <span class='ocrx_word' id='word_1_182' title='bbox 331 1714 425 1765; x_wconf 82' lang='lat' dir='ltr'><strong>Christo</strong></span> <span class='ocrx_word' id='word_1_183' title='bbox 437 1714 536 1765; x_wconf 88' lang='lat' dir='ltr'><strong>asseruit</strong></span> <span class='ocrx_word' id='word_1_184' title='bbox 545 1713 618 1765; x_wconf 87' lang='lat' dir='ltr'><strong>fuisse</strong></span> <span class='ocrx_word' id='word_1_185' title='bbox 630 1714 763 1777; x_wconf 79' lang='lat' dir='ltr'><strong>predictum</strong></span> <span class='ocrx_word' id='word_1_186' title='bbox 775 1726 824 1765; x_wconf 89' lang='lat' dir='ltr'><strong>oar·</strong></span> 
     </span>
     <span class='ocr_line' id='line_1_23' title="bbox 36 1785 825 1849; baseline 0.004 -14"><span class='ocrx_word' id='word_1_187' title='bbox 36 1799 76 1835; x_wconf 88' lang='lat' dir='ltr'><strong>em</strong></span> <span class='ocrx_word' id='word_1_188' title='bbox 90 1785 139 1849; x_wconf 85' lang='lat' dir='ltr'><strong>ejus</strong></span> <span class='ocrx_word' id='word_1_189' title='bbox 153 1798 200 1835; x_wconf 89' lang='lat' dir='ltr'><strong>non</strong></span> <span class='ocrx_word' id='word_1_190' title='bbox 218 1786 303 1836; x_wconf 82' lang='lat' dir='ltr'><strong>uidisse</strong></span> <span class='ocrx_word' id='word_1_191' title='bbox 321 1786 507 1849; x_wconf 88' lang='lat' dir='ltr'><strong>corruptionem,</strong></span> <span class='ocrx_word' id='word_1_192' title='bbox 522 1800 564 1849; x_wconf 90' lang='lat' dir='ltr'><strong>per</strong></span> <span class='ocrx_word' id='word_1_193' title='bbox 581 1788 625 1836; x_wconf 83' lang='lat' dir='ltr'><strong>hoc</strong></span> <span class='ocrx_word' id='word_1_194' title='bbox 637 1785 698 1849; x_wconf 76' lang='lat' dir='ltr'><strong>quod</strong></span> <span class='ocrx_word' id='word_1_195' title='bbox 712 1786 773 1849; x_wconf 80' lang='lat' dir='ltr'><strong>apud</strong></span> <span class='ocrx_word' id='word_1_196' title='bbox 784 1798 825 1838; x_wconf 88' lang='lat' dir='ltr'><strong>eos</strong></span> 
     </span>
     <span class='ocr_line' id='line_1_24' title="bbox 32 1855 827 1921; baseline 0.003 -14"><span class='ocrx_word' id='word_1_197' title='bbox 32 1861 71 1907; x_wconf 91' lang='lat' dir='ltr'><strong>rat</strong></span> <span class='ocrx_word' id='word_1_198' title='bbox 82 1860 253 1908; x_wconf 88' lang='lat' dir='ltr'><strong>mouumentum</strong></span> <span class='ocrx_word' id='word_1_199' title='bbox 266 1856 337 1907; x_wconf 86' lang='lat' dir='ltr'><strong>David</strong></span> <span class='ocrx_word' id='word_1_200' title='bbox 348 1858 424 1921; x_wconf 75' lang='lat' dir='ltr'><strong>(Aet,</strong></span> <span class='ocrx_word' id='word_1_201' title='bbox 438 1858 468 1915; x_wconf 88' lang='lat' dir='ltr'><strong>ii,</strong></span> <span class='ocrx_word' id='word_1_202' title='bbox 482 1860 508 1907; x_wconf 89' lang='lat' dir='ltr'><strong>ut</strong></span> <span class='ocrx_word' id='word_1_203' title='bbox 517 1858 566 1920; x_wconf 73' lang='lat' dir='ltr'><strong>iem</strong></span> <span class='ocrx_word' id='word_1_204' title='bbox 581 1857 669 1921; x_wconf 81' lang='lat' dir='ltr'><strong>supri),</strong></span> <span class='ocrx_word' id='word_1_205' title='bbox 683 1860 707 1907; x_wconf 92' lang='lat' dir='ltr'><strong>et</strong></span> <span class='ocrx_word' id='word_1_206' title='bbox 721 1855 755 1907; x_wconf 87' lang='lat' dir='ltr'><strong>sic</strong></span> <span class='ocrx_word' id='word_1_207' title='bbox 772 1856 827 1909; x_wconf 87' lang='lat' dir='ltr'><strong>ilios</strong></span> 
     </span>
     <span class='ocr_line' id='line_1_25' title="bbox 33 1926 826 1993; baseline 0 -14"><span class='ocrx_word' id='word_1_208' title='bbox 33 1943 70 1980; x_wconf 84' lang='lat' dir='ltr'><strong>on</strong></span> <span class='ocrx_word' id='word_1_209' title='bbox 85 1926 243 1992; x_wconf 83' lang='lat' dir='ltr'><strong>convincebat,</strong></span> <span class='ocrx_word' id='word_1_210' title='bbox 258 1928 278 1978; x_wconf 88' lang='lat' dir='ltr'><strong>si</strong></span> <span class='ocrx_word' id='word_1_211' title='bbox 289 1941 370 1993; x_wconf 87' lang='lat' dir='ltr'><strong>corpus</strong></span> <span class='ocrx_word' id='word_1_212' title='bbox 384 1929 454 1980; x_wconf 81' lang='lat' dir='ltr'><strong>iiarid</strong></span> <span class='ocrx_word' id='word_1_213' title='bbox 467 1929 501 1979; x_wconf 85' lang='lat' dir='ltr'><strong>ihi</strong></span> <span class='ocrx_word' id='word_1_214' title='bbox 511 1930 557 1993; x_wconf 85' lang='lat' dir='ltr'><strong>jam</strong></span> <span class='ocrx_word' id='word_1_215' title='bbox 570 1941 617 1979; x_wconf 94' lang='lat' dir='ltr'><strong>non</strong></span> <span class='ocrx_word' id='word_1_216' title='bbox 631 1929 769 1992; x_wconf 85' lang='lat' dir='ltr'><strong>erat;.quie‚</strong></span> <span class='ocrx_word' id='word_1_217' title='bbox 781 1929 826 1979; x_wconf 85' lang='lat' dir='ltr'><strong>etsi</strong></span> 
     </span>
     <span class='ocr_line' id='line_1_26' title="bbox 33 1999 826 2065; baseline 0.004 -15"><span class='ocrx_word' id='word_1_218' title='bbox 33 1999 78 2050; x_wconf 80' lang='lat' dir='ltr'><strong>nte</strong></span> <span class='ocrx_word' id='word_1_219' title='bbox 91 2000 114 2050; x_wconf 92' lang='lat' dir='ltr'><strong>iu</strong></span> <span class='ocrx_word' id='word_1_220' title='bbox 126 2000 213 2051; x_wconf 88' lang='lat' dir='ltr'><strong>recenti</strong></span> <span class='ocrx_word' id='word_1_221' title='bbox 225 2013 265 2050; x_wconf 90' lang='lat' dir='ltr'><strong>sua</strong></span> <span class='ocrx_word' id='word_1_222' title='bbox 277 2005 349 2051; x_wconf 91' lang='lat' dir='ltr'><strong>morte</strong></span> <span class='ocrx_word' id='word_1_223' title='bbox 360 2001 538 2062; x_wconf 79' lang='lat' dir='ltr'><strong>resurrexisset,</strong></span> <span class='ocrx_word' id='word_1_224' title='bbox 548 2014 591 2052; x_wconf 88' lang='lat' dir='ltr'><strong>nec</strong></span> <span class='ocrx_word' id='word_1_225' title='bbox 600 2013 654 2051; x_wconf 87' lang='lat' dir='ltr'><strong>caro</strong></span> <span class='ocrx_word' id='word_1_226' title='bbox 665 2000 717 2065; x_wconf 81' lang='lat' dir='ltr'><strong>ejus</strong></span> <span class='ocrx_word' id='word_1_227' title='bbox 728 2001 826 2053; x_wconf 67' lang='lat' dir='ltr'><strong>udisset</strong></span> 
     </span>
     <span class='ocr_line' id='line_1_27' title="bbox 34 2070 822 2135; baseline 0.005 -14"><span class='ocrx_word' id='word_1_228' title='bbox 34 2070 202 2135; x_wconf 85' lang='lat' dir='ltr'><strong>orruptiouem,</strong></span> <span class='ocrx_word' id='word_1_229' title='bbox 216 2075 293 2135; x_wconf 89' lang='lat' dir='ltr'><strong>posset</strong></span> <span class='ocrx_word' id='word_1_230' title='bbox 305 2072 454 2123; x_wconf 86' lang='lat' dir='ltr'><strong>nihilomiuus</strong></span> <span class='ocrx_word' id='word_1_231' title='bbox 465 2072 522 2121; x_wconf 85' lang='lat' dir='ltr'><strong>iliud</strong></span> <span class='ocrx_word' id='word_1_232' title='bbox 535 2077 707 2123; x_wconf 88' lang='lat' dir='ltr'><strong>monumentum</strong></span> <span class='ocrx_word' id='word_1_233' title='bbox 722 2084 822 2125; x_wconf 71' lang='lat' dir='ltr'><strong>manno.</strong></span> 
     </span>
     <span class='ocr_line' id='line_1_28' title="bbox 33 2144 826 2197; baseline 0.005 -4"><span class='ocrx_word' id='word_1_234' title='bbox 33 2148 109 2195; x_wconf 80' lang='lat' dir='ltr'><strong>turum</strong></span> <span class='ocrx_word' id='word_1_235' title='bbox 119 2148 197 2195; x_wconf 86' lang='lat' dir='ltr'><strong>autem</strong></span> <span class='ocrx_word' id='word_1_236' title='bbox 205 2146 295 2195; x_wconf 85' lang='lat' dir='ltr'><strong>uidetur</strong></span> <span class='ocrx_word' id='word_1_237' title='bbox 309 2148 334 2194; x_wconf 91' lang='lat' dir='ltr'><strong>ut</strong></span> <span class='ocrx_word' id='word_1_238' title='bbox 348 2146 420 2196; x_wconf 83' lang='lat' dir='ltr'><strong>narie</strong></span> <span class='ocrx_word' id='word_1_239' title='bbox 432 2159 479 2197; x_wconf 90' lang='lat' dir='ltr'><strong>non</strong></span> <span class='ocrx_word' id='word_1_240' title='bbox 492 2145 597 2195; x_wconf 79' lang='lat' dir='ltr'><strong>fueritin</strong></span> <span class='ocrx_word' id='word_1_241' title='bbox 607 2144 647 2194; x_wconf 83' lang='lat' dir='ltr'><strong>itta</strong></span> <span class='ocrx_word' id='word_1_242' title='bbox 659 2145 826 2197; x_wconf 84' lang='lat' dir='ltr'><strong>resurreetione</strong></span> 
     </span>
     <span class='ocr_line' id='line_1_29' title="bbox 33 2208 824 2280; baseline 0.001 -13"><span class='ocrx_word' id='word_1_243' title='bbox 33 2221 146 2274; x_wconf 84' lang='lat' dir='ltr'><strong>ustorum,</strong></span> <span class='ocrx_word' id='word_1_244' title='bbox 158 2214 221 2267; x_wconf 82' lang='lat' dir='ltr'><strong>sicis</strong></span> <span class='ocrx_word' id='word_1_245' title='bbox 231 2216 280 2279; x_wconf 76' lang='lat' dir='ltr'><strong>Jaur</strong></span> <span class='ocrx_word' id='word_1_246' title='bbox 294 2220 378 2267; x_wconf 83' lang='lat' dir='ltr'><strong>aeterua</strong></span> <span class='ocrx_word' id='word_1_247' title='bbox 390 2217 473 2267; x_wconf 88' lang='lat' dir='ltr'><strong>donata</strong></span> <span class='ocrx_word' id='word_1_248' title='bbox 489 2226 539 2277; x_wconf 79' lang='lat' dir='ltr'><strong>ess,</strong></span> <span class='ocrx_word' id='word_1_249' title='bbox 550 2216 617 2280; x_wconf 85' lang='lat' dir='ltr'><strong>eujus</strong></span> <span class='ocrx_word' id='word_1_250' title='bbox 625 2208 732 2267; x_wconf 78' lang='lat' dir='ltr'><strong>Christos</strong></span> <span class='ocrx_word' id='word_1_251' title='bbox 745 2230 775 2267; x_wconf 89' lang='lat' dir='ltr'><strong>ex</strong></span> <span class='ocrx_word' id='word_1_252' title='bbox 786 2230 824 2268; x_wconf 89' lang='lat' dir='ltr'><strong>se·</strong></span> 
     </span>
     <span class='ocr_line' id='line_1_30' title="bbox 33 2286 826 2351; baseline 0.003 -14"><span class='ocrx_word' id='word_1_253' title='bbox 33 2286 89 2337; x_wconf 84' lang='lat' dir='ltr'><strong>nine</strong></span> <span class='ocrx_word' id='word_1_254' title='bbox 110 2289 289 2339; x_wconf 79' lang='lat' dir='ltr'><strong>commendatur.</strong></span> <span class='ocrx_word' id='word_1_255' title='bbox 304 2286 474 2338; x_wconf 86' lang='lat' dir='ltr'><strong>Periclitabitur</strong></span> <span class='ocrx_word' id='word_1_256' title='bbox 493 2287 564 2337; x_wconf 84' lang='lat' dir='ltr'><strong>etiarn</strong></span> <span class='ocrx_word' id='word_1_257' title='bbox 579 2287 635 2337; x_wconf 86' lang='lat' dir='ltr'><strong>iliud</strong></span> <span class='ocrx_word' id='word_1_258' title='bbox 652 2288 713 2351; x_wconf 85' lang='lat' dir='ltr'><strong>qnod</strong></span> <span class='ocrx_word' id='word_1_259' title='bbox 736 2288 763 2338; x_wconf 87' lang='lat' dir='ltr'><strong>ed</strong></span> <span class='ocrx_word' id='word_1_260' title='bbox 782 2288 826 2339; x_wconf 82' lang='lat' dir='ltr'><strong>iio·</strong></span> 
     </span>
     <span class='ocr_line' id='line_1_31' title="bbox 33 2358 827 2422; baseline 0 -13"><span class='ocrx_word' id='word_1_261' title='bbox 33 2371 97 2411; x_wconf 83' lang='lat' dir='ltr'><strong>uaeos</strong></span> <span class='ocrx_word' id='word_1_262' title='bbox 113 2359 140 2409; x_wconf 89' lang='lat' dir='ltr'><strong>dc</strong></span> <span class='ocrx_word' id='word_1_263' title='bbox 158 2358 228 2422; x_wconf 88' lang='lat' dir='ltr'><strong>justis</strong></span> <span class='ocrx_word' id='word_1_264' title='bbox 245 2359 345 2422; x_wconf 88' lang='lat' dir='ltr'><strong>antiquis</strong></span> <span class='ocrx_word' id='word_1_265' title='bbox 359 2358 449 2420; x_wconf 87' lang='lat' dir='ltr'><strong>dicitur,</strong></span> <span class='ocrx_word' id='word_1_266' title='bbox 463 2372 494 2408; x_wconf 84' lang='lat' dir='ltr'><strong>ne</strong></span> <span class='ocrx_word' id='word_1_267' title='bbox 510 2360 564 2407; x_wconf 82' lang='lat' dir='ltr'><strong>sine</strong></span> <span class='ocrx_word' id='word_1_268' title='bbox 580 2358 651 2407; x_wconf 82' lang='lat' dir='ltr'><strong>nobie</strong></span> <span class='ocrx_word' id='word_1_269' title='bbox 668 2373 827 2409; x_wconf 80' lang='lat' dir='ltr'><strong>consummo·</strong></span> 
     </span>
     <span class='ocr_line' id='line_1_32' title="bbox 33 2429 828 2494; baseline -0.001 -13"><span class='ocrx_word' id='word_1_270' title='bbox 33 2437 122 2489; x_wconf 46' lang='lat' dir='ltr'><strong>ventur,</strong></span> <span class='ocrx_word' id='word_1_271' title='bbox 138 2430 217 2494; x_wconf 79' lang='lat' dir='ltr'><strong>sijum</strong></span> <span class='ocrx_word' id='word_1_272' title='bbox 236 2430 261 2480; x_wconf 90' lang='lat' dir='ltr'><strong>in</strong></span> <span class='ocrx_word' id='word_1_273' title='bbox 279 2430 317 2481; x_wconf 88' lang='lat' dir='ltr'><strong>iila</strong></span> <span class='ocrx_word' id='word_1_274' title='bbox 330 2429 502 2481; x_wconf 85' lang='lat' dir='ltr'><strong>resurrectionis</strong></span> <span class='ocrx_word' id='word_1_275' title='bbox 519 2430 688 2493; x_wconf 82' lang='lat' dir='ltr'><strong>incorruptione</strong></span> <span class='ocrx_word' id='word_1_276' title='bbox 707 2429 828 2480; x_wconf 81' lang='lat' dir='ltr'><strong>constituti</strong></span> 
     </span>
     <span class='ocr_line' id='line_1_33' title="bbox 33 2501 828 2568; baseline -0.003 -15"><span class='ocrx_word' id='word_1_277' title='bbox 33 2506 94 2565; x_wconf 88' lang='lat' dir='ltr'><strong>unt,</strong></span> <span class='ocrx_word' id='word_1_278' title='bbox 111 2502 244 2566; x_wconf 79' lang='lat' dir='ltr'><strong>queuntis</strong></span> <span class='ocrx_word' id='word_1_279' title='bbox 263 2501 408 2568; x_wconf 82' lang='lat' dir='ltr'><strong>perficiendis</strong></span> <span class='ocrx_word' id='word_1_280' title='bbox 421 2501 445 2551; x_wconf 88' lang='lat' dir='ltr'><strong>in</strong></span> <span class='ocrx_word' id='word_1_281' title='bbox 459 2503 505 2552; x_wconf 84' lang='lat' dir='ltr'><strong>tine</strong></span> <span class='ocrx_word' id='word_1_282' title='bbox 525 2501 673 2566; x_wconf 86' lang='lat' dir='ltr'><strong>promittitur.</strong></span> <span class='ocrx_word' id='word_1_283' title='bbox 689 2501 757 2551; x_wconf 82' lang='lat' dir='ltr'><strong>»Sic</strong></span> <span class='ocrx_word' id='word_1_284' title='bbox 773 2514 828 2564; x_wconf 72' lang='lat' dir='ltr'><strong>ergo</strong></span> 
     </span>
     <span class='ocr_line' id='line_1_34' title="bbox 33 2572 826 2636; baseline 0 -13"><span class='ocrx_word' id='word_1_285' title='bbox 33 2572 166 2635; x_wconf 68' lang='lat' dir='ltr'><strong>rugustinus</strong></span> <span class='ocrx_word' id='word_1_286' title='bbox 181 2572 265 2623; x_wconf 89' lang='lat' dir='ltr'><strong>sentire</strong></span> <span class='ocrx_word' id='word_1_287' title='bbox 279 2572 369 2623; x_wconf 83' lang='lat' dir='ltr'><strong>uidetur</strong></span> <span class='ocrx_word' id='word_1_288' title='bbox 388 2572 450 2636; x_wconf 83' lang='lat' dir='ltr'><strong>quod</strong></span> <span class='ocrx_word' id='word_1_289' title='bbox 469 2572 638 2623; x_wconf 84' lang='lat' dir='ltr'><strong>resurrexerint</strong></span> <span class='ocrx_word' id='word_1_290' title='bbox 655 2572 738 2622; x_wconf 80' lang='lat' dir='ltr'><strong>iteruin</strong></span> <span class='ocrx_word' id='word_1_291' title='bbox 754 2573 826 2623; x_wconf 90' lang='lat' dir='ltr'><strong>mori·</strong></span> 
     </span>
     <span class='ocr_line' id='line_1_35' title="bbox 33 2643 828 2708; baseline -0.001 -13"><span class='ocrx_word' id='word_1_292' title='bbox 33 2644 78 2695; x_wconf 90' lang='lat' dir='ltr'><strong>nri.</strong></span> <span class='ocrx_word' id='word_1_293' title='bbox 94 2645 128 2695; x_wconf 81' lang='lat' dir='ltr'><strong>Ad</strong></span> <span class='ocrx_word' id='word_1_294' title='bbox 142 2645 203 2708; x_wconf 87' lang='lat' dir='ltr'><strong>quod</strong></span> <span class='ocrx_word' id='word_1_295' title='bbox 215 2644 283 2695; x_wconf 89' lang='lat' dir='ltr'><strong>etiam</strong></span> <span class='ocrx_word' id='word_1_296' title='bbox 295 2644 384 2693; x_wconf 87' lang='lat' dir='ltr'><strong>uidetur</strong></span> <span class='ocrx_word' id='word_1_297' title='bbox 397 2644 512 2707; x_wconf 89' lang='lat' dir='ltr'><strong>pertinere</strong></span> <span class='ocrx_word' id='word_1_298' title='bbox 528 2645 589 2707; x_wconf 84' lang='lat' dir='ltr'><strong>quod</strong></span> <span class='ocrx_word' id='word_1_299' title='bbox 605 2644 757 2707; x_wconf 72' lang='lat' dir='ltr'><strong>Hieronymus</strong></span> <span class='ocrx_word' id='word_1_300' title='bbox 769 2643 828 2694; x_wconf 87' lang='lat' dir='ltr'><strong>dicit</strong></span> 
     </span>
     <span class='ocr_line' id='line_1_36' title="bbox 35 2714 830 2782; baseline 0 -15"><span class='ocrx_word' id='word_1_301' title='bbox 35 2716 213 2782; x_wconf 72' lang='lat' dir='ltr'><strong>uperMotth,</strong></span> <span class='ocrx_word' id='word_1_302' title='bbox 228 2714 289 2781; x_wconf 80' lang='lat' dir='ltr'><strong>quod</strong></span> <span class='ocrx_word' id='word_1_303' title='bbox 304 2734 319 2764; x_wconf 88' lang='grc' dir='ltr'><strong>ιι</strong></span> <span class='ocrx_word' id='word_1_304' title='bbox 331 2716 389 2766; x_wconf 89' lang='lat' dir='ltr'><strong>sicut</strong></span> <span class='ocrx_word' id='word_1_305' title='bbox 404 2716 504 2767; x_wconf 88' lang='lat' dir='ltr'><strong>Lazarus</strong></span> <span class='ocrx_word' id='word_1_306' title='bbox 514 2716 654 2772; x_wconf 86' lang='lat' dir='ltr'><strong>resurrexit,</strong></span> <span class='ocrx_word' id='word_1_307' title='bbox 666 2716 700 2765; x_wconf 91' lang='lat' dir='ltr'><strong>sic</strong></span> <span class='ocrx_word' id='word_1_308' title='bbox 719 2719 744 2765; x_wconf 87' lang='lat' dir='ltr'><strong>et</strong></span> <span class='ocrx_word' id='word_1_309' title='bbox 758 2717 830 2767; x_wconf 84' lang='lat' dir='ltr'><strong>muita</strong></span> 
     </span>
     <span class='ocr_line' id='line_1_37' title="bbox 35 2785 829 2853; baseline -0.003 -13"><span class='ocrx_word' id='word_1_310' title='bbox 35 2800 119 2853; x_wconf 88' lang='lat' dir='ltr'><strong>orpora</strong></span> <span class='ocrx_word' id='word_1_311' title='bbox 130 2788 264 2839; x_wconf 85' lang='lat' dir='ltr'><strong>Sanctorum</strong></span> <span class='ocrx_word' id='word_1_312' title='bbox 278 2792 450 2839; x_wconf 85' lang='lat' dir='ltr'><strong>resurrexerunt</strong></span> <span class='ocrx_word' id='word_1_313' title='bbox 462 2791 490 2837; x_wconf 92' lang='lat' dir='ltr'><strong>ut</strong></span> <span class='ocrx_word' id='word_1_314' title='bbox 499 2786 621 2837; x_wconf 79' lang='lat' dir='ltr'><strong>iionrinum</strong></span> <span class='ocrx_word' id='word_1_315' title='bbox 631 2785 779 2837; x_wconf 83' lang='lat' dir='ltr'><strong>ostenderent</strong></span> <span class='ocrx_word' id='word_1_316' title='bbox 792 2800 829 2838; x_wconf 89' lang='lat' dir='ltr'><strong>re·</strong></span> 
     </span>
     <span class='ocr_line' id='line_1_38' title="bbox 33 2857 830 2925; baseline -0.004 -14"><span class='ocrx_word' id='word_1_317' title='bbox 33 2863 199 2923; x_wconf 67' lang='lat' dir='ltr'><strong>urgentem»</strong></span> <span class='ocrx_word' id='word_1_318' title='bbox 220 2859 324 2925; x_wconf 85' lang='lat' dir='ltr'><strong>quamuis</strong></span> <span class='ocrx_word' id='word_1_319' title='bbox 343 2861 388 2909; x_wconf 87' lang='lat' dir='ltr'><strong>hoc</strong></span> <span class='ocrx_word' id='word_1_320' title='bbox 406 2859 431 2909; x_wconf 92' lang='lat' dir='ltr'><strong>in</strong></span> <span class='ocrx_word' id='word_1_321' title='bbox 445 2872 551 2911; x_wconf 89' lang='lat' dir='ltr'><strong>sermone</strong></span> <span class='ocrx_word' id='word_1_322' title='bbox 567 2859 596 2909; x_wconf 85' lang='lat' dir='ltr'><strong>de</strong></span> <span class='ocrx_word' id='word_1_323' title='bbox 609 2857 772 2921; x_wconf 78' lang='lat' dir='ltr'><strong>Assumptioue</strong></span> <span class='ocrx_word' id='word_1_324' title='bbox 786 2858 830 2908; x_wconf 91' lang='lat' dir='ltr'><strong>sub</strong></span> 
     </span>
     <span class='ocr_line' id='line_1_39' title="bbox 33 2927 830 3001; baseline -0.006 -15"><span class='ocrx_word' id='word_1_325' title='bbox 33 2931 95 2986; x_wconf 85' lang='lat' dir='ltr'><strong>iubio</strong></span> <span class='ocrx_word' id='word_1_326' title='bbox 118 2930 249 3001; x_wconf 85' lang='lat' dir='ltr'><strong>relinquat,</strong></span> <span class='ocrx_word' id='word_1_327' title='bbox 263 2931 302 2983; x_wconf 90' lang='lat' dir='ltr'><strong>ubi</strong></span> <span class='ocrx_word' id='word_1_328' title='bbox 318 2931 396 2985; x_wconf 87' lang='lat' dir='ltr'><strong>multis</strong></span> <span class='ocrx_word' id='word_1_329' title='bbox 417 2929 515 2985; x_wconf 86' lang='lat' dir='ltr'><strong>dubitari</strong></span> <span class='ocrx_word' id='word_1_330' title='bbox 537 2927 648 2995; x_wconf 77' lang='lat' dir='ltr'><strong>peruicit</strong></span> <span class='ocrx_word' id='word_1_331' title='bbox 664 2940 696 2979; x_wconf 84' lang='lat' dir='ltr'><strong>an</strong></span> <span class='ocrx_word' id='word_1_332' title='bbox 714 2932 830 2993; x_wconf 82' lang='lat' dir='ltr'><strong>assumpta</strong></span> 
     </span>
    </p>
   </div>
   <div class='ocr_carea' id='block_1_5' title="bbox 0 0 973 3317">
    <p class='ocr_par' dir='ltr' id='par_1_5' title="bbox 0 0 973 3317">
     <span class='ocr_line' id='line_1_40' title="bbox 0 0 973 3317; baseline 0 0"><span class='ocrx_word' id='word_1_333' title='bbox 0 0 973 3317; x_wconf 95' lang='lat' dir='ltr'><strong> </strong></span> 
     </span>
    </p>
   </div>
  </div>
 </body>
</html>
