1917 3317
154 189 184 238 le
255 196 361 236 securus
377 197 503 246 sucorum,
518 197 613 242 onear.
630 197 723 247 cum,
740 198 795 237 aar.
810 199 844 238 rr.

153 275 249 335 radium,
257 289 271 323 u
279 274 300 324 irl
309 276 375 326 estin
385 275 513 339 simplicem
520 274 671 338 coguitionem
679 275 825 340 intelligibilis
833 276 941 327 veritatis.

151 349 181 397 lli
189 346 221 396 sic
231 347 401 410 inteligeuuum
418 351 452 399 est
462 349 521 410 quod
531 347 652 409 Gregorius
661 348 731 411 dicit,
748 348 807 413 quiri
818 365 833 396 u
846 354 936 400 contem

151 419 240 484 plantes
251 419 400 482 corporalium
413 433 488 469 rerum
502 420 593 469 umbras
607 432 652 469 uon
664 432 742 470 seeum
754 421 879 479 trahunt.»
893 421 941 484 quir

150 490 258 541 uidelicet
275 490 299 540 iu
312 491 347 541 eis
360 504 405 541 nou
417 491 477 542 sistit
490 505 568 542 eorum
581 493 759 556 mutemplatio,
775 494 814 543 sed
826 491 904 556 ponus
923 493 941 544 ir

152 562 330 614 consideratione
349 563 498 626 intelligibilis
517 562 630 614 veritatis.

183 635 216 685 ild
224 635 314 685 tertium
326 635 460 697 dicendum,
472 634 533 698 quod
542 649 570 685 ex
578 635 654 685 uerbis
664 635 710 686 illis
717 636 820 700 Gregorii
827 649 874 687 uon
883 638 941 687 datu

151 706 246 770 intelligi
260 706 318 769 quot
328 709 354 758 Β.
364 707 501 758 Benedictus
513 709 584 758 Deum
597 709 622 758 in
631 707 766 760 illu'visione
779 710 941 771 peresseutian

151 778 249 840 riderit3
264 779 303 828 serl
318 781 367 829 rnlt
378 780 497 830 ostendere
510 778 634 845 quidquia
647 779 757 830 «ridenti
771 781 900 830 Creatorem
911 795 941 832 au

153 853 218 914 gusta
230 853 265 900 est
281 851 355 900 omnis
373 856 488 912 creatura,
501 866 516 897 u
531 863 672 912 consequens
685 855 720 902 est
729 851 789 915 quit
801 865 842 915 per
851 851 941 904 illustra

154 923 238 978 tionem
249 921 320 972 divini
327 922 427 982 luminis,
437 924 465 973 de
474 921 537 972 facili
546 922 635 985 possint
643 935 792 986 quacumque
799 923 877 974 citeri.
887 925 941 976 Uul

155 996 229 1046 subdit
243 1011 249 1045 ε
267 994 416 1052 «Quamlibet
424 994 508 1044 etenim
518 1007 599 1058 parum
611 995 640 1044 rle
653 995 704 1046 luce
712 995 819 1046 creatoris
827 999 941 1060 aspexerit

155 1068 224 1119 lisera
240 1067 262 1118 ei
275 1068 300 1118 lit
312 1080 379 1118 omne
388 1069 447 1131 qnod
462 1071 614 1118 creatumest.
624 1082 639 1113 »

444 1245 607 1297 aumonius
622 1245 662 1294 Vl.

160 1373 245 1418 Utrum
261 1371 365 1428 operatio
386 1371 592 1428 contemplationis
608 1372 776 1416 conuenienter
789 1371 941 1428 distinpuotu

221 1449 264 1494 per·
282 1441 330 1482 tres
345 1441 436 1492 motus,
447 1436 605 1490 circulorum,
615 1440 707 1480 rectum
723 1439 746 1479 et
756 1436 885 1493 obliquum.

187 1565 220 1616 ld
232 1568 319 1614 sextum
334 1563 368 1614 sic
382 1563 518 1627 proceditur,
524 1562 617 1612 llirletur
627 1562 688 1626 quud
697 1561 884 1613 inconvenienter
896 1580 941 1631 opi

155 1637 213 1687 ratio
224 1634 420 1698 contemplationis
434 1633 586 1696 distinguatur
600 1647 641 1697 per
651 1638 699 1684 tres
709 1636 797 1694 motus,
808 1635 941 1690 circularem

156 1711 240 1758 rectum
257 1712 280 1757 et
293 1707 425 1770 oliliquum,
439 1705 478 1755 lV.
489 1718 540 1768 cap.
558 1706 595 1754 De
608 1707 657 1754 tiu.
669 1705 773 1756 Nomio.
788 1706 940 1770 contemplat

156 1780 216 1832 euim
230 1779 317 1829 tantim
331 1778 358 1827 ad
377 1777 476 1840 quietem
492 1779 604 1840 pertinet,
620 1776 743 1828 secundum
760 1777 815 1827 illud
827 1779 941 1843 Sopimt

157 1853 206 1903 Vlll
223 1867 228 1900 :
245 1868 259 1899 u
277 1853 365 1900 intrans
379 1849 403 1900 iu
423 1849 515 1899 domurn
534 1862 623 1914 meum,
636 1849 795 1913 conquiescam
808 1864 859 1900 cum
876 1851 932 1905 illa.

158 1924 201 1974 Set
222 1920 379 1986 motusqnieti
397 1919 530 1984 opponitur.
550 1921 600 1971 Nou
616 1934 670 1983 erpo
688 1920 831 1984 operationes
848 1928 941 1980 conten

158 1995 248 2059 platina
262 1993 313 2044 uita
325 2006 365 2056 per
379 1995 454 2042 motus
466 1991 579 2055 designari
595 1993 690 2044 debent.

190 2071 213 2118 t.
229 2067 349 2125 Proterea,
364 2063 423 2113 actio
437 2063 616 2126 coutenrplutiuo
632 2065 685 2114 ritu
700 2066 729 2116 arl
749 2065 892 2115 intellectum
908 2085 941 2132 με

158 2139 230 2201 tinet,
246 2135 369 2188 socrrnrllrm
387 2147 453 2197 quem
472 2135 609 2186 homocum
629 2137 717 2200 angelis
730 2135 850 2186 contenit.
867 2138 918 2191 Sed

159 2210 246 2274 angelis
261 2208 325 2258 aliter
338 2205 439 2269 assignat
455 2207 577 2270 Dionysius
590 2209 632 2258 lios
648 2211 725 2258 motus
737 2207 805 2271 culm
818 2207 843 2257 in
860 2211 941 2266 anima

160 2283 214 2333 dicit
225 2281 285 2332 enim
299 2297 312 2326 u
321 2281 405 2328 mutum
418 2277 549 2329 circularem
561 2280 694 2342 angeliesse
703 2279 829 2330 secuudum
842 2280 941 2339 illumin

159 2353 233 2403 tiones
247 2350 333 2414 pulchri
344 2353 367 2400 et
382 2348 477 2412 boui3»
492 2354 577 2400 motum
591 2357 668 2402 autem
682 2351 813 2402 circularem
823 2351 908 2403 animm
927 2374 941 2410 s

160 2423 258 2474 eundum
279 2422 343 2485 plura
359 2420 503 2470 determinat.
519 2423 617 2480 Quomm
638 2423 734 2487 primum
749 2426 802 2483 est,
820 2439 835 2470 c
848 2422 941 2481 introit

160 2495 241 2546 animo
252 2493 280 2542 alr
294 2491 445 2543 exterioribus
455 2495 482 2544 arl
494 2494 626 2558 scipsam3r
635 2495 761 2545 secundum
771 2498 819 2556 est,
830 2502 941 2557 uquaeda

160 2564 289 2618 conuolutiu
304 2563 338 2629 (l)
355 2564 464 2615 tutulum
484 2566 557 2631 ipsius
573 2579 613 2630 per
628 2579 696 2630 qnam
709 2565 785 2616 anima
804 2566 922 2620 liberatur

193 2737 227 2803 (1)
241 2743 276 2788 Ex
291 2753 366 2798 groco
380 2737 504 2807 συιέλεξει,
519 2740 585 2798 quusi
599 2741 745 2795 conglobatio
762 2741 799 2785 vel
817 2743 938 2800 couplom

161 2813 234 2865 rutio;
251 2814 335 2869 quota
350 2814 460 2860 moderno
473 2813 600 2870 interprete
614 2811 716 2857 redditur
727 2813 850 2872 imitemin,
862 2827 894 2859 an
907 2831 941 2866 sa

163 2873 258 2934 aperte?
272 2878 358 2923 Dicitur
372 2883 449 2922 autem
461 2872 601 2921 consolatio
616 2876 654 2920 oet
673 2877 862 2934 cooptomerotr'o
882 2880 941 2931 oiri

164 2944 230 2993 tom,
244 2942 310 3000 quasi
330 2941 499 3001 potentiorum
518 2939 559 2984 oet
574 2939 736 3000 [ιιιιιιοιιιιιι
751 2944 778 2985 ut
794 2943 819 2986 ot
836 2951 867 2986 ex
889 2953 941 3000 gra
