1917 3317
133 234 163 274 us
177 229 263 274 mnan
277 225 383 274 varmum
399 231 487 274 ΝΛΜ
500 224 721 274 snntbmemronu.
776 220 823 271 sen
914 204 915 207 ¹

53 311 100 370 tono,
110 309 147 363 loc
160 313 220 363 eninr
235 315 271 363 est
282 311 380 376 speciale
389 312 533 376 privilegium
542 313 639 376 Christi,
650 312 690 363 sed
700 327 741 377 per
750 312 823 362 abun·

46 383 124 433 orandam
146 383 241 446 gratie,
257 397 326 447 quam
346 384 369 434 in
389 383 566 436 sanctifican'one
583 387 685 448 recepit,
709 389 733 436 et
752 384 822 434 etiam

49 454 147 512 perfectius
161 469 201 520 per
224 454 324 506 divinam
345 456 510 520 prouidentiam
519 493 527 518 ‚
543 456 710 507 sensualitatem
725 457 776 520 ejus
797 455 825 505 ab

49 524 96 572 onor
110 526 231 578 uomodo
244 530 308 578 notu
327 529 494 592 prohibertem.
505 529 653 579 Postmodum
667 528 722 578 verb
735 528 760 578 in
771 527 824 590 ipsa

50 599 173 660 conceptione
182 599 258 650 carnis
268 599 364 662 Christi,
375 601 401 650 iu
410 613 455 664 pora
464 601 537 664 primo
551 600 630 650 debuit
644 599 754 662 refulgere
767 613 825 663 pec-

49 668 84 744 ¹cati
97 671 231 735 inmunitas,
248 673 384 722 credendum
404 677 440 722 est
461 672 520 736 qubd
537 687 567 722 ex
582 671 646 736 prole
667 670 826 722 redundaverit

49 753 65 784 oo
78 746 171 807 matrem,
188 743 290 794 totaliter
308 743 386 794 fomite
400 745 523 796 subtracto.
536 745 566 793 nt
583 747 627 794 bne
645 746 751 806 liguratur
764 743 826 791 Eze-

56 811 114 868 *lr'ot.,
124 814 200 877 ldddll,
216 815 256 865 ubi
270 813 370 865 dicitur:
388 833 401 864 or
413 817 472 866 Ecce
487 817 557 879 gloria
571 817 611 867 Dei
628 815 697 866 lsrael
711 814 826 878 ingredie-

51 889 98 933 udoo
109 899 145 949 per
156 887 218 937 riam
236 887 388 950 Odentalem,
405 905 419 936 a
434 889 457 938 id
471 892 520 948 est,
534 902 575 952 per
591 888 681 938 beatam
695 886 824 948 Virginem,

56 960 83 1074 cell
91 961 172 1020 terra»
182 960 205 1010 id
216 963 260 1025 est,
270 971 321 1010 cam
332 960 415 1026 ipsius,
429 960 583 1026 «splendebat
593 959 607 1010 l
616 960 735 1024 majestate
744 959 824 1023 ejus»

51 1041 73 1073 *ao
82 1029 117 1079 icet
128 1031 224 1082 Christi.

71 1101 206 1166 ltprimum
221 1113 275 1166 erge
296 1101 430 1165 dicendum,
445 1103 505 1169 qubd
522 1117 582 1155 mors
595 1105 619 1154 et
632 1100 761 1166 hujusmodi
774 1110 827 1163 poe-

49 1171 144 1238 collatos,
155 1175 183 1226 de
195 1188 221 1225 se
231 1187 278 1226 non
288 1175 400 1225 inclinant
410 1178 438 1226 ad
449 1180 568 1240 peccatum
577 1191 584 1239 ;
593 1177 654 1225 unde
667 1174 734 1224 etiam
748 1168 828 1222 Cirris-

57 1256 75 1289 os
88 1245 131 1296 licet
148 1246 300 1309 assumpserit
313 1245 443 1311 hujusmodi
461 1247 619 1310 pecualitates‚
634 1245 735 1295 tomitem
749 1247 827 1292 tamen

56 1328 81 1363 ,ooo
92 1320 220 1384 assumpsit.
238 1318 303 1370 Unde
315 1318 384 1368 etiam
398 1319 421 1368 in
431 1320 498 1368 beata
510 1319 603 1382 Virgine
622 1319 665 1382 (ut
679 1317 725 1366 lilio
737 1315 827 1365 contor-

55 1395 132 1453 oroetnr,
148 1393 177 1442 de
188 1391 256 1456 cujus
265 1389 406 1456 plenitudine
420 1391 515 1454 gratiam
530 1387 676 1454 accipiebat)
689 1387 763 1451 primb
774 1384 826 1450 qui·

57 1471 82 1507 uo
94 1461 133 1511 tuit
144 1462 231 1528 ligatus
242 1463 315 1513 tornes
324 1501 329 1523 ‚
338 1465 361 1512 et
375 1466 455 1526 postea
465 1461 582 1525 sublatus3
592 1472 638 1510 oon
650 1462 725 1509 autem
733 1456 828 1506 liberata

46 1531 76 1578 ‘rit
88 1532 97 1581 'a
110 1541 182 1586 marte
192 1574 199 1597 ,
211 1537 236 1586 et
245 1533 296 1585 aliis
307 1533 438 1598 bujnnomdi
447 1530 628 1597 poenalitatibus.

69 1604 94 1651 ld
106 1607 232 1656 secundum
247 1606 381 1668 dicendum,
396 1605 456 1669 qubd
466 1603 584 1654 infirmitas
597 1601 671 1653 carnis
683 1601 711 1650 ad
726 1599 829 1650 fomitem

55 1677 154 1740 optinens,
163 1683 201 1728 est
215 1677 307 1742 quidem
318 1676 342 1726 in
352 1676 436 1726 sanctis
448 1675 503 1726 viris
514 1675 604 1725 occasio
613 1672 720 1738 perlectae
729 1671 828 1732 uirtutis,

53 1763 77 1793 ,o
87 1754 157 1800 tamen
171 1749 313 1811 causa,sine
322 1761 365 1813 quoa
377 1749 489 1812 perfectio
499 1746 577 1798 baberi
587 1760 634 1796 non
643 1743 726 1809 possit.
738 1743 831 1794 Sufficit

60 1823 100 1870 ton
112 1822 135 1872 in
152 1824 221 1873 beata
238 1821 330 1884 Virgine
344 1833 428 1886 ponere
446 1819 571 1884 perlectam
585 1819 692 1867 mmutem
708 1830 737 1866 ex
758 1816 830 1865 abun·

56 1895 102 1942 *oda
116 1895 214 1958 gratiae,
236 1905 279 1942 nec
294 1895 384 1956 oportet
396 1893 420 1942 in
434 1903 461 1940 ea
474 1903 561 1954 ponere
581 1900 672 1940 omnem
687 1887 830 1938 occasionem

59 1965 182 2016 relectionis.

68 2039 94 2086 td
107 2040 200 2090 tertium
213 2035 344 2099 dicendum,
360 2035 420 2100 qubd
440 2034 538 2100 Spiritus
553 2035 645 2084 sauctus
656 2032 678 2081 in
690 2029 719 2082 Β.
737 2029 831 2095 Virgine

68 2109 136 2167 plicam
146 2109 314 2174 purgationem
325 2109 380 2158 lecit
394 2123 399 2157 :
415 2121 483 2158 unam
497 2107 604 2170 quidem,
619 2105 684 2169 quasi
695 2107 831 2169 praeparato·

65 2193 87 2227 ono
100 2183 125 2231 ed
139 2181 228 2235 Christi
242 2180 429 2244 conceptionem,
445 2193 496 2244 quae
511 2192 556 2229 non
571 2177 614 2228 luit
628 2177 656 2226 ab
669 2177 744 2240 aliqua
757 2177 832 2239 impu-

60 2256 94 2300 :cte
109 2255 182 2319 culpae
195 2253 234 2303 vel
249 2252 349 2313 lomitis;
362 2253 402 2302 sed
412 2255 509 2302 mentem
520 2250 571 2314 ejus
580 2248 654 2312 magis
667 2249 691 2297 in
706 2262 775 2297 unum
786 2247 833 2296 col-

58 2337 101 2372 ons
114 2327 136 2374 et
154 2325 167 2376 d
187 2322 335 2374 multitudine
354 2322 495 2385 subtollens3
510 2335 563 2371 narn
581 2325 605 2371 et
624 2320 699 2383 angeli
721 2318 833 2384 perpuri

56 2407 57 2413 ¹
71 2401 143 2458 cuntur,
154 2397 181 2446 in
200 2395 283 2459 quibus
297 2394 359 2444 nulla
370 2394 487 2458 impuritas
498 2393 621 2455 invenitur,
633 2394 658 2440 ut
667 2391 786 2456 Dionysius
796 2389 831 2454 (t)

63 2466 86 2512 p
98 2469 133 2519 tll.
147 2482 204 2532 cap.
218 2468 257 2518 De
269 2465 443 2517 licomedides.
459 2465 531 2514 liliam
545 2463 598 2515 verb
613 2461 768 2527 purgationem
779 2473 834 2524 ope·

58 2546 92 2586 ¹‘os
105 2543 138 2590 est
152 2538 177 2590 iu
190 2552 220 2591 ea
230 2538 329 2660 {pinitus
341 2541 433 2588 sanctus
446 2536 561 2586 mediante
577 2533 726 2598 conceptione
740 2532 834 2593 Christi,
914 2573 916 2577 .

62 2623 81 2656 ao
94 2612 133 2661 trit
153 2625 217 2678 opus
252 2610 332 2674 piritus
352 2609 437 2672 sancti,
456 2611 479 2658 et
493 2607 617 2657 seeundum
635 2607 679 2656 hoc
697 2607 772 2668 potest
789 2602 834 2652 dici
914 2630 916 2687 L

52 2679 90 2738 :dd
101 2683 211 2748 purgarit
223 2694 275 2732 eam
287 2679 388 2733 totaliter
406 2680 419 2730 a
434 2679 523 2730 tomite.

69 2848 95 2908 tit
111 2855 326 2906 Quatenusmempe
339 2845 353 2890 d
367 2843 583 2891 divinammrerunr
594 2841 722 2888 nescientia
736 2841 836 2896 quadam

45 2912 65 2955 d
81 2927 153 2962 earum
168 2911 332 2972 cognitionem
353 2910 389 2956 vel
406 2908 528 2954 scientiam
542 2905 705 2964 perfectiorem
719 2903 837 2949 addueuu·
914 2906 915 2909 ’

45 2989 80 3029 tur.
93 2991 119 3026 er
131 2977 147 3042 ξ
161 2979 178 3024 θ
192 2977 222 3022 in
232 2973 364 3033 modernis,
378 2973 415 3019 uel
430 2976 484 3030 post
500 2969 601 3016 medium
614 2969 639 3013 in
651 2963 761 3023 antiquis.
