1917 3317
241 214 273 253 ns
288 212 406 257 samana
422 216 527 257 musra.
738 209 784 259 m

64 289 129 349 iustam
138 288 236 343 laborant
247 294 429 357 orarationem,
439 294 555 358 dissutas,
568 294 621 347 idoo
630 308 655 346 ao
664 294 786 347 bominum
852 358 858 365 q

65 362 126 423 sisse,
141 363 188 426 quia
197 365 221 414 ad
234 367 315 427 sonim
329 369 353 416 ot
367 365 521 417 samaritanos
534 368 649 431 apostolos
662 368 784 418 miserit.»

64 432 265 497 rid,quiadbristus
276 436 400 501 percrudis
414 438 543 498 uictoriam,
552 439 636 489 meruit
646 443 786 503 nummatam

66 504 159 555 ominium
174 520 236 571 super
249 511 347 571 gantes3
364 509 424 559 unda
437 509 521 560 dicitur
533 510 679 574 Apocul.,ll
694 527 699 559 :
717 511 786 570 «Qui

64 577 97 639 it,
110 578 161 629 dabo
172 578 202 628 illi
212 582 348 642 pomatatam
357 594 426 645 sapor
437 585 534 645 gantos,
545 582 605 631 siout
619 586 643 633 et
652 594 696 646 ego
706 584 786 647 aooopi

64 654 95 699 ira
105 662 162 713 moo;
173 666 187 697 n
200 653 222 701 et
234 651 340 716 Pottip„
352 653 387 712 ll,
403 652 487 703 dicitur
496 652 557 716 quod
572 670 587 701 u
597 654 652 717 quia
664 655 738 705 lautus
751 658 787 705 ost

64 723 106 771 iens
118 736 183 787 usquo
195 724 221 773 ad
239 726 335 774 mortam
350 724 433 786 orasis,
447 725 507 775 Deus
518 726 628 776 exaltavit
637 725 713 789 illum,
724 730 751 777 ut
760 727 786 778 iu

67 807 90 841 us
108 794 157 843 lesu
170 806 232 844 omno
250 807 310 856 gorra
326 794 443 857 dedatur,
457 798 480 847 oi
496 796 571 847 omnis
584 796 661 860 lingua
676 797 699 849 oi
712 798 783 849 soub-

65 879 80 912 r.
92 881 105 911 n
126 865 152 914 Et
163 864 210 916 ideo
226 868 278 917 anta
295 867 424 931 passionem
438 880 504 919 suam
516 868 591 920 noluit
604 870 710 932 gentibus
722 885 786 934 pras-

64 937 68 983 i
85 950 144 987 suam
160 937 296 1003 doctriuam3
316 940 354 991 sad
368 944 420 1004 post
440 940 573 1003 passionom
587 942 645 993 dixit
658 942 786 1006 discipulis,

64 1010 98 1063 la,
114 1008 152 1058 ult.
170 1010 299 1060 :ulluutos
309 1010 388 1061 dosats
399 1024 477 1061 omues
495 1015 583 1074 genios.
593 1028 608 1059 u
620 1014 786 1077 Proptarquod

64 1080 110 1130 itur
115 1080 194 1138 loun„
204 1081 252 1144 llll,
262 1080 313 1132 adm
323 1081 455 1135 imminente
463 1083 571 1146 passiano
581 1084 674 1149 quidam
682 1085 786 1137 Gentiles

64 1156 79 1201 rt
90 1153 164 1202 lasum
179 1152 264 1217 ridere,
279 1153 396 1216 rospondit
410 1169 416 1203 :
435 1152 507 1204 «Nisi
520 1168 614 1217 granum
626 1155 734 1207 frumeuti
747 1169 786 1207 sa·

64 1222 84 1270 in
97 1227 177 1273 terram
189 1226 301 1273 mortuum
310 1223 387 1285 luerit,
399 1223 474 1287 ipsum
485 1225 559 1275 solum
572 1228 661 1288 maust3
677 1226 697 1276 si
708 1230 787 1279 autom

66 1309 101 1343 um
118 1294 197 1356 fuerit,
210 1294 306 1344 mulium
327 1294 427 1345 frustum
441 1295 516 1347 affert.
535 1311 550 1343 o
566 1297 607 1358 lla,
623 1296 684 1347 sisui
697 1300 803 1359 liugan,

64 1366 117 1415 dicit
132 1366 216 1417 ibidem
229 1366 322 1430 (Tract.
333 1366 363 1416 Ll
373 1366 393 1430 t,
409 1383 423 1415 o
432 1379 456 1417 se
470 1366 560 1417 disobat
577 1381 672 1431 granum
689 1370 785 1420 mortib-

64 1453 82 1486 n
101 1439 125 1487 in
141 1438 275 1489 infidelitate
294 1438 438 1503 Judaeorum,
454 1443 478 1490 ot
496 1439 689 1505 multiplicandum
701 1440 727 1491 in
741 1442 786 1495 lida

64 1524 85 1557 ru
101 1510 246 1574 populorum.
259 1526 273 1557 u

64 1583 159 1633 orimum
177 1595 231 1647 ergo
251 1581 371 1633 diooudum
380 1620 389 1647 ‚
412 1582 472 1648 qubd
492 1582 595 1635 Christus
608 1584 652 1635 luit
668 1584 692 1635 in
708 1585 787 1637 lumen

64 1658 116 1703 tom
127 1654 232 1717 gentium
245 1668 285 1720 par
300 1654 423 1719 discipulos
434 1668 498 1718 auos,
507 1668 565 1719 quos
576 1656 606 1706 ad
617 1656 786 1719 praedicandum

65 1740 88 1775 rs
106 1726 179 1777 misit.

65 1798 195 1849 secuudum
208 1798 344 1859 dicandum,
359 1797 419 1861 qudd
431 1812 478 1851 non
498 1806 534 1850 est
547 1800 642 1853 minoris
651 1800 786 1866 potastalis,

68 1870 146 1933 juris,
161 1870 241 1921 lacero
257 1870 342 1932 aliquid
356 1882 397 1933 uer
410 1870 475 1934 alios,
496 1870 564 1934 ouban
574 1886 616 1937 por
631 1873 743 1936 seipsum.
757 1872 788 1925 lit

76 1943 120 1991 boc
135 1940 240 1993 maximi
252 1944 352 2005 potestas
363 1941 441 1991 diviua
454 1941 478 1993 iu
492 1942 582 1993 Christo
595 1949 719 1995 monsuata
733 1948 785 2008 ast,

65 2013 177 2077 iscipulis
191 2011 243 2063 suis
256 2016 343 2063 tautam
355 2012 463 2065 uirtutum
477 2014 574 2065 contulit
589 2015 614 2065 iu
632 2016 746 2078 docendo,
761 2020 787 2067 ut

70 2099 127 2148 quaa
138 2084 201 2135 nibil
213 2086 242 2135 do
253 2084 341 2136 Christo
349 2084 482 2147 audierant,
493 2090 652 2137 converterent
662 2086 786 2151 adipsum.

65 2172 77 2205 3
93 2160 176 2207 autom
191 2156 278 2208 Christi
294 2156 318 2205 iu
335 2156 436 2208 docendo
449 2157 585 2219 attenditur,
595 2162 619 2209 et
632 2161 743 2221 quantum
757 2160 787 2211 ad
880 2159 883 2165 '

65 2242 83 2277 a
96 2242 141 2291 par
149 2241 206 2293 quae
220 2227 345 2279 doctrinam
356 2242 420 2279 suam
431 2228 586 2293 confirmabat,
601 2233 624 2279 st
635 2232 745 2293 quantum
759 2230 787 2281 ad

72 2314 97 2348 m
109 2299 285 2365 persuadendi,
301 2304 324 2350 et
333 2307 442 2363 quantum
457 2302 485 2351 ad
495 2300 650 2352 auctoritatam
665 2302 787 2369 loquantis,

70 2372 180 2422 uebatur
195 2372 264 2435 quasi
274 2371 399 2423 dominium
412 2372 499 2423 habeus
511 2374 675 2437 sunanegam,
688 2373 739 2423 oium
754 2372 788 2424 di-

66 2459 84 2490 «
98 2444 153 2505 Ego
169 2448 252 2495 autem
266 2442 315 2493 diso
331 2442 414 2506 uobis;
429 2460 443 2491 »
459 2448 484 2494 at
497 2443 566 2495 otiam
577 2448 686 2508 quantum
698 2446 726 2495 ad
738 2444 788 2495 uir-

71 2514 222 2577 ctitudinis,
235 2527 303 2579 quam
312 2514 337 2565 in
349 2528 389 2565 sua
400 2515 571 2567 sonuorsationo
578 2516 726 2581 monstrabat,
737 2516 787 2569 siue

72 2586 200 2637 vivendo.

66 2659 147 2707 rliurn
169 2658 314 2721 dicandum,
332 2657 393 2722 qubd
413 2658 472 2710 sicut
494 2658 599 2709 Christus
619 2673 665 2710 nou
685 2658 789 2711 debuitd

66 2754 68 2771 ·
96 2729 272 2781 indifferenter
295 2730 423 2782 Gentilibus
443 2726 507 2781 airam
524 2729 647 2781 doctrinam
661 2730 789 2781 communi·

66 2818 69 2849 :
92 2802 192 2853 Judaeis
204 2806 314 2867 tauquam
323 2801 476 2866 primogenito
485 2803 570 2867 populo
581 2802 671 2852 deditus
681 2801 789 2853 observa·

66 2890 73 2922 r
94 2873 175 2923 eliam
189 2888 242 2925 non
251 2873 330 2923 debuit
340 2874 442 2923 Gentiles
455 2874 548 2925 omnino
557 2873 681 2936 repellero,
692 2885 721 2922 us
734 2886 789 2937 spos

69 2959 90 2996 s
106 2945 310 3009 prsdudaratm.
325 2944 354 2997 Et
364 2948 456 3009 proptor
469 2946 514 2996 bos
522 2943 594 3009 aliqui
600 2942 725 2995 dsutilium
735 2957 788 3008 par·
