1917 3317
280 207 314 246 nn
328 207 404 247 srurn
418 209 564 256 macroris.
778 182 824 249 fif

83 280 98 325 3·
109 279 201 334 fratem
208 321 217 347 ‚
228 300 245 333 s
256 285 331 336 virtus
343 286 368 336 in
381 288 455 338 medio
467 288 588 350 consistit,
600 302 615 335 u
626 291 654 338 ut
664 287 745 338 dicitur
756 287 780 338 ia
791 289 823 338 11.

60 346 118 400 illic.
130 356 190 418 (cap.
206 359 234 419 5,
248 357 299 406 sive
314 358 358 421 o).
373 357 416 408 Sed
428 359 467 410 ille
484 359 523 423 qui
536 360 612 410 omnia
625 359 717 410 dimittit
729 373 772 423 per
784 373 825 410 ro·

58 415 145 473 lulianam
156 431 326 491 paupertatem,
339 441 387 478 nou
404 429 492 480 uidetur
508 431 532 480 iu
546 430 620 482 medio
632 431 771 494 consistere,
784 431 825 482 sed

57 493 109 551 nans
123 496 143 545 in
157 503 267 550 eudemo.
284 500 342 562 Ergo
365 514 412 551 nou
429 501 476 565 agit
497 501 611 565 virtuose,
626 506 650 552 et
669 501 703 553 ita
718 503 764 552 hoc
777 516 824 553 non

57 563 129 620 ltrtinet
139 571 162 619 ad
173 572 227 622 vita
240 571 416 636 perfectionem.

67 636 97 711 ¹l·
108 637 198 693 detersa
209 683 216 704 ,
228 643 309 707 ultima
332 644 443 708 perfectio
460 643 559 696 hominis
572 645 597 695 iu
609 645 749 696 beatitudine
767 659 823 697 con·

57 709 106 756 sistit.
117 711 151 762 Sed
168 714 255 766 diuitiae
275 716 398 766 conferunt
415 717 443 766 ad
463 717 643 779 beatitudinem,
659 717 743 767 dicitur
763 718 824 768 cuim

59 775 202 842 dulesdiflll
212 801 220 836 z
232 804 246 834 u
256 787 340 838 Beatus
351 787 417 837 diues
425 789 464 851 qni
477 789 585 838 inuentus
594 792 629 837 est
642 787 691 838 sine
701 788 796 848 maculas
808 805 823 836 n

54 851 70 894 et
80 851 209 920 Philosophus
228 859 285 908 dicit
298 859 324 908 in
336 859 354 908 l.
375 860 470 915 utute..
484 860 555 923 (cap.
570 862 615 921 rt,
630 859 668 908 uel
689 862 719 907 lo
729 859 748 923 )‚
764 858 825 922 qudd

52 925 160 985 «organici
176 929 262 980 divitie
276 928 408 979 deserviunt
426 931 455 980 ud
478 930 649 980 felicitatem.»
665 930 722 992 firgo
739 930 824 980 uolun-

50 993 91 1041 taria
103 1007 210 1062 paupertas
220 1015 267 1051 nou
284 1001 408 1064 requiritur
419 1001 446 1050 ad
460 1001 625 1065 perfectionem
637 1000 763 1063 religionis.

74 1070 91 1112 5.
104 1070 201 1124 tramea
212 1113 219 1136 ‚
229 1077 305 1124 status
322 1073 480 1137 episcoporum
491 1077 527 1124 est
535 1073 657 1136 perfectior
669 1071 737 1136 quim
750 1075 823 1122 sutus

49 1135 149 1198 relidonis.
161 1145 202 1195 Sed
221 1144 329 1208 episcopi
350 1149 445 1208 possunt
467 1145 583 1210 proprium
600 1145 698 1206 habere,
711 1147 736 1192 ut
754 1141 823 1207 snprd

47 1203 127 1260 lulitun
140 1219 172 1264 est
186 1217 246 1280 (qu.
261 1220 319 1277 185,
331 1221 376 1265 art.
388 1221 401 1264 6
414 1215 431 1279 l.
447 1217 505 1278 Ergo
520 1220 544 1266 et
556 1215 666 1279 religiosi.

72 1284 90 1327 6-
107 1283 225 1350 Preterea,
242 1289 296 1338 dare
313 1287 496 1352 eleemosynam,
520 1292 556 1338 est
578 1301 635 1352 opus
656 1285 756 1338 maxime
775 1287 824 1337 oso

52 1357 156 1420 acceptum,
165 1363 197 1420 et,
214 1360 274 1410 sicut
291 1359 469 1423 Chrysostomus
483 1359 538 1409 dicit
548 1359 645 1423 (homil.
659 1359 699 1419 lli,
713 1359 738 1407 iu
751 1358 823 1421 epist.

51 1421 76 1466 td
85 1425 158 1493 fleta.)
171 1448 185 1477 ιι
194 1431 389 1481 medicamentum
402 1431 461 1493 quod
473 1430 573 1480 marinii
585 1430 609 1478 in
621 1430 755 1494 poenitentia
772 1442 826 1493 ope

53 1497 180 1552 ullusseq
201 1505 327 1566 paupertas
348 1501 449 1552 excludit
472 1501 668 1565 eleemosynarum
687 1501 823 1562 largitatem.

54 1560 95 1624 Ergo
105 1569 180 1624 dictur
194 1573 256 1638 quod
276 1578 400 1638 paupertas
419 1575 447 1624 ad
460 1573 625 1639 perlectionem
642 1571 760 1636 religionis
777 1585 824 1623 non

51 1637 143 1693 pertineat,
493 1676 495 1679 .

73 1706 107 1758 Sed
118 1719 185 1765 contra
211 1718 263 1780 est,
279 1717 341 1780 qnod
359 1715 482 1780 Gregorius
502 1715 559 1767 dicit
572 1717 630 1766 Vill.
652 1716 747 1767 itcrat.
767 1715 822 1778 (tiz

46 1781 113 1830 osuiu
123 1788 219 1838 nonnulli
239 1788 369 1852 justornm,
381 1788 421 1851 qui
436 1789 462 1838 ud
480 1789 717 1852 comprehendendum
733 1787 824 1836 culmen

44 1852 165 1907 lerlectionis
179 1859 288 1923 accincti,
305 1861 362 1910 dum
377 1860 455 1910 altiora
468 1858 566 1910 interius
583 1864 709 1924 appetunt,
723 1858 824 1908 exterius

44 1930 109 1975 comta
121 1928 284 1995 derelinquunt.
299 1933 371 1982 »Sed
386 1930 473 1994 accingi
487 1933 515 1982 ud
526 1931 764 1994 comprehendendum
778 1930 825 1980 cul-

43 2005 84 2043 nen
100 2001 255 2065 perfectiouis,
267 2003 362 2068 proprie
381 2004 478 2067 pertinet
497 2005 525 2054 ad
548 2004 684 2067 religiosos,
701 2008 725 2053 ut
738 2004 825 2054 dictum

45 2071 69 2110 itt
80 2066 127 2128 (ort.
137 2077 148 2121 l
157 2080 180 2123 et
189 2077 228 2138 a).
239 2076 300 2138 Ergo
315 2075 349 2126 eis
360 2076 469 2139 competit
485 2079 512 2125 ut
528 2089 571 2139 per
580 2075 729 2126 uoluntariam
740 2087 825 2139 paupe·

45 2137 97 2187 talen
107 2149 183 2195 cuncta
197 2145 301 2198 exterius
313 2146 479 2209 derelinquant.
827 2173 831 2180 .

71 2212 76 2268 t
85 2213 215 2268 toncsusro.
232 2246 266 2256 -
281 2218 316 2268 ud
339 2217 503 2281 perfectionem
528 2216 643 2268 chariutis
664 2223 688 2268 et
706 2215 824 2280 religionis

52 2288 148 2336 sesessaria
163 2293 198 2338 est
212 2295 336 2354 paupertas
350 2288 506 2351 voluntaria.)

75 2353 187 2420 lespoudeo
201 2361 333 2422 dicendum,
345 2357 405 2424 qudd
416 2360 475 2409 sicut
487 2359 555 2424 sopri
563 2359 650 2410 dictum
662 2363 697 2410 cst
709 2360 769 2426 (art.
780 2362 822 2422 Ξ),

59 2423 106 2472 orus
114 2431 226 2494 religionis
246 2435 281 2483 est
298 2433 412 2496 quoddam
430 2432 578 2492 exercitium,
593 2437 616 2481 et
636 2431 770 2496 disciplina,
784 2444 825 2496 per

60 2500 234 2560 llanpsrucnitnr
246 2505 273 2554 ad
288 2503 453 2568 perfectionem
470 2503 594 2553 charitatis.
609 2503 644 2552 ld
659 2504 718 2565 quod
732 2504 824 2566 quidem

61 2572 173 2634 ulwurm
185 2581 222 2626 est
232 2575 293 2640 qudd
307 2575 390 2638 aliquis
400 2574 505 2624 affectum
519 2588 584 2624 suum
598 2575 699 2625 totaliter
708 2576 825 2624 abstrahat

59 2637 124 2692 arelo
143 2647 276 2712 mundanis3
292 2646 347 2698 dicit
365 2647 426 2696 enim
450 2646 588 2710 Augustinus
609 2647 635 2696 iu
657 2648 687 2697 lt:
711 2648 822 2711 consess.

83 2797 170 2864 litun
179 2808 355 2862 ittudnlmfrum
365 2811 424 2861 dod.
434 2811 481 2858 uu
494 2827 500 2856 ι
512 2813 657 2869 desperant.
669 2820 822 2870 aequuum

63 2856 105 2906 “itt
113 2869 156 2924 lon
171 2876 269 2926 duom,
282 2880 308 2922 ut
320 2886 373 2932 nup.
389 2873 419 2918 tt
431 2875 457 2918 in
469 2875 588 2921 modernis
601 2875 771 2936 exemplaribus
783 2871 823 2917 ri·

60 2919 142 2993 dtttttl,
154 2937 201 2984 sire
216 2949 269 2996 cap.
285 2935 315 2984 te
330 2937 355 2983 in
368 2937 478 2994 antiquis.
