1917 3317
251 15 260 54 l

246 206 278 241 nr
291 204 617 243 nrmusaaarormoaerarr.
785 194 830 244 att
925 240 926 253 ,

67 280 220 344 (mansio.
232 306 262 318 -
271 280 329 329 (lum
345 280 499 331 manifestatio
512 294 553 345 per
562 281 628 345 signa
641 280 763 331 familiaria
781 281 832 333 fleri
925 266 926 305 7

36 352 143 415 labuerit,
158 351 323 402 convenienter
339 352 425 401 Christi
436 351 552 415 nativitas,
565 352 635 415 justis
649 366 689 417 per
701 353 830 417 inspiratio·

35 436 97 484 raon,
110 422 252 487 pastoribus,
267 422 320 485 quia
339 422 412 473 ludaei
430 426 509 483 erant,
526 436 567 486 per
583 425 688 487 angelos,
703 429 727 474 et
741 424 832 487 magis,

41 499 105 555 utpote
121 494 281 557 incorporem
299 493 427 544 caelestium
445 494 639 558 contemplatione
655 495 768 555 assuetis,
789 509 832 561 per

44 565 114 614 tellam
125 565 274 615 manifestata
286 566 345 627 est.)

60 638 193 701 llespondeo
215 636 353 698 dicendum,
369 636 431 700 pulli
450 637 509 686 sicut
522 636 676 687 manifestatio
692 638 831 702 syllogistica
921 628 923 635 ’

38 713 52 755 .l
65 722 104 770 per
115 722 142 759 ea
158 722 211 772 quae
227 713 281 758 sunt
296 707 368 770 magia
378 712 434 757 uota
447 708 470 759 ei
480 708 518 758 eui
529 713 565 758 est
578 708 664 771 aliquid
678 708 830 760 manilestaa·

43 795 87 840 uu,
98 783 130 832 ita
144 778 365 842 manifestationum
378 780 403 829 lit
413 794 454 844 per
464 780 539 843 signa,
550 780 618 830 debet
627 779 675 830 lieri
687 794 728 844 per
739 793 766 833 ea
781 794 832 845 quta

43 859 75 900 unt
83 852 204 903 familiaria
214 852 262 901 illis
270 850 354 913 quibus
365 851 532 901 manifestatur.
543 851 689 901 Manifestum
701 856 830 917 celantem,

42 925 81 972 trull
94 924 151 973 viris
166 923 239 987 justis
254 926 292 972 est
305 922 417 973 tanrmre
430 926 453 973 et
466 926 601 973 consuetum
613 923 715 973 interiori
729 924 829 988 Spiritus

42 995 93 1044 :noti
102 995 216 1047 instinctu
226 994 334 1051 edoceri,
345 995 430 1057 aisque
440 995 557 1055 signorum
568 995 709 1045 sensibilium
720 996 830 1047 demona-

39 1068 134 1130 utiono‚
152 1066 243 1115 scilieet
256 1078 297 1129 per
313 1064 420 1128 spiritum
432 1064 567 1129 pmpnette.
589 1066 631 1115 ttli
644 1066 700 1116 verli
719 1080 830 1131 corpora-

41 1149 78 1187 ·rus
95 1138 168 1188 rebus
185 1136 275 1195 dediti,
290 1149 333 1198 per
345 1135 458 1185 sensibilia
470 1138 498 1185 al
509 1136 662 1200 intelligibilia
676 1136 829 1189 adducuntur.

40 1210 87 1259 alei
103 1213 186 1259 autem
197 1207 303 1257 consueti
316 1211 383 1257 erant
395 1207 471 1256 divina
482 1220 592 1271 respousa
603 1220 644 1270 per
658 1208 755 1270 lagatos
766 1208 831 1259 acei-

42 1294 84 1342 re,
96 1294 142 1345 per
157 1292 219 1341 quos
230 1279 300 1327 etiam
309 1278 382 1342 legem
394 1282 543 1341 acceperant,
555 1276 680 1329 secundnm
691 1279 746 1328 illud
760 1282 829 1339 Aet„

40 1353 55 1399 tl
72 1368 78 1403 :
98 1371 113 1401 a
129 1349 263 1413 accepistis
275 1350 349 1412 legem
366 1349 390 1399 in
411 1348 562 1412 dispositione
576 1349 721 1412 Angelorum.
736 1366 750 1396 o
763 1352 831 1401 Gen-

44 1438 67 1472 se
79 1437 142 1475 vero
153 1425 179 1473 et
195 1419 297 1471 maxime
311 1420 422 1482 Astrologi
434 1420 538 1469 consueti
552 1423 606 1469 aunt
616 1420 731 1469 stellarum
746 1433 828 1473 eumue

42 1496 141 1559 pluere.
166 1494 197 1543 Et
216 1491 268 1543 ileo
284 1492 372 1555 justis,
387 1491 474 1541 scilicet
493 1491 596 1542 Simeoui
611 1495 633 1541 el
648 1494 734 1553 lune,
756 1492 830 1541 mani-

41 1574 92 1618 -tate
111 1568 153 1619 est
164 1562 254 1616 Christi
267 1563 377 1617 nativitas
386 1576 427 1626 per
437 1562 570 1613 interiorem
584 1563 717 1613 instinctum
731 1562 832 1626 Spiritus

47 1642 93 1704 toti,
110 1634 248 1690 secundnm
260 1635 316 1685 illud
330 1642 400 1692 nnc„
415 1636 434 1684 ll
447 1650 454 1684 ε
466 1652 480 1681 u
495 1635 639 1698 Responsum
652 1633 740 1698 aceepit
754 1634 766 1684 l
780 1634 832 1698 Spi-

46 1730 56 1763 u
70 1715 176 1771 sancto,
190 1720 240 1758 non
253 1707 354 1757 visurum
364 1719 390 1758 se
401 1712 512 1768 mortem,
528 1705 572 1755 nisi
583 1706 647 1769 priirs
659 1706 832 1759 videretcnrtss

44 1801 55 1833 u
80 1781 194 1836 Domini.
212 1796 226 1825 u
241 1778 376 1829 pastoribus
397 1783 474 1829 autem
493 1782 517 1828 et
530 1780 619 1841 magis,
633 1782 742 1841 tanquam
762 1778 831 1831 rebus

40 1856 177 1920 puratttms
189 1850 291 1911 deditis,
304 1851 447 1901 manifestata
458 1854 494 1900 est
506 1850 591 1899 Christi
604 1850 712 1899 nativitas
726 1850 831 1914 pervisi-

43 1945 63 1979 .,·5
82 1924 265 1994 apparitiones.
287 1923 315 1971 Et
329 1923 383 1985 quia
401 1922 509 1971 nativitas
527 1933 574 1972 non
588 1920 703 1985 eratpnre
724 1925 826 1983 terrena,

43 2015 47 2026 ·
63 1994 248 2064 quodammodo
264 1992 379 2055 roelestis,
392 1994 443 2043 ideo
463 2006 505 2056 per
526 1993 591 2055 signa
605 1992 708 2044 coetestia
727 1994 829 2057 utrisque

43 2074 87 2123 listi
108 2066 235 2123 nativitas
248 2066 377 2125 revelatum
395 2068 421 2114 nt
433 2064 496 2114 onim
511 2064 653 2127 Augustinus
670 2064 724 2114 dicit
740 2065 764 2115 iu
780 2078 830 2115 ser-

45 2162 69 2195 pe
87 2148 127 2196 De
140 2130 302 2203 Epiphanio
319 2136 364 2200 (t),
378 2153 393 2183 u
406 2136 484 2186 leos
495 2135 572 2199 angeli
587 2133 703 2198 trahitant,
716 2139 741 2185 et
754 2136 828 2187 stalera

49 2224 100 2281 aut3
117 2212 237 2274 utrisque
252 2221 306 2272 erpo
323 2208 375 2258 coeli
389 2211 497 2258 enarrant
512 2206 607 2270 gloriam
626 2206 674 2256 liei.
692 2222 706 2253 a
722 2206 829 2257 Rationa-

48 2303 79 2338 ἐτ
97 2290 189 2339 autem
216 2280 361 2343 pastoribus.
380 2283 487 2341 tanquam
507 2278 604 2340 ludaeis,
621 2277 680 2340 apud
701 2290 758 2340 quos
779 2278 830 2329 tre-

42 2368 97 2411 uler
114 2358 197 2408 taeta
217 2354 275 2399 aunt
288 2348 443 2412 apparitiones
461 2349 608 2412 angelornm,
623 2348 722 2399 revelata
736 2352 771 2399 est
784 2360 831 2399 na-

46 2445 76 2481 ·as
90 2424 194 2484 Christi
205 2434 252 2487 per
265 2421 381 2483 Ampelon
392 2420 465 2483 magis
478 2424 566 2480 antem,
578 2420 675 2470 assuetis
690 2418 713 2469 iu
724 2420 831 2471 consida-

54 2519 86 2555 ,ιω
110 2494 262 2553 coelestinm
288 2505 424 2555 corporum,
443 2491 588 2540 manitestata
614 2494 650 2541 est
677 2504 718 2555 per
739 2489 831 2554 signum

54 2590 84 2638 ae;
98 2573 187 2639 quia,
204 2568 235 2615 nl
255 2564 433 2627 Chrysoslomus
451 2561 505 2610 dicit
512 2598 519 2623 ,
533 2574 600 2624 uper
612 2566 720 2611 consueta
733 2574 773 2611 eoa
786 2562 830 2611 Do·

51 2663 73 2697 :15
93 2653 192 2699 vocare
214 2634 304 2694 voluit,
320 2634 355 2684 eis
365 2634 560 2684 condescendens.
577 2648 592 2679 u
606 2634 647 2682 list
662 2636 737 2682 numm
748 2635 772 2680 et
784 2630 830 2681 alia

41 2732 68 2783 ,p3
79 2718 142 2784 quta
149 2752 162 2779 ,
184 2713 214 2761 ut
239 2704 363 2768 Gregorius
381 2703 451 2767 (licit,
467 2720 482 2751 a
498 2702 602 2767 iudeis,
614 2707 722 2765 mnpnaru
740 2702 830 2751 ratione

44 2873 62 2922 ll
76 2876 136 2920 reon
146 2859 275 2922 expresse
289 2860 313 2905 lu
322 2857 470 2905 sermonibus
479 2857 519 2913 qul
529 2868 591 2902 unne
602 2860 694 2909 artatur
708 2854 749 2899 aed
759 2852 793 2899 rio
803 2852 830 2899 ln

33 2925 85 2997 μὴ,
95 2923 270 2989 ampliclttl
282 2922 355 2969 serm.
367 2921 436 2968 nm
447 2920 476 2965 llo
489 2919 597 2966 diversis.
