1917 3317
135 186 156 223 nn
167 188 351 225 amrinunrmus
368 186 401 225 nn
415 188 538 225 nmirum
552 188 579 226 m
595 189 705 227 cunisro.
770 180 818 227 ιιι

55 259 160 325 orinatum
171 278 242 327 neque
254 264 352 327 eoquod
364 264 451 315 diuersa
464 270 517 315 siunt
527 270 683 330 operamenta,
694 265 747 315 ideo
760 266 818 315 duas

49 336 152 388 meretrices
164 340 254 385 naturas
265 339 332 399 atque
342 336 426 385 iormas
436 337 497 401 juste
507 338 634 387 defluimus.
644 354 658 384 n
676 338 721 387 Sed
734 338 760 386 in
771 340 816 385 troo

50 400 194 470 [remistanium
206 407 259 467 iunia
273 406 331 455 aetio
343 406 394 470 ejus
404 408 464 469 quod
475 414 578 457 moretur
589 410 617 458 ab
625 410 709 471 altem,
721 414 757 458 εει
771 408 816 458 dn·

51 482 85 518 ιιιι
97 488 145 523 :nna
152 478 260 541 quidem,
276 490 343 539 quem
359 478 427 527 hebet
441 480 566 528 secondum
578 480 691 544 propriam
708 479 816 539 formam,

51 541 80 587 trin
91 554 148 595 autem
158 562 223 611 quam
238 549 308 598 hebet
317 550 443 598 secuntum
455 551 517 612 quod
528 554 631 600 movetur
644 551 672 599 ais
683 551 742 612 eiio;
756 550 819 599 siout

53 615 111 662 :oriris
120 620 211 681 operatio
225 618 351 669 secunaum
364 621 477 683 propriam
489 622 604 684 formam,
619 627 654 672 est
667 621 766 681 incisio,
781 635 818 672 se-

59 683 116 735 miim
132 694 202 740 autem
225 691 285 753 quod
308 695 413 741 movetur
430 692 458 741 ab
476 692 579 750 artifice,
595 693 697 755 operatio
716 694 767 755 ejus
782 696 819 742 est

61 766 99 803 ἱἰιι
111 772 227 811 scamnum.
247 762 353 825 Operatio
367 762 444 824 igitur,
459 777 510 826 qum
525 768 561 813 est
574 765 671 826 aiicujus
683 765 715 812 rei
730 777 818 813 seeun-

62 838 84 871 m
95 842 145 880 suam
155 834 266 893 iormam,
282 839 316 883 est
330 834 421 896 proprie
433 834 496 897 ejus,
507 848 551 883 nee
565 836 664 897 pertinet
679 836 706 883 ad
718 847 816 884 moven-

59 912 89 955 m,
101 901 136 949 uisi
146 905 271 953 secundum
283 906 342 967 quod
357 903 427 953 utitem
440 906 573 963 hujusmodi
582 919 607 954 re
617 907 644 953 ad
661 918 724 954 suam
738 916 819 967 opera·

69 982 114 1032 nen3
123 974 178 1023 siout
190 976 319 1025 calefacere
331 979 369 1025 εει
378 976 467 1039 propria
478 977 582 1040 operatio
593 976 654 1037 ignis
665 1016 671 1036 ,
685 990 730 1026 non
740 981 817 1025 autem

61 1039 90 1099 ιι,
103 1043 141 1093 nisi
155 1051 270 1107 quatenns
284 1048 355 1095 utitur
367 1046 420 1107 igue
433 1048 458 1096 ad
474 1048 655 1097 calefaciendum
666 1047 759 1097 terrum.
772 1045 818 1096 Sed

62 1118 162 1174 ¹[uenatio
178 1130 232 1180 qnae
249 1120 285 1166 est
302 1118 336 1166 rei
355 1118 429 1167 sotum
449 1119 575 1167 secundnm
590 1118 649 1181 qnod
664 1123 768 1167 moretur
789 1116 818 1167 ab

59 1200 84 1235 o,
95 1199 128 1235 non
146 1190 240 1238 estatio
256 1192 337 1252 praeter
353 1190 511 1253 operationem
527 1190 642 1239 mouentis
655 1190 745 1253 insum3
758 1188 818 1237 sieut

67 1270 92 1303 ur
101 1273 221 1323 scamnum,
240 1273 288 1310 non
309 1265 345 1310 est
358 1274 460 1311 seorsum
475 1260 578 1326 operatio
593 1262 679 1310 securis
693 1262 721 1309 ab
735 1273 817 1325 opem·

66 1340 84 1373 ne
94 1333 176 1382 artificis
187 1334 238 1396 (t),
255 1332 293 1381 sed
308 1332 395 1381 securis
407 1333 527 1396 participat
542 1331 746 1381 instrumentaliter
759 1345 817 1395 ope·

66 1411 116 1449 ’mm
125 1404 226 1453 ertiiieis.
239 1402 269 1453 [tt
278 1402 329 1452 ideo
342 1404 478 1467 ubicumque
494 1417 590 1453 mouens
601 1407 624 1453 et
633 1408 719 1452 motum
731 1403 818 1453 habent

62 1483 107 1517 mas
119 1474 201 1525 immas
216 1486 262 1523 seu
280 1474 377 1523 uirtutes
398 1477 539 1537 operatium,
557 1474 590 1523 ibi
603 1478 695 1537 oportet
707 1473 768 1535 quod
787 1473 818 1523 sit

58 1556 65 1581 ι
83 1546 170 1601 operatio
188 1544 324 1603 inserentis,
340 1548 363 1592 et
385 1546 428 1595 alie
450 1547 552 1608 operatio
568 1547 658 1609 propria
673 1542 747 1605 moti,
764 1543 819 1592 iicet

63 1617 96 1659 ‘irin
112 1614 235 1680 participet
253 1614 411 1677 operationem
433 1619 563 1677 murentis3
581 1620 605 1665 ει
625 1627 721 1664 movens
741 1616 818 1662 utatur

66 1684 133 1735 sartione
144 1688 211 1748 moti,
228 1689 254 1735 et
269 1686 303 1734 sie
317 1690 438 1749 utrumque
453 1692 505 1749 agat
520 1700 571 1735 cum
586 1684 748 1735 communione
761 1686 819 1734 atte-

58 1772 71 1797 r.
82 1754 111 1803 iis·
122 1758 190 1822 igitur
203 1759 231 1808 in
245 1756 342 1807 Christo
355 1760 454 1805 humane
467 1764 548 1807 natura
562 1758 632 1806 habet
646 1756 757 1819 pmpriam
770 1756 818 1805 ior·-

57 1838 71 1870 m
87 1832 106 1875 et
122 1830 235 1879 uirtutem
244 1866 253 1891 ,
268 1840 310 1891 per
331 1841 399 1890 quam
424 1832 545 1891 operatum
567 1831 591 1877 et
609 1828 714 1877 similiter
727 1826 816 1877 divine.

57 1909 74 1939 r
86 1900 174 1949 hismeria
198 1904 288 1950 natura
301 1899 371 1949 habet
386 1900 499 1962 propriam
515 1898 670 1962 operationem
686 1899 818 1947 distinctam

66 1971 172 2024 uenatione
183 1972 282 2033 divina,
295 1972 319 2019 et
337 1970 491 2033 iconiorum
508 1975 622 2019 ettamen
639 1969 716 2019 divina
736 1973 818 2018 natum

66 2046 213 2103 muneratione
229 2047 324 2092 nature
337 2042 451 2103 humanm,
465 2042 524 2091 sieut
538 2040 670 2104 operatione
685 2038 720 2089 sui
733 2041 818 2090 iustru-

68 2117 90 2169 tr,
107 2119 127 2162 ει
146 2116 263 2164 similiter
291 2116 374 2161 natura
397 2114 498 2161 humana
520 2111 642 2177 participet
659 2112 816 2174 operationem

63 2196 85 2229 'ue
105 2192 189 2237 naturae
199 2224 209 2250 ,
230 2186 299 2234 sicut
320 2183 497 2231 instrumentum
520 2183 643 2245 participat
660 2181 817 2245 onerationem

74 2259 127 2314 issatis
146 2257 244 2320 agentis
262 2270 270 2303 ε
289 2255 369 2303 etheo
387 2257 423 2302 εει
438 2254 499 2316 qrnod
513 2252 569 2303 dicit
581 2253 628 2303 Leo
647 2254 706 2315 Papa
721 2252 745 2300 in
763 2252 817 2315 Epi·

61 2327 110 2374 ’sed
127 2329 296 2379 Flavianum
316 2338 325 2372 :
344 2340 359 2371 rr
373 2324 425 2387 Agit
444 2330 537 2388 utraque
559 2325 631 2374 forma
649 2324 755 2387 (soitinet
769 2326 817 2373 tam

60 2410 82 2441 ιε
97 2400 184 2463 timna,
202 2400 285 2463 quem
299 2396 403 2445 hnmana
418 2392 443 2442 in
454 2395 559 2454 Christo)
576 2408 629 2443 eum
644 2393 736 2443 alterius
749 2406 816 2443 eom-

68 2480 119 2524 me,
131 2474 191 2535 quod
214 2467 346 2535 proprium
363 2470 416 2523 est,
433 2467 505 2516 Verbo
522 2466 609 2516 scilieet
630 2468 740 2529 operante
755 2464 817 2527 quod

61 2574 74 2583 ..
83 2546 117 2605 εει,
129 2548 152 2594 ει
164 2557 239 2595 eamne
263 2542 398 2601 exequente
408 2538 466 2599 quod
478 2536 552 2588 carnis
568 2542 611 2587 εει.
625 2553 638 2583 n
652 2536 678 2585 Si
690 2536 743 2587 uero
756 2535 818 2585 esset

61 2646 65 2681 ι
85 2651 153 2708 Neque
165 2652 254 2713 qimand
265 2646 482 2706 specificationum,
494 2660 571 2704 neque
581 2644 815 2703 quoao'exercistum‚

65 2714 168 2766 ssimum
183 2712 274 2776 quoad
293 2709 492 2768 ερεειίιεειιεεειε
507 2717 544 2755 est
558 2711 603 2756 ntia
618 2708 723 2765 operatio
742 2708 772 2751 ab
785 2717 815 2777 ει

72 2782 145 2833 nunnae
156 2783 221 2828 fabri
235 2782 295 2834 est,
307 2773 363 2819 licet
374 2773 450 2829 quoad
460 2774 595 2819 exercitium
609 2772 639 2816 sit
653 2770 734 2815 eadem
741 2802 748 2839 ξ
759 2779 817 2822 quia

69 2840 115 2883 stum
127 2846 212 2890 minuit
233 2842 323 2895 saber,
338 2848 382 2881 nee
399 2835 450 2893 iper
469 2836 553 2881 scindit
566 2834 610 2880 nisi
621 2834 673 2878 eiam
687 2831 816 2888 applicetur

62 2902 197 2955 serimentum.
