1917 3317
152 220 198 272 lto
237 233 344 274 socom
360 233 488 286 nnuma,
501 235 593 281 oum.
610 233 739 286 namur,
754 234 807 273 aar.
821 235 853 272 nr.

153 311 243 375 dnoera,
253 315 279 361 nt
294 311 353 374 quon
365 309 451 362 utiliter
462 311 562 362 charitas
575 315 667 376 monet,
678 324 725 362 non
737 310 810 362 solnm
818 309 884 360 lauare
895 318 923 357 nn
937 316 939 343 ³

152 383 208 444 lint,
226 383 265 433 sed
279 395 321 434 neo
335 381 403 433 etiam
416 382 556 447 intelligam
571 399 585 431 a
600 387 625 434 et
635 382 710 434 iniri:
722 382 797 433 uvnlt
811 393 883 434 ornos
894 379 924 428 ltu

152 455 296 519 corporaliter
317 455 416 520 operari,
429 455 490 505 nnde
512 455 602 506 vivant.
619 472 634 503 n
649 455 693 506 Sed
714 455 825 520 pracipnt
841 449 923 515 religiosi

150 531 217 579 aaron·
231 529 277 580 Dei
291 529 442 594 nominantur,
453 530 539 594 ntpott
549 530 764 582 aemtalitordirino
776 528 864 581 seruitio
874 539 922 577 nan

152 599 262 666 oipantas,
273 602 332 652 sioni
340 605 400 666 patet
411 615 451 665 por
460 601 593 666 ltionpsiunn
604 603 641 666 Vl,
654 616 705 666 oap.
718 603 808 652 ltoctes.
819 597 922 651 tiarorcl.

153 673 211 736 Ergo
224 673 314 724 videtur
328 672 388 736 qnod
401 676 519 724 teneantur
529 674 634 724 manilius
647 672 745 739 operari.
937 734 939 739 Ι

185 747 208 793 a.
222 746 332 797 Proteraa
339 783 348 808 ,
363 744 502 807 Augustinus
515 744 570 795 dioit
585 746 609 795 in
624 744 665 795 lib.
678 745 715 794 De
727 744 843 808 operibns
856 756 922 792 mono-
937 750 939 807 ξ

152 818 254 866 ottonom
270 817 280 882 (
288 831 338 881 cap.
360 821 405 881 tt,
419 830 446 867 ao
457 817 600 881 deinoepslt
617 833 631 864 u
644 817 702 876 Quid
715 819 783 880 agant
797 816 838 880 qni
855 810 923 878 operui
937 826 939 859 r

153 888 296 952 corporaliter
312 889 406 952 nolunt,
420 888 457 938 oui
471 888 504 938 roi
522 892 604 940 vacent
612 926 620 952 ,
636 889 693 938 soiro
707 888 809 938 desidero
830 902 837 938 ε
851 883 939 937 Oratioz

155 959 233 1021 nibus,
243 960 360 1025 inquiunt,
370 973 487 1022 vacamus,
497 963 521 1011 et
535 960 638 1023 Psalmis,
650 958 830 1021 allectionibus,
843 961 865 1010 et
877 955 924 1005 vern
937 940 939 999 l

155 1032 202 1084 itai.
215 1049 229 1081 n
244 1034 286 1084 Sed
299 1034 359 1098 qnod
372 1047 413 1097 per
424 1032 466 1083 ista
478 1046 526 1083 non
538 1035 675 1083 excusentur
688 1031 788 1082 ostendit
797 1045 839 1097 per
850 1026 924 1090 angil-

154 1103 209 1156 Nam
224 1104 296 1168 primi
312 1107 339 1156 de
353 1105 453 1156 oratione
464 1104 522 1155 (licit
534 1103 569 1168 (1)
583 1118 589 1153 :
601 1103 694 1155 «Citius
709 1103 828 1154 exauditur
841 1114 883 1152 nna
892 1098 925 1148 olo

156 1175 238 1227 diontis
251 1176 335 1239 oratio,
355 1189 421 1241 quann
437 1177 513 1227 laconi
527 1175 599 1226 ruillia
611 1175 788 1240 contemptoris;
802 1191 816 1222 »
831 1173 880 1224 illos
891 1181 926 1219 con

155 1251 277 1312 temptores
293 1247 424 1312 intelligens
443 1251 466 1298 et
481 1247 586 1311 indignos
608 1246 709 1298 exaudiri
726 1245 766 1310 qni
784 1246 884 1296 mamonis
898 1251 927 1289 non

154 1323 281 1384 operantur.
296 1319 400 1370 Secundo
415 1320 442 1370 de
453 1319 538 1370 diunis
551 1319 656 1370 laudibus
667 1318 759 1369 subdit:
773 1309 927 1368 «Cantioanol

154 1390 229 1440 divina
239 1395 328 1442 cantara
338 1391 407 1441 otiam
416 1391 520 1442 manibus
530 1393 651 1456 operantes
658 1388 725 1440 lacilt
733 1394 840 1452 possunt.
849 1406 862 1438 n
873 1350 939 1461 larill

153 1462 270 1526 snbjnnqit
281 1463 308 1514 de
322 1462 419 1514 lectione
430 1479 436 1513 :
454 1464 523 1522 «Qui
533 1466 610 1514 antam
620 1474 645 1513 sa
658 1461 738 1511 dicunt
753 1474 836 1512 vacare
849 1458 939 1521 lection!

153 1546 228 1584 nonne
244 1535 275 1585 ihi
288 1534 411 1586 inveniunt
425 1536 485 1598 qnod
498 1535 603 1600 praeoipit
622 1532 762 1597 apostolus?
777 1533 832 1591 Qua
849 1535 882 1584 est
893 1524 939 1599 erqo!

152 1603 197 1654 ista
217 1605 354 1668 perversitas
370 1605 463 1657 lectioni
477 1606 537 1657 nollo
550 1607 722 1668 obtemporare,
737 1603 791 1653 dnm
806 1603 855 1653 unlt
872 1602 891 1652 ai
901 1604 939 1672 rai

153 1677 223 1727 aare?
237 1693 251 1726 »
266 1678 350 1737 Quarto
363 1677 483 1741 subjungit
495 1679 523 1728 de
539 1675 713 1740 predicatione:
732 1675 782 1725 «si
792 1679 869 1726 antem
881 1671 929 1722 nunt

154 1761 227 1799 sermo
238 1751 365 1813 erogandus
378 1751 415 1800 est
422 1788 430 1814 ,
440 1753 463 1800 et
477 1753 509 1800 lta
522 1751 648 1812 ooonpatnr
658 1751 684 1796 nt
695 1745 799 1797 manibus
808 1745 893 1812 operari
900 1751 928 1791 no

154 1824 232 1883 uacet,
245 1820 354 1884 numquid
370 1823 413 1872 hoo
433 1834 513 1872 omnes
534 1821 558 1871 in
576 1818 713 1870 monasterio
729 1818 842 1883 possuntt
859 1812 929 1877 Quanto

154 1903 208 1954 ergo
222 1903 269 1942 non
283 1903 362 1942 omnes
378 1896 484 1955 possunt,
497 1905 538 1942 our
551 1903 632 1942 omnes
646 1889 688 1940 snb
704 1890 748 1940 hoo
763 1889 861 1941 niwntn
873 1892 932 1938 sacot

153 1963 248 2026 volunt3
262 1976 389 2027 quanquam
401 1967 425 2014 et
436 1964 457 2014 si
470 1976 550 2026 omnes
558 1965 667 2026 possent,
680 1960 785 2012 alcisum
797 1963 872 2013 lacero
884 1957 932 2008 delo

154 2038 217 2095 rent,
232 2047 278 2084 non
292 2033 364 2084 solnm
377 2037 402 2084 nt
416 2033 494 2086 oaetori
510 2034 644 2085 necessariis
658 2033 764 2097 operibns
777 2032 939 2098 oocuparentool

155 2105 196 2155 sad
210 2105 276 2155 etiarn
291 2105 344 2168 qnia
361 2105 444 2156 sullioit
457 2107 483 2154 nt
494 2104 571 2156 multis
582 2105 726 2155 audientibus
739 2117 801 2154 nnns
815 2092 939 2168 loquatnrol

139 2177 213 2240 'Ergo
227 2175 317 2226 videtur
331 2175 391 2240 quod
405 2177 506 2240 religiosi
519 2190 565 2228 non
577 2176 675 2228 debeant
688 2188 777 2226 cassano
786 2176 815 2226 ab
828 2189 892 2242 opere
903 2181 935 2219 nt·

155 2247 215 2297 nnali
227 2251 318 2311 proptor
331 2249 463 2314 hujusmqnli
476 2247 601 2313 spiritualia
614 2261 682 2312 opera
696 2248 779 2310 quibus
792 2252 883 2298 uaoant.

186 2322 209 2368 t.
226 2319 348 2382 praterea,
367 2322 437 2382 Luc„
450 2321 501 2385 llll,
516 2320 665 2386 superilluul:
679 2319 801 2371 «vendite
817 2333 868 2384 qna
881 2310 939 2383 possi]

937 2392 939 2425 l

937 2430 939 2455 l

187 2461 218 2526 (l)
233 2467 357 2522 Postquam
370 2466 502 2512 immediato
515 2472 570 2524 post
585 2465 696 2524 prodicta
712 2466 848 2523 promittit:
864 2460 939 2511 Sancto

150 2527 227 2586 plant
247 2530 298 2573 nito
311 2533 332 2574 et
351 2529 443 2576 Gla-tota·
461 2532 580 2575 sooottoto
593 2526 730 2575 laudabilia
745 2526 849 2590 (venare
869 2532 939 2578 namot

154 2591 297 2636 orationibus
314 2597 337 2637 et
355 2593 462 2652 psalmis,
474 2599 499 2638 et
511 2593 605 2652 loot'qoni
622 2598 645 2637 et
665 2593 738 2638 uerbo
752 2589 820 2649 Dei).
834 2591 881 2638 Sed
891 2589 910 2634 st
919 2581 939 2645 ol

154 2654 192 2698 tia
202 2665 254 2710 qoco
268 2655 386 2703 ooooondt
400 2669 451 2701 non
465 2668 549 2700 aomos
556 2689 566 2706 ,
577 2668 622 2700 noo
634 2654 838 2700 manducandum
847 2658 894 2702 ost,
905 2648 939 2703 att

152 2716 213 2774 ipso
224 2729 280 2761 oscoe
288 2718 396 2774 qoutidie
403 2718 575 2776 properando
581 2723 610 2764 att
617 2716 816 2776 poeaintoppoai
823 2722 846 2762 ot
853 2706 939 2775 oenomai

154 2780 177 2824 si
192 2782 271 2824 uotam
284 2780 315 2826 ud
329 2783 377 2827 into
387 2794 473 2826 ooooro
486 2794 568 2857 servos
581 2782 627 2826 Det
649 2781 721 2826 certis
734 2780 876 2826 intervallis
890 2782 939 2847 tomi!

153 2853 245 2900 ponam
255 2844 336 2901 ipsios
350 2845 503 2902 tinfirmitatts
516 2845 645 2890 nenessitoo
659 2844 737 2902 ooqa't,
747 2856 794 2889 cor
804 2857 855 2890 noo
867 2846 939 2905 oto120⁴¹

63 2959 66 2965 Ι
157 2906 249 2950 stolicis
261 2907 389 2966 praeceptis
400 2907 554 2954 observandis
565 2908 661 2966 ottqoos
672 2910 755 2966 portae
767 2910 900 2966 temporum
911 2900 939 2945 do·

151 2971 288 3028 potamos?
