1917 3317
278 188 310 225 uu
324 188 468 227 uarrmraue
484 188 587 227 emissi.
789 178 836 227 ιιιιι

43 260 196 311 rdscnberout.
211 261 275 325 Sed,
292 266 323 327 ut,
332 263 438 313 diviuitas
453 265 627 327 cognosceretur
637 262 714 315 orbem
728 260 839 315 transfor·

44 346 119 393 nasse,
130 337 243 382 terrarum
257 334 417 397 pauperculam
433 336 504 398 clegit
522 337 626 391 matrum,
639 342 662 385 et
679 336 838 400 pauperiorem

44 403 137 453 istriam.
152 421 167 451 o
183 405 284 466 «Elegit
301 410 377 455 autem
391 406 450 455 Deus
464 406 552 456 infirma
568 406 661 467 muudi,
677 410 702 456 ut
715 408 839 457 conlaudat

44 476 155 537 tortiora»
171 476 231 525 sicut
242 476 324 525 dicitur
333 477 351 527 1.
365 477 436 534 Cor„
447 478 466 525 l.
476 477 575 539 Etideo,
586 480 611 525 ut
623 490 687 527 suam
702 482 838 541 potestatem

44 547 109 607 uagis
121 548 268 606 ostenderet,
285 548 309 595 iu
320 548 369 610 ipsa
385 548 470 606 Roma,
483 562 534 611 que
544 551 613 611 caput
629 548 706 596 muudi
719 554 783 609 erat,
798 560 837 598 ca·

44 622 76 665 rut
94 617 200 667 Ecclesia
224 630 272 668 suar
292 618 388 679 statuit,
402 618 426 667 iu
445 618 535 681 signum
551 619 659 682 perlaetus
677 618 794 679 uictoriae,
812 622 838 669 ιιι

44 688 119 737 eunde
137 689 192 739 bdes
211 689 350 739 derivaretur
373 690 401 739 ad
418 689 550 739 uuiversum
571 690 696 751 muudum,
714 688 838 739 secuudum

46 760 90 807 llud
105 761 177 814 loci„
191 760 264 809 llllVl
278 774 283 807 ι
302 777 315 806 ιι
327 759 449 810 Civitatem
464 760 583 810 sublimem
593 759 737 819 humiliabit,
750 763 774 809 et
784 774 839 811 cou-

44 829 133 878 ulrabit
149 844 199 880 eam
221 844 263 893 pes
282 831 390 895 pauperis
403 831 506 891 (scilieet
519 831 629 894 Cbristl),
645 844 736 894 gressus
754 843 840 895 egeno-

43 915 93 959 um,
102 917 118 947 r>
134 900 157 950 id
171 905 207 951 est
220 902 380 965 Apostolorum
393 902 456 953 Petri
468 908 492 953 et
505 903 578 953 Pauli.

322 1080 485 1132 laureolos
499 1082 557 1131 vill.

133 1203 222 1249 Utrdm
231 1205 342 1250 Christus
351 1205 430 1261 suerit
438 1209 542 1262 tempore
549 1218 653 1262 corcyrae
666 1209 746 1251 cutus.

65 1332 95 1380 dd
118 1333 230 1381 octauum
249 1329 284 1379 sic
306 1330 443 1393 proceditur.
464 1330 558 1380 Videtur
579 1330 639 1393 qudd
663 1331 769 1381 Christus
789 1334 842 1382 'nou

44 1401 101 1452 luerit
119 1415 226 1466 mugruo
243 1407 347 1465 tempore
360 1407 435 1452 natus.
450 1403 485 1451 Ad
496 1404 540 1452 boc
551 1403 612 1452 euim
623 1402 728 1453 Christus
738 1408 840 1467 venerat,

44 1480 59 1521 ιι
70 1488 124 1525 suos
137 1474 163 1523 iu
182 1474 314 1523 libertatem
326 1478 452 1524 reuocaret.
463 1475 534 1523 Natus
546 1479 581 1523 est
592 1479 669 1524 eutem
683 1478 784 1537 tompore
794 1488 841 1525 ser·

44 1548 130 1609 ritulis,
145 1560 194 1609 quo
207 1545 294 1594 scilicet
307 1549 369 1595 totus
380 1546 442 1595 orbis
455 1548 571 1608 precepto
587 1547 682 1609 lugusli
696 1544 840 1610 describitur,

44 1618 97 1679 quasi
117 1616 256 1667 tributarius
274 1616 364 1679 lactus,
381 1620 407 1665 ιιι
425 1618 520 1666 babetur
540 1617 611 1677 Luc,
630 1618 658 1667 ll.
675 1616 733 1681 Ergo
753 1616 844 1667 uidetur

45 1688 93 1748 pudd
106 1702 156 1739 non
169 1700 272 1750 congruo
286 1693 388 1751 tempore
402 1688 507 1738 christus
517 1688 586 1739 luerit
597 1693 673 1739 natus.

67 1765 88 1807 t.
103 1760 240 1818 Prolerea,
254 1758 418 1821 promissiones
435 1760 464 1808 de
482 1759 572 1808 Christo
589 1759 702 1809 nascituro
716 1758 844 1809 Gentilibus

45 1842 79 1877 uon
92 1830 187 1880 lucrant
198 1830 279 1891 saue,
291 1829 415 1879 secuudum
424 1830 479 1879 illud
495 1830 574 1886 Rom„
588 1830 635 1881 lit:
650 1847 664 1877 ιι
674 1832 772 1889 Quorum
790 1834 845 1881 suut

45 1901 156 1958 promissa.
170 1917 186 1947 u
201 1899 248 1949 Sed
259 1900 364 1950 Christus
377 1903 489 1949 natusest
498 1904 598 1964 tempore
609 1915 655 1964 quo
664 1915 704 1951 rex
714 1901 844 1963 alienigena

45 1970 214 2033 illustrabatur,
226 1969 287 2019 sicut
304 1974 368 2034 patet
387 1969 495 2025 Mouet„
509 1971 530 2019 ll
554 1986 561 2019 ι
580 1988 593 2017 ιι
610 1970 669 2021 clun
690 1976 757 2020 uatus
783 1972 845 2021 asset

45 2040 98 2089 lesus
110 2042 137 2091 in
152 2042 238 2091 diebus
255 2041 351 2091 Herodis
365 2042 434 2104 rogis.
444 2056 459 2087 o
470 2042 530 2103 Ergo
543 2040 704 2105 videturqudd
720 2054 766 2091 nou
775 2041 845 2091 luerit

45 2124 134 2175 ruugruo
149 2118 259 2176 tempure
273 2117 348 2162 natus.

70 2188 88 2232 t.
99 2187 235 2243 praterea,
250 2188 340 2248 tempus
353 2184 481 2248 praesentias
494 2183 580 2233 Gbristi
591 2183 615 2233 in
627 2184 711 2234 mundo
722 2183 767 2235 diei
781 2196 844 2234 com·

45 2262 138 2321 pambus,
153 2254 253 2321 propter
262 2257 287 2306 id
303 2256 364 2320 qudd
378 2256 426 2320 ipse
438 2261 473 2306 est
486 2257 525 2305 lux
540 2254 634 2317 muudi,
645 2256 704 2306 uude
716 2256 767 2318 ipsc
779 2255 843 2319 dicit,

45 2325 114 2385 loon„
135 2328 169 2378 lx
186 2342 193 2377 ι
213 2342 230 2374 ιι
241 2326 277 2378 lde
289 2330 378 2389 oportet
397 2326 485 2390 operari
503 2338 571 2390 opera
591 2325 697 2389 ejusqui
714 2326 774 2376 misit
789 2340 844 2387 ma,
882 2320 886 2330 ’

48 2397 109 2449 louec
120 2402 174 2451 dies
188 2403 236 2450 est.
257 2414 272 2445 »
286 2398 331 2448 Sed
345 2398 371 2447 iu
384 2402 462 2449 estate
476 2401 530 2447 sumt
546 2397 594 2448 dies
612 2396 726 2459 longiores
739 2397 806 2461 qubus
822 2396 847 2445 iu

49 2470 127 2533 hyeme.
143 2474 224 2535 Ergo,
248 2470 300 2520 cbm
321 2474 389 2519 natus
408 2470 477 2520 luerit
493 2470 516 2519 in
537 2468 649 2532 prolundo
669 2470 772 2533 hyemis,
789 2468 846 2518 llll.

50 2540 152 2595 Kalendas
167 2540 289 2603 tannarii,
302 2542 394 2591 uidetur
409 2541 471 2604 quod
488 2553 535 2591 uou
552 2539 620 2590 luerit
633 2538 777 2590 convenienti
789 2542 848 2588 tam·

53 2625 96 2673 lure
111 2622 192 2666 natus.

73 2687 113 2737 Sed
127 2692 212 2738 contra
230 2688 283 2748 est,
293 2684 355 2748 quod
370 2684 451 2735 dicitur
465 2683 561 2739 Galat..
573 2683 603 2733 lV
616 2698 623 2733 ι
637 2680 788 2731 «cirmucuit
800 2680 850 2743 ple·

50 2755 117 2809 uitudo
132 2757 262 2822 temporis,
273 2755 337 2805 misit
351 2756 411 2805 bcus
418 2755 503 2805 Filium
518 2766 595 2815 suum,
604 2753 691 2803 lactum
704 2764 732 2800 ex
745 2750 849 2827 muliere,

50 2826 124 2880 laetum
141 2831 296 2893 sublege.»
597 2878 600 2884 ,

76 2902 243 2965 (brumosum
253 2927 287 2939 -
300 2897 358 2953 com
371 2898 477 2950 Christus
489 2896 615 2951 secuudirm
634 2895 716 2945 diuina
734 2892 851 2957 sapientia
