1917 3317
251 177 284 214 su
299 175 377 216 srrrn
391 177 534 218 usnrororrm.
747 169 793 218 tat

36 247 132 312 rnntnrpsr
142 251 230 302 modum
240 253 391 305 ordinationis
402 255 522 319 cujusdam
531 255 568 307 iel
580 255 659 307 statuti
672 255 793 320 obligantis

35 315 54 391 ad
64 325 124 370 ceriam
139 335 235 386 punam.
252 325 317 374 Sicut
329 339 382 389 ergo
395 325 419 375 in
433 328 484 390 lege
498 327 560 376 cirili
573 341 620 377 nou
634 327 689 377 iacit
703 339 794 393 semper

35 385 98 446 dtillo
112 393 170 458 prend
182 397 261 447 mortis
273 397 396 460 corporalis
407 399 543 460 trangressio
557 400 636 462 legalis
651 401 746 463 statuti,
762 399 794 450 ita

34 469 63 542 θῇς
72 461 88 509 in
99 463 140 529 lege
155 468 259 519 Ecclesia
277 481 358 518 omues
377 469 531 520 ordinationes
544 472 581 521 rel
600 471 689 534 publica
703 476 791 521 statuta

34 529 106 592 intingant
118 539 143 587 ad
156 541 266 602 mortale,
280 543 305 590 et
321 540 425 590 similiter
442 555 484 592 nec
502 543 578 592 omnia
592 546 675 592 statuta
692 543 789 606 regulae.

56 604 79 683 ld
86 607 160 659 unium
169 612 304 677 dicendum,
315 613 374 677 qudd
384 617 439 663 tunc
447 614 569 664 committit
577 615 660 678 aliquis
667 615 705 664 rel
716 622 791 664 traus-

31 678 106 754 titillor
117 695 141 732 er
157 687 304 749 contemptu,
318 686 408 749 qnando
420 687 526 736 noluntas
545 687 595 750 ejus
613 688 689 738 renuit
708 687 791 752 subjici

32 749 134 803 ordrualioni
146 755 199 820 legis
212 759 249 808 rel
259 759 358 821 regido,
371 761 395 808 et
407 771 436 808 cx
450 759 493 809 hoc
508 759 608 821 procedit
620 759 649 808 ad
662 759 792 809 iaciendum

31 824 85 895 conor
96 822 159 888 legem
173 829 207 878 rel
225 830 337 892 regulam.
351 829 446 888 Quando
463 832 540 880 autem
554 829 687 881 toourerso
701 836 793 895 pmptcr

30 899 100 950 dlinnan
114 897 265 959 particularem
277 914 378 963 causam,
389 900 444 964 puta
455 901 660 964 concupiscentiam
673 902 710 951 rel
722 902 791 963 iram,

27 963 116 1015 nntncitnr
125 969 150 1018 ad
162 971 245 1034 aliquid
258 972 387 1022 iaciendum
397 976 476 1022 contra
485 976 570 1022 statuta
581 972 637 1035 legis
650 972 687 1022 rel
698 973 791 1034 regulo,

26 1044 58 1081 lto
69 1044 137 1099 peccat
148 1055 176 1092 err
188 1048 333 1108 contemptu,
349 1045 390 1094 sed
408 1058 436 1094 cx
453 1045 528 1108 aliqua
542 1044 586 1094 alia
603 1057 685 1106 causa,
699 1043 796 1094 etiamsi

25 1105 129 1182 {requenter
141 1127 167 1164 cr
182 1115 260 1165 cadem
279 1127 347 1166 causa
362 1117 399 1166 vel
420 1115 463 1165 alia
477 1116 562 1177 simili,
581 1119 700 1178 peccatum
718 1114 795 1164 iteret.

25 1175 73 1227 snm
87 1183 146 1235 etiam
167 1188 307 1250 Augustinus
324 1187 378 1237 dicit
394 1188 419 1237 in
438 1187 477 1237 lib.
498 1187 535 1236 De
552 1191 647 1237 notiora
663 1190 689 1236 et
710 1187 797 1250 pratia

25 1249 73 1311 imp.
84 1256 130 1316 tt),
142 1259 199 1321 qudd
215 1276 229 1306 n
244 1271 291 1309 nou
305 1259 382 1310 omnia
400 1264 493 1324 peccata
506 1258 679 1309 committuntur
696 1272 725 1308 cx
743 1271 797 1308 cou-

25 1323 94 1384 fflllll
108 1330 221 1392 superbiae.
237 1347 251 1378 o
266 1330 402 1393 Frequentia
418 1335 492 1380 tamen
506 1331 593 1395 pcccati
613 1329 747 1393 dispositivt
764 1330 800 1379 iu·
882 1381 889 1396 ‚

25 1394 73 1468 nnit
81 1399 107 1476 ad
119 1404 277 1466 contemptum,
288 1403 417 1452 secuuddm
428 1403 483 1452 illud
492 1403 579 1475 Pron,
589 1403 659 1453 lilllll
671 1417 677 1450 :
688 1419 702 1448 n
711 1401 799 1466 impius

26 1483 28 1496 r
41 1478 64 1512 m
75 1482 101 1518 nn
114 1474 244 1536 profundum
258 1474 348 1525 uenerit
362 1479 525 1539 peccatorum,
541 1474 674 1526 coutemnit.
688 1490 703 1521 o

299 1654 458 1706 ARTICULUS
471 1654 501 1708 X.

27 1775 221 1844 l'trdmrelt'piosus
234 1786 314 1832 eodem
325 1798 410 1843 penore
419 1787 508 1840 pcccati
523 1787 625 1843 provisos
638 1788 716 1842 peccet
724 1787 796 1844 prodor

334 1850 464 1894 secutoris.

46 1975 73 2023 ld
87 1977 187 2030 decimum
203 1982 237 2031 sic.
253 1979 390 2045 proceditur.
399 1979 495 2029 Videtur
508 1979 569 2043 quod
582 1979 700 2043 religiosus
713 1979 794 2030 codem

25 2061 89 2096 nurnero
106 2053 186 2114 pocomi
206 2066 253 2103 uon
275 2051 367 2116 gravium
384 2055 464 2115 peccet
482 2051 549 2114 quam
570 2051 691 2102 sauciaris.
710 2051 799 2100 Dicitur

26 2129 41 2146 ·'
52 2133 68 2165 *n
81 2122 105 2171 ll.
114 2123 310 2188 paralipomen..
323 2125 390 2174 lllll:
404 2123 535 2173 nilominus
551 2123 624 2173 bonus
640 2122 799 2187 pmpitiabitur

60 2192 137 2258 >tisoni
151 2196 174 2245 iu
190 2201 239 2246 toto
256 2197 324 2246 corde
342 2194 460 2258 requirunt
481 2195 601 2245 Dominum
620 2196 690 2244 ileum
711 2200 800 2258 patrum

47 2274 105 2324 unm,
118 2271 139 2317 ct
151 2281 196 2318 uon
210 2267 334 2331 imputabit
348 2265 383 2316 eis
399 2265 459 2329 qudd
472 2266 546 2315 minus
560 2265 694 2316 sanctificati
708 2270 797 2314 sunto

32 2337 59 2374 Ἣ
74 2337 132 2399 ungis
152 2339 258 2388 videntur
278 2337 426 2402 religiosior
445 2338 575 2387 totocorde
592 2337 711 2386 [lominum
730 2336 799 2384 Mum

36 2467 38 2472 Ι
51 2407 95 2453 ‘nrm
108 2423 194 2460 snorum
207 2409 273 2472 sequi
290 2411 357 2472 quim
370 2409 503 2471 saculares,
516 2408 556 2472 qui
569 2421 597 2458 ex
611 2414 675 2473 parte
688 2421 713 2457 sc
724 2413 747 2457 et
760 2409 800 2456 sta

37 2501 45 2545 ¹.
60 2477 116 2527 itant
126 2487 148 2530 et
159 2495 187 2531 en
201 2483 268 2545 parte
284 2481 327 2530 siti
341 2485 475 2542 reservant,
489 2484 515 2529 ut
523 2481 645 2544 Gregorius
655 2479 711 2529 dicit
721 2493 798 2542 snper

38 2547 98 2594 cml.
107 2552 194 2613 (homil.
207 2553 247 2603 llll
258 2553 276 2612 ).
290 2553 349 2616 Ergo
361 2551 451 2612 ¹ridetur
463 2551 523 2616 quod
534 2552 608 2601 minus
616 2551 740 2616 imputetur
752 2549 796 2613 eis,

40 2631 52 2652 τι
64 2629 78 2660 u
89 2622 148 2684 aliquo
161 2625 173 2674 'a
187 2625 371 2676 sanctificatione
383 2624 497 2674 deliciunt.

62 2687 79 2730 ²·
90 2689 193 2753 tunna.
205 2711 233 2748 en
249 2699 293 2746 lroc
312 2697 371 2760 qnod
388 2696 468 2758 aliquis
484 2697 543 2746 bour
557 2707 627 2760 opera
640 2695 710 2756 iacit,
725 2694 801 2744 miuus

42 2759 177 2832 “dioscoria
188 2769 241 2830 ejus
257 2769 319 2819 ilaus
332 2767 448 2824 irascitrm
465 2768 618 2818 diciturenim
629 2768 657 2816 ll.
670 2765 797 2829 Porolr'p„

44 2819 93 2910 Nl}-
100 2847 111 2907 J
119 2835 181 2902 lopio
193 2842 281 2904 praeires
294 2839 404 2891 auxilium
414 2877 420 2902 ,
431 2845 454 2889 et
466 2839 503 2889 lris
516 2838 556 2902 qni
564 2841 660 2889 oderrmt
675 2836 798 2886 Dominum

44 2905 224 2976 ffllllllrrscris,
238 2916 263 2964 et
280 2911 364 2964 idcirco
376 2911 434 2962 mam
449 2911 541 2974 quidem
553 2909 645 2961 Domini
658 2907 797 2970 merebaris3
