1917 3317
302 167 333 207 uu
349 164 431 207 uosrs
443 164 545 211 cuutsru
673 177 675 181 ·
778 158 824 207 ott

41 242 124 308 Nil),
139 254 259 309 exponens
270 242 325 293 illud
335 242 428 293 verbum
441 244 527 300 Jourr„
535 242 639 306 inquirit,
656 242 709 295 oiim
722 242 827 295 Christus

52 316 181 377 Verbum,
200 313 275 366 anima
288 316 311 365 et
325 327 392 376 earo,
409 314 509 363 animm
523 328 553 365 ex
566 326 593 365 eo
603 314 664 378 qubd
680 320 716 366 est
727 316 827 367 Verbum

43 390 85 437 nat
106 386 227 449 animam,
241 400 270 435 arr
289 399 318 437 er
337 399 365 437 eo
378 384 487 449 quidest
501 385 592 447 anima,
607 399 637 436 au
649 386 731 437 iterum
748 400 778 439 ex
798 402 825 441 eo

43 459 73 508 bd
95 462 137 510 est
151 470 212 509 earo.
227 474 241 505 r>
256 458 286 521 Et
299 457 354 508 dicit
365 476 371 505 ι
384 456 445 521 quod
457 472 471 505 a
486 456 506 507 si
518 456 641 507 dixerimus
655 457 714 522 quhd
726 459 826 510 Verbum

41 531 52 577 :i
68 528 178 579 animam
193 528 282 593 posuit,
294 528 398 592 sequitur
408 528 469 592 quhd
481 528 604 592 aliquando
615 529 691 579 anima
707 529 746 580 iila
759 544 826 595 sepa-

41 604 63 649 ta
80 605 121 651 est
136 600 463 663 hVerbo‚quodestfalsum;
476 600 611 650 musenim
622 601 741 665 eorpusab
750 602 827 651 anima

42 669 151 733 permit,
169 670 183 721 h
197 670 271 721 Verbo
291 674 367 721 autem
381 669 477 721 animam
492 675 618 735 separatam
636 684 687 722 esse
706 685 753 723 uou
765 667 825 725 'dieu

58 743 120 795 verb
133 742 260 795 dixerimus
275 742 334 807 quod
351 740 403 807 ipsa
420 756 444 793 se
464 742 540 793 anima
550 746 633 806 porat,
648 742 749 807 sequitur
765 742 826 807 quor

41 817 94 865 rima
115 816 170 881 ipsa
181 814 196 867 h
209 830 237 870 se
249 818 351 880 separata
374 814 417 879 sit3
436 815 496 879 quod
514 820 551 865 est
568 815 700 866 absurdum.
715 831 729 861 u
747 814 825 865 Relin-

41 887 94 937 ritur
109 902 169 953 ergo
184 887 245 953 qubd
261 904 275 935 a
286 887 335 951 ipsa
352 900 404 938 earo
419 886 520 937 animam
539 886 693 951 suampouit‚
707 886 825 938 etiterum

41 973 66 1006 ur
86 960 178 1021 sumit,
198 971 244 1009 uon
258 960 371 1023 potestate
384 971 441 1019 sua,
454 957 495 1007 ssd
514 960 627 1020 potestate
640 956 710 1007 Verbi
730 956 825 1009 inhabi-

43 1030 89 1079 rtis
107 1042 218 1094 earnem3
234 1046 249 1077 s
262 1029 333 1095 quia,
348 1029 409 1079 sieut
422 1027 490 1092 suprh
509 1027 655 1092 dictumest,
669 1040 710 1093 per
729 1033 825 1081 mortem

41 1114 62 1149 u
79 1104 117 1151 est
133 1106 241 1166 separata
256 1100 363 1152 diviuitas
374 1098 442 1151 Verbi
455 1100 468 1151 i
485 1112 560 1149 rarus.

50 1174 84 1223 hri
99 1174 231 1225 seeundum
241 1173 370 1234 dicendum,
383 1171 442 1235 qubd
452 1172 475 1222 iu
488 1171 564 1222 verbis
572 1170 619 1221 iliis
630 1170 768 1222 Athanasius
777 1186 824 1223 uon

43 1244 133 1295 tellerit
141 1243 205 1309 quhd
214 1247 275 1295 totus
288 1246 356 1294 homo
369 1242 445 1297 deuub
457 1244 486 1295 sit
495 1247 634 1307 assumptus,
643 1242 666 1293 id
682 1246 729 1305 est,
744 1257 824 1297 omues

41 1322 96 1369 rrtes
112 1317 181 1381 ejus,
196 1314 261 1379 quasi
279 1315 376 1369 Verbum
396 1315 437 1365 bei
452 1319 528 1377 partes
542 1316 646 1365 humane
657 1317 742 1366 nature
755 1315 825 1379 depo·

41 1388 90 1437 rerit
103 1401 149 1453 per
159 1391 254 1440 mortem
263 1404 270 1452 3
280 1387 319 1439 sed
329 1387 388 1452 qubd
399 1386 480 1438 iterato
494 1386 595 1437 totalitas
607 1391 693 1437 uaturae
702 1392 825 1452 assumptae

42 1466 49 1509 t
63 1459 88 1509 in
102 1460 273 1511 resurreetione
286 1458 440 1525 redintegrata
453 1471 494 1524 per
503 1458 608 1509 iteratam
619 1458 729 1510 unionem
742 1458 826 1511 anime

55 1544 172 1595 eorporis.

51 1604 84 1653 bd
99 1602 196 1653 tertium
216 1600 351 1663 dicendum,
365 1600 426 1664 quod
443 1600 540 1651 Verbum
550 1599 592 1651 hei
606 1604 700 1665 propter
714 1600 824 1654 urionem

41 1688 141 1725 ramanae
156 1678 242 1725 naturae
259 1688 305 1725 nou
327 1674 408 1725 dieitur
426 1674 537 1725 bumana
558 1678 666 1731 notura,
682 1675 722 1725 sed
742 1674 826 1726 dieitur

41 1760 109 1803 amo,
124 1747 186 1809 quaid
202 1750 238 1797 est
252 1745 338 1797 habens
351 1745 490 1795 humanam
506 1756 635 1795 aerarum.
656 1744 738 1795 huima
748 1750 825 1797 autem

41 1820 202 1881 teorpussuut
211 1820 288 1881 partes
296 1817 430 1867 essentiales
439 1817 545 1867 humane
555 1820 650 1869 nature.
660 1818 724 1868 Unde
733 1822 826 1881 propter

41 1888 133 1940 sionem
141 1889 212 1939 Verbi
220 1890 248 1939 ad
261 1892 381 1952 utrumque
392 1902 470 1939 eorum
481 1902 528 1939 uon
537 1890 639 1953 sequitur
652 1888 713 1952 qubd
725 1889 824 1941 Verbum

44 1960 63 2007 ri
71 1961 101 2010 sit
108 1960 188 2011 anima
195 1961 330 2025 veleamus,
337 1962 375 2011 seri
383 1962 444 2024 quod
452 1959 480 2011 sit
488 1960 575 2011 habeus
583 1960 681 2011 animam
692 1961 823 2025 rstmrpas

54 2034 85 2081 bd
99 2036 207 2096 quartum
222 2028 355 2093 dicendum,
367 2030 426 2094 qubd
447 2032 506 2081 sicut
519 2032 671 2083 Damasceuus
685 2032 756 2095 dicit,
773 2049 787 2080 «
798 2032 823 2084 iu

41 2108 95 2155 rerte
108 2102 193 2155 Christi
207 2106 241 2153 est
255 2107 357 2167 separate
371 2102 445 2155 anima
459 2102 618 2166 bearnensis
632 2107 726 2154 estune
739 2106 824 2169 hypos-

41 2174 111 2225 asisin
123 2176 180 2225 duas
189 2176 324 2239 hypostases
333 2172 416 2225 divisa.
427 2176 484 2225 Nam
496 2178 520 2224 et
528 2188 608 2240 corpus
618 2178 642 2224 et
653 2176 728 2227 anima
738 2176 824 2227 Christi
917 2217 919 2244 Ξ

41 2248 150 2297 eesudbm
164 2246 239 2309 idem,
256 2259 285 2295 ex
297 2244 424 2310 principio,
442 2247 465 2296 iu
480 2246 547 2296 Verbi
561 2247 680 2311 hypostasi
697 2248 826 2298 habueruut
917 2249 918 2282 i

41 2316 187 2381 sistentiam
203 2320 226 2367 et
248 2316 272 2367 iu
290 2319 362 2367 morte
377 2314 476 2369 invicem
500 2316 591 2379 divisa,
610 2317 724 2381 singulum
747 2331 825 2369 eorum

41 2390 121 2449 bausit,
133 2402 203 2439 uuam
213 2389 356 2453 hypostasim
366 2388 434 2439 Verbi
445 2389 541 2441 hahens.
557 2390 630 2448 Quare
642 2403 688 2439 uua
701 2390 770 2440 Verbi
782 2391 827 2454 hp-

41 2462 123 2513 ustasis
136 2461 205 2511 Verbi
222 2464 246 2511 et
263 2459 383 2511 animaret
403 2460 502 2525 corporis
520 2460 595 2511 extitit
607 2460 753 2526 hypostasis3
768 2475 827 2511 uuu-
917 2503 919 2524 ,

41 2544 92 2593 pram
106 2533 183 2594 enim,
193 2544 267 2595 neque
279 2531 368 2593 anima,
379 2544 453 2594 neque
469 2544 567 2596 eorpus,
577 2530 690 2597 propriam
701 2532 827 2583 habueruut

41 2604 176 2668 apostasia,
185 2608 267 2670 praeter
277 2603 345 2654 Verbi
354 2602 506 2670 hypostasim.
518 2604 567 2656 Una
579 2604 641 2655 euim
651 2615 742 2667 semper
758 2603 827 2654 Verbi
917 2613 919 2676 ᾗ

41 2676 157 2738 typostasis
170 2680 193 2727 et
206 2688 323 2740 uunquam
340 2676 399 2725 buae.
411 2691 425 2722 »

41 2830 103 2877 suibus
114 2838 150 2879 est
161 2832 263 2879 alienum
275 2828 400 2887 aratione,
412 2831 453 2881 sod
465 2830 477 2879 i
488 2829 540 2874 fios.
549 2832 597 2875 Nee
606 2830 682 2886 magio
693 2828 821 2887 quidquam

41 2895 192 2943 inconvenieus
207 2894 349 2955 quamquod
362 2891 416 2941 uter
429 2894 580 2966 contraquam.
