1917 3317
110 181 156 230 588
289 187 348 230 reus
364 187 404 240 nr,
421 187 513 233 onnon
530 185 613 236 mu,
628 184 685 226 cnr.
701 185 736 224 nn

110 267 250 318 sanctificata
265 266 334 316 inerit
347 266 472 328 ignoretur,
490 265 615 314 celebratur
628 264 713 314 festum
724 261 905 313 suctiiieetionis

109 341 159 404 ejus
170 340 247 404 potius
255 351 323 402 quun]
333 335 488 402 conceptionis
496 335 520 385 in
534 336 571 385 die
585 335 742 400 conceptionis
750 334 834 399 ipsius.

144 411 176 460 nd
190 414 294 474 quartum
312 406 516 470 dicendum,un
535 407 621 475 duplex
631 413 668 457 est
683 405 834 458 sanctificatio
849 422 856 454 ε
870 421 903 453 nn

110 482 201 546 quidem
215 481 285 531 totius
296 485 394 540 nature,
406 480 430 528 iu
441 482 551 542 putantum
562 477 653 529 seiticet
666 481 804 528 totannturn
814 479 906 526 humeri

111 555 139 604 ab
153 553 216 604 omni
233 553 377 616 corruptione
390 552 462 614 eulpae
477 553 500 601 et
514 564 588 614 peenu
602 549 724 612 liberatum
737 554 761 600 et
773 550 826 601 haec
838 551 880 599 erit
892 553 907 596 n.

112 626 285 677 resurrectione.
302 624 352 674 iiiia
367 621 422 674 uero
438 626 473 672 eet
485 622 636 672 sanctificatio
647 621 793 685 personalis,
807 636 860 684 quae
874 635 903 669 nu

112 697 194 749 transit
207 698 231 746 in
249 697 335 760 prolem
352 694 471 744 carnaliter
487 693 603 757 genitnm3
619 694 675 756 quia
692 695 745 743 iniis
765 694 902 743 sanctificari·

112 782 158 819 non
181 767 272 832 respicit
294 779 400 826 curnem,
419 765 459 814 sed
476 768 586 815 urentem.
605 765 637 814 Et
657 765 726 826 ideo,
747 765 794 814 etsi
813 771 907 829 perente-

112 839 186 892 ireatae
197 839 298 902 Virginis
307 839 391 888 fuerint
399 836 502 886 mundati
512 836 523 885 i
533 841 626 902 peccato
635 835 757 900 originali,
768 837 908 886 nihilomin»

114 913 178 962 bento
192 911 260 974 Virgo
275 915 394 974 peccaturo
408 909 518 974 originale
530 910 653 971 contraxit,
663 923 715 959 cunr
731 909 804 958 inerit
813 922 908 969 concep·

116 985 241 1033 secundum
257 982 331 1032 carnis
349 980 557 1044 concupiscentiam
577 994 607 1031 ex
628 981 795 1030 commixtione
819 981 884 1028 maris
896 988 909 1023 et

115 1056 224 1116 foenrinae3
240 1054 294 1106 dicit
308 1054 369 1105 enirn
389 1053 528 1118 Augustinus
540 1053 564 1102 in
576 1053 618 1102 lib.
634 1054 672 1102 De
686 1052 792 1117 nuptiis
802 1057 829 1102 et
838 1066 911 1100 roni-i-

116 1128 248 1191 piscentz'a,
257 1139 309 1191 cap.
320 1129 365 1176 ti:
376 1143 390 1175 «
398 1126 494 1176 Omnem
508 1138 560 1188 quae
571 1124 599 1174 de
608 1124 736 1175 concubitu
750 1123 903 1183 nascitur,cu1

116 1211 169 1248 nem
183 1211 233 1250 esse
249 1197 346 1264 peccati.
361 1214 374 1245 n

409 1313 569 1364 runcones
585 1313 621 1362 nl.

148 1443 232 1488 Utrum
245 1454 286 1499 per
302 1441 513 1496 sanctificationem
527 1439 696 1494 pueritoeoroe
711 1440 815 1498 Virpini
829 1442 897 1493 fornes

403 1503 509 1548 totaliter
518 1503 634 1547 sublatus.

151 1633 185 1685 Ad
204 1631 294 1684 tertium
314 1631 347 1682 sic
363 1630 501 1694 proceditur.
514 1629 610 1678 Videtur
627 1627 690 1692 quod
709 1629 783 1681 Meta
803 1632 872 1696 Virgo
883 1646 904 1679 uf

120 1706 189 1756 inerit
202 1703 324 1754 emundate
338 1703 366 1752 ab
378 1700 503 1752 infectione
513 1699 604 1750 inuritis.
616 1699 683 1750 Sicut
698 1703 767 1752 enim
777 1717 849 1768 prena
863 1717 903 1752 on:

120 1776 178 1826 nelis
195 1775 283 1839 peccati
299 1777 334 1824 est
352 1773 445 1833 tomes,
459 1770 499 1836 qui
520 1770 624 1821 consistit
640 1770 667 1820 iu
685 1772 829 1826 interiorum
849 1776 901 1823 riri

119 1845 243 1896 rebellione
262 1845 290 1895 nd
303 1844 427 1904 rationem,
443 1844 476 1892 iia
488 1843 557 1892 etiam
569 1855 637 1906 pecua
654 1843 784 1905 originalis
799 1849 884 1911 peccori
906 1871 910 1878 ·

121 1933 182 1970 mors
200 1922 223 1970 et
237 1921 322 1968 cetere
340 1915 484 1981 poenalitates
500 1916 637 1979 corporales.
654 1915 702 1965 Sed
717 1916 793 1968 beata
807 1919 893 1982 virgei

121 1989 223 2052 subjecta
235 1989 366 2053 hujusmodi
380 1987 558 2049 ponaiitatihos.
569 1987 629 2050 Ergo
642 1985 714 2037 etiam
725 1989 806 2041 fomes
817 1991 848 2040 ab
861 2004 902 2039 er:

121 2061 196 2112 taliter
209 2065 309 2110 remotus
322 2073 369 2110 nou
383 2059 435 2110 suit.

151 2136 175 2181 ἢ.
192 2133 319 2194 Praeterea,
338 2133 367 2181 ΙΙ.
387 2131 421 2180 ad
439 2128 681 2192 eor·.‚x11‚oicitur
698 2129 736 2195 (1)
758 2148 766 2182 t
787 2151 804 2182 o
819 2134 893 2182 Virtus

121 2201 252 2253 inormitate
268 2202 391 2265 perreriae
408 2219 422 2250 n
435 2201 569 2264 etioquitur
582 2200 614 2250 ini
628 2201 656 2250 ne
675 2201 818 2255 numerare
837 2207 894 2256 ron
924 2180 926 2251 i

122 2273 247 2324 secundnm
266 2287 333 2338 quani
345 2273 474 2336 patiebatur
492 2273 607 2322 stimulum
627 2272 714 2323 carnis.
730 2274 784 2325 Sed
799 2276 859 2326 nihii
876 2290 892 2327 o
924 2326 926 2335 ,

122 2344 222 2408 pertinet
236 2343 435 2408 inperfectionem
446 2343 544 2403 virtutis,
556 2343 683 2394 iuitbeatre
693 2344 789 2409 Virgini
799 2348 890 2397 subiret
924 2350 926 2405 ζ

123 2416 185 2465 dnm.
207 2415 266 2478 Ergo
293 2413 405 2466 nonfuit
429 2415 502 2464 beetae
523 2413 611 2478 Virgini
633 2415 740 2466 totaliter
764 2418 889 2469 subtrahcn
924 2410 926 2475 J

122 2487 203 2539 fornes.

155 2565 178 2610 ³.
190 2563 315 2622 Praetcrea,
326 2559 478 2611 Damascenus
492 2559 618 2624 dicitquod
639 2575 654 2606 «
664 2559 690 2610 in
703 2560 805 2613 beatem
818 2564 900 2625 virgin

34 2645 37 2682 ε
123 2633 257 2696 supervenit
273 2631 373 2696 Spiritus
383 2635 489 2690 sanctus,
503 2645 602 2696 purgone
618 2644 669 2681 eam
687 2636 743 2682 ente
756 2638 895 2700 conception

154 2783 189 2846 (1)
204 2789 234 2832 Ut
252 2791 276 2831 et
294 2797 355 2830 nnnc
371 2783 442 2830 hebet
462 2785 532 2831 editio
553 2786 641 2843 iatine,
664 2799 728 2832 nero.
743 2787 775 2850 9,
797 2791 844 2836 sed
866 2805 900 2848 gru

119 2849 200 2892 circui
222 2861 275 2894 meo
298 2860 339 2894 seu
357 2848 480 2906 patientie
500 2861 554 2894 meo
570 2843 686 2919 (δυνάμις
701 2848 781 2921 peu),
795 2854 871 2912 peuto
892 2876 903 2896 u

123 2928 200 2963 sensu.
545 2934 549 2941 ¹
924 2928 926 2933 ·
