<?xml version="1.0" encoding="UTF-8"?>
<!DOCTYPE html PUBLIC "-//W3C//DTD XHTML 1.0 Transitional//EN"
    "http://www.w3.org/TR/xhtml1/DTD/xhtml1-transitional.dtd">
<html xmlns="http://www.w3.org/1999/xhtml" xml:lang="en" lang="en">
 <head>
  <title>
</title>
<meta http-equiv="Content-Type" content="text/html;charset=utf-8" />
  <meta name='ocr-system' content='tesseract 3.04.00' />
  <meta name='ocr-capabilities' content='ocr_page ocr_carea ocr_par ocr_line ocrx_word'/>
</head>
<body>
  <div class='ocr_page' id='page_1' title='image "./summatheologica02nicogoog_0386.png"; bbox 0 0 1917 3317; ppageno 0'>
   <div class='ocr_carea' id='block_1_1' title="bbox 209 135 844 206">
    <p class='ocr_par' dir='ltr' id='par_1_1' title="bbox 209 135 844 206">
     <span class='ocr_line' id='line_1_1' title="bbox 209 135 844 206; baseline 0.055 -35"><span class='ocrx_word' id='word_1_1' title='bbox 209 135 240 172; x_wconf 86' lang='lat' dir='ltr'>ore</span> <span class='ocrx_word' id='word_1_2' title='bbox 254 138 366 180; x_wconf 77' lang='lat' dir='ltr'>sorssors</span> <span class='ocrx_word' id='word_1_3' title='bbox 382 144 458 185; x_wconf 71' lang='lat' dir='ltr'>ostro</span> <span class='ocrx_word' id='word_1_4' title='bbox 474 149 559 192; x_wconf 67' lang='lat' dir='ltr'>mue</span> <span class='ocrx_word' id='word_1_5' title='bbox 575 155 680 198; x_wconf 76' lang='lat' dir='ltr'>cnorsrr.</span> <span class='ocrx_word' id='word_1_6' title='bbox 798 159 844 206; x_wconf 74' lang='lat'>883</span> 
     </span>
    </p>
   </div>
   <div class='ocr_carea' id='block_1_2' title="bbox 59 202 845 376">
    <p class='ocr_par' dir='ltr' id='par_1_2' title="bbox 59 202 845 376">
     <span class='ocr_line' id='line_1_2' title="bbox 89 202 844 308; baseline 0.06 -56"><span class='ocrx_word' id='word_1_7' title='bbox 89 202 230 263; x_wconf 82' lang='lat' dir='ltr'>(Cosmosro.</span> <span class='ocrx_word' id='word_1_8' title='bbox 248 239 281 250; x_wconf 88' lang='lat'><em>-</em></span> <span class='ocrx_word' id='word_1_9' title='bbox 293 216 374 268; x_wconf 77' lang='lat' dir='ltr'>Anima</span> <span class='ocrx_word' id='word_1_10' title='bbox 393 221 479 274; x_wconf 77' lang='lat' dir='ltr'><strong>Christi</strong></span> <span class='ocrx_word' id='word_1_11' title='bbox 493 229 568 279; x_wconf 80' lang='lat' dir='ltr'>omnis</span> <span class='ocrx_word' id='word_1_12' title='bbox 588 235 653 284; x_wconf 88' lang='lat' dir='ltr'>norit</span> <span class='ocrx_word' id='word_1_13' title='bbox 667 237 693 287; x_wconf 90' lang='lat' dir='ltr'>in</span> <span class='ocrx_word' id='word_1_14' title='bbox 704 239 776 292; x_wconf 84' lang='lat' dir='ltr'>Verbo</span> <span class='ocrx_word' id='word_1_15' title='bbox 790 258 844 308; x_wconf 87' lang='lat' dir='ltr'>pro-</span> 
     </span>
     <span class='ocr_line' id='line_1_3' title="bbox 59 271 845 376; baseline 0.061 -57"><span class='ocrx_word' id='word_1_16' title='bbox 59 271 113 334; x_wconf 79' lang='lat' dir='ltr'>pne,</span> <span class='ocrx_word' id='word_1_17' title='bbox 124 289 252 346; x_wconf 78' lang='lat' dir='ltr'>quoeunque</span> <span class='ocrx_word' id='word_1_18' title='bbox 266 287 335 337; x_wconf 88' lang='lat' dir='ltr'>modo</span> <span class='ocrx_word' id='word_1_19' title='bbox 350 296 416 354; x_wconf 87' lang='lat' dir='ltr'>sunt,</span> <span class='ocrx_word' id='word_1_20' title='bbox 429 294 534 361; x_wconf 86' lang='lat' dir='ltr'>luerunt,</span> <span class='ocrx_word' id='word_1_21' title='bbox 546 303 583 352; x_wconf 87' lang='lat' dir='ltr'>vel</span> <span class='ocrx_word' id='word_1_22' title='bbox 602 310 684 369; x_wconf 88' lang='lat' dir='ltr'>erunt,</span> <span class='ocrx_word' id='word_1_23' title='bbox 697 314 721 360; x_wconf 91' lang='lat' dir='ltr'>et</span> <span class='ocrx_word' id='word_1_24' title='bbox 735 327 845 376; x_wconf 88' lang='lat' dir='ltr'>quocum·</span> 
     </span>
    </p>
   </div>
   <div class='ocr_carea' id='block_1_3' title="bbox 49 349 843 2508">
    <p class='ocr_par' dir='ltr' id='par_1_3' title="bbox 49 349 843 2508">
     <span class='ocr_line' id='line_1_4' title="bbox 59 349 843 438; baseline 0.07 -54"><span class='ocrx_word' id='word_1_25' title='bbox 59 355 101 401; x_wconf 76' lang='lat' dir='ltr'>pne</span> <span class='ocrx_word' id='word_1_26' title='bbox 116 353 158 398; x_wconf 87' lang='lat' dir='ltr'>snut</span> <span class='ocrx_word' id='word_1_27' title='bbox 168 349 189 399; x_wconf 91' lang='lat' dir='ltr'>in</span> <span class='ocrx_word' id='word_1_28' title='bbox 203 357 306 416; x_wconf 87' lang='lat' dir='ltr'>potentia</span> <span class='ocrx_word' id='word_1_29' title='bbox 321 365 446 426; x_wconf 79' lang='lat' dir='ltr'>creatnrae3</span> <span class='ocrx_word' id='word_1_30' title='bbox 460 380 506 417; x_wconf 89' lang='lat' dir='ltr'>non</span> <span class='ocrx_word' id='word_1_31' title='bbox 524 375 602 423; x_wconf 79' lang='lat' dir='ltr'>tammr</span> <span class='ocrx_word' id='word_1_32' title='bbox 616 380 693 428; x_wconf 89' lang='lat' dir='ltr'>omnia</span> <span class='ocrx_word' id='word_1_33' title='bbox 713 382 739 431; x_wconf 89' lang='lat' dir='ltr'>ln</span> <span class='ocrx_word' id='word_1_34' title='bbox 756 398 784 435; x_wconf 90' lang='lat' dir='ltr'>eo</span> <span class='ocrx_word' id='word_1_35' title='bbox 803 401 843 438; x_wconf 92' lang='lat' dir='ltr'>co·</span> 
     </span>
     <span class='ocr_line' id='line_1_5' title="bbox 57 415 842 510; baseline 0.057 -44"><span class='ocrx_word' id='word_1_36' title='bbox 57 415 139 479; x_wconf 70' lang='lat' dir='ltr'>mincio,</span> <span class='ocrx_word' id='word_1_37' title='bbox 152 435 196 484; x_wconf 79' lang='lat' dir='ltr'>qoae</span> <span class='ocrx_word' id='word_1_38' title='bbox 216 431 270 475; x_wconf 88' lang='lat' dir='ltr'>sunt</span> <span class='ocrx_word' id='word_1_39' title='bbox 292 428 316 477; x_wconf 88' lang='lat' dir='ltr'>in</span> <span class='ocrx_word' id='word_1_40' title='bbox 335 433 437 492; x_wconf 84' lang='lat' dir='ltr'>potentia</span> <span class='ocrx_word' id='word_1_41' title='bbox 454 438 495 488; x_wconf 85' lang='lat' dir='ltr'>Dei</span> <span class='ocrx_word' id='word_1_42' title='bbox 513 446 624 509; x_wconf 88' lang='lat' dir='ltr'>creantis,</span> <span class='ocrx_word' id='word_1_43' title='bbox 643 450 686 500; x_wconf 91' lang='lat' dir='ltr'>hoc</span> <span class='ocrx_word' id='word_1_44' title='bbox 700 454 762 504; x_wconf 85' lang='lat' dir='ltr'>enim</span> <span class='ocrx_word' id='word_1_45' title='bbox 780 465 842 510; x_wconf 86' lang='lat' dir='ltr'>esset</span> 
     </span>
     <span class='ocr_line' id='line_1_6' title="bbox 57 491 727 585; baseline 0.066 -54"><span class='ocrx_word' id='word_1_46' title='bbox 57 491 226 549; x_wconf 65' lang='lat' dir='ltr'>comprehendere</span> <span class='ocrx_word' id='word_1_47' title='bbox 246 497 348 550; x_wconf 82' lang='lat' dir='ltr'>divinem</span> <span class='ocrx_word' id='word_1_48' title='bbox 369 505 478 558; x_wconf 82' lang='lat' dir='ltr'>virtutem</span> <span class='ocrx_word' id='word_1_49' title='bbox 498 516 565 576; x_wconf 89' lang='lat' dir='ltr'>atque</span> <span class='ocrx_word' id='word_1_50' title='bbox 579 523 727 585; x_wconf 80' lang='lat' dir='ltr'>essentiam.)</span> 
     </span>
     <span class='ocr_line' id='line_1_7' title="bbox 83 559 841 654; baseline 0.061 -46"><span class='ocrx_word' id='word_1_51' title='bbox 83 559 198 624; x_wconf 81' lang='lat' dir='ltr'>Responleo</span> <span class='ocrx_word' id='word_1_52' title='bbox 217 569 356 633; x_wconf 85' lang='lat' dir='ltr'>dicendum,</span> <span class='ocrx_word' id='word_1_53' title='bbox 367 577 428 640; x_wconf 83' lang='lat' dir='ltr'>quhel</span> <span class='ocrx_word' id='word_1_54' title='bbox 444 581 497 632; x_wconf 84' lang='lat' dir='ltr'>clim</span> <span class='ocrx_word' id='word_1_55' title='bbox 508 588 617 647; x_wconf 77' lang='lat' dir='ltr'>quaritur</span> <span class='ocrx_word' id='word_1_56' title='bbox 633 605 662 642; x_wconf 86' lang='lat' dir='ltr'>an</span> <span class='ocrx_word' id='word_1_57' title='bbox 677 595 783 650; x_wconf 87' lang='lat' dir='ltr'>Christus</span> <span class='ocrx_word' id='word_1_58' title='bbox 796 617 841 654; x_wconf 91' lang='lat' dir='ltr'>oo-</span> 
     </span>
     <span class='ocr_line' id='line_1_8' title="bbox 59 637 835 736; baseline 0.063 -61"><span class='ocrx_word' id='word_1_59' title='bbox 59 637 138 681; x_wconf 86' lang='lat' dir='ltr'>:mosoat</span> <span class='ocrx_word' id='word_1_60' title='bbox 151 638 220 688; x_wconf 89' lang='lat' dir='ltr'>onmia</span> <span class='ocrx_word' id='word_1_61' title='bbox 232 640 258 689; x_wconf 93' lang='lat' dir='ltr'>in</span> <span class='ocrx_word' id='word_1_62' title='bbox 271 642 359 707; x_wconf 89' lang='lat' dir='ltr'>Verbo,</span> <span class='ocrx_word' id='word_1_63' title='bbox 374 647 398 712; x_wconf 82' lang='lat' dir='ltr'>ly</span> <span class='ocrx_word' id='word_1_64' title='bbox 408 655 509 710; x_wconf 83' lang='lat' dir='ltr'>omnnio,</span> <span class='ocrx_word' id='word_1_65' title='bbox 523 663 600 720; x_wconf 88' lang='lat' dir='ltr'>potest</span> <span class='ocrx_word' id='word_1_66' title='bbox 613 663 734 727; x_wconf 84' lang='lat' dir='ltr'>dupliciter</span> <span class='ocrx_word' id='word_1_67' title='bbox 746 673 835 736; x_wconf 89' lang='lat' dir='ltr'>accipi:</span> 
     </span>
     <span class='ocr_line' id='line_1_9' title="bbox 58 707 835 806; baseline 0.062 -59"><span class='ocrx_word' id='word_1_68' title='bbox 58 713 96 747; x_wconf 91' lang='lat' dir='ltr'>mo</span> <span class='ocrx_word' id='word_1_69' title='bbox 107 707 158 755; x_wconf 81' lang='lat' dir='ltr'>morlo</span> <span class='ocrx_word' id='word_1_70' title='bbox 169 711 272 776; x_wconf 73' lang='lat' dir='ltr'>proprie,</span> <span class='ocrx_word' id='word_1_71' title='bbox 289 719 313 764; x_wconf 90' lang='lat' dir='ltr'>nt</span> <span class='ocrx_word' id='word_1_72' title='bbox 325 716 446 772; x_wconf 86' lang='lat' dir='ltr'>distribuat</span> <span class='ocrx_word' id='word_1_73' title='bbox 459 738 499 787; x_wconf 90' lang='lat' dir='ltr'>pro</span> <span class='ocrx_word' id='word_1_74' title='bbox 511 731 617 781; x_wconf 87' lang='lat' dir='ltr'>omnihus</span> <span class='ocrx_word' id='word_1_75' title='bbox 631 749 680 798; x_wconf 79' lang='lat' dir='ltr'>quae</span> <span class='ocrx_word' id='word_1_76' title='bbox 691 752 835 806; x_wconf 87' lang='lat' dir='ltr'>quocumque</span> 
     </span>
     <span class='ocr_line' id='line_1_10' title="bbox 58 772 835 874; baseline 0.067 -59"><span class='ocrx_word' id='word_1_77' title='bbox 58 772 112 820; x_wconf 85' lang='lat' dir='ltr'>molo</span> <span class='ocrx_word' id='word_1_78' title='bbox 123 783 180 840; x_wconf 88' lang='lat' dir='ltr'>snrt,</span> <span class='ocrx_word' id='word_1_79' title='bbox 194 783 230 833; x_wconf 82' lang='lat' dir='ltr'>sel</span> <span class='ocrx_word' id='word_1_80' title='bbox 250 789 336 849; x_wconf 87' lang='lat' dir='ltr'>erunt,</span> <span class='ocrx_word' id='word_1_81' title='bbox 351 791 388 840; x_wconf 85' lang='lat' dir='ltr'>vel</span> <span class='ocrx_word' id='word_1_82' title='bbox 402 791 497 845; x_wconf 86' lang='lat' dir='ltr'>fuerunt</span> <span class='ocrx_word' id='word_1_83' title='bbox 506 836 513 858; x_wconf 90' lang='lat'>‚</span> <span class='ocrx_word' id='word_1_84' title='bbox 523 801 560 850; x_wconf 83' lang='lat' dir='ltr'>vel</span> <span class='ocrx_word' id='word_1_85' title='bbox 578 803 651 869; x_wconf 87' lang='lat' dir='ltr'>laeta,</span> <span class='ocrx_word' id='word_1_86' title='bbox 665 809 702 858; x_wconf 81' lang='lat' dir='ltr'>rel</span> <span class='ocrx_word' id='word_1_87' title='bbox 717 810 786 874; x_wconf 89' lang='lat' dir='ltr'>dicta,</span> <span class='ocrx_word' id='word_1_88' title='bbox 796 818 835 867; x_wconf 79' lang='lat' dir='ltr'>rel</span> 
     </span>
     <span class='ocr_line' id='line_1_11' title="bbox 63 843 836 942; baseline 0.061 -53"><span class='ocrx_word' id='word_1_89' title='bbox 63 843 133 901; x_wconf 73' lang='lat' dir='ltr'>opilata</span> <span class='ocrx_word' id='word_1_90' title='bbox 147 847 158 896; x_wconf 87' lang='lat' dir='ltr'>&#39;a</span> <span class='ocrx_word' id='word_1_91' title='bbox 171 864 312 918; x_wconf 84' lang='lat' dir='ltr'>quocumque</span> <span class='ocrx_word' id='word_1_92' title='bbox 326 861 449 912; x_wconf 84' lang='lat' dir='ltr'>secunclhm</span> <span class='ocrx_word' id='word_1_93' title='bbox 464 869 623 936; x_wconf 84' lang='lat' dir='ltr'>quodcumque</span> <span class='ocrx_word' id='word_1_94' title='bbox 644 881 743 942; x_wconf 89' lang='lat' dir='ltr'>tempus.</span> <span class='ocrx_word' id='word_1_95' title='bbox 759 885 836 937; x_wconf 76' lang='lat' dir='ltr'>hesic</span> 
     </span>
     <span class='ocr_line' id='line_1_12' title="bbox 59 917 832 1010; baseline 0.06 -48"><span class='ocrx_word' id='word_1_96' title='bbox 59 917 151 968; x_wconf 72' lang='lat' dir='ltr'>..cendum</span> <span class='ocrx_word' id='word_1_97' title='bbox 168 927 201 973; x_wconf 90' lang='lat' dir='ltr'>est</span> <span class='ocrx_word' id='word_1_98' title='bbox 214 924 275 987; x_wconf 82' lang='lat' dir='ltr'>quod</span> <span class='ocrx_word' id='word_1_99' title='bbox 292 928 369 980; x_wconf 87' lang='lat' dir='ltr'>anima</span> <span class='ocrx_word' id='word_1_100' title='bbox 387 933 471 986; x_wconf 84' lang='lat' dir='ltr'>Christi</span> <span class='ocrx_word' id='word_1_101' title='bbox 490 939 516 988; x_wconf 90' lang='lat' dir='ltr'>in</span> <span class='ocrx_word' id='word_1_102' title='bbox 528 942 603 995; x_wconf 87' lang='lat' dir='ltr'>llerho</span> <span class='ocrx_word' id='word_1_103' title='bbox 613 951 732 1010; x_wconf 90' lang='lat' dir='ltr'>cognoscit</span> <span class='ocrx_word' id='word_1_104' title='bbox 743 957 832 1009; x_wconf 86' lang='lat' dir='ltr'>omnia.</span> 
     </span>
     <span class='ocr_line' id='line_1_13' title="bbox 53 983 833 1082; baseline 0.059 -49"><span class='ocrx_word' id='word_1_105' title='bbox 53 983 187 1055; x_wconf 61' lang='lat' dir='ltr'>sermnisque</span> <span class='ocrx_word' id='word_1_106' title='bbox 201 996 263 1046; x_wconf 88' lang='lat' dir='ltr'>enim</span> <span class='ocrx_word' id='word_1_107' title='bbox 277 997 408 1054; x_wconf 86' lang='lat' dir='ltr'>intellectus</span> <span class='ocrx_word' id='word_1_108' title='bbox 417 1013 521 1073; x_wconf 89' lang='lat' dir='ltr'>creatus,</span> <span class='ocrx_word' id='word_1_109' title='bbox 532 1011 557 1062; x_wconf 89' lang='lat' dir='ltr'>in</span> <span class='ocrx_word' id='word_1_110' title='bbox 572 1016 644 1068; x_wconf 86' lang='lat' dir='ltr'>Verho</span> <span class='ocrx_word' id='word_1_111' title='bbox 656 1026 771 1082; x_wconf 82' lang='lat' dir='ltr'>cognoscit</span> <span class='ocrx_word' id='word_1_112' title='bbox 784 1041 833 1080; x_wconf 88' lang='lat' dir='ltr'>non</span> 
     </span>
     <span class='ocr_line' id='line_1_14' title="bbox 55 1057 832 1156; baseline 0.064 -56"><span class='ocrx_word' id='word_1_113' title='bbox 55 1057 123 1112; x_wconf 62' lang='lat' dir='ltr'>prolem</span> <span class='ocrx_word' id='word_1_114' title='bbox 141 1065 214 1116; x_wconf 86' lang='lat' dir='ltr'>omnia</span> <span class='ocrx_word' id='word_1_115' title='bbox 230 1067 378 1137; x_wconf 87' lang='lat' dir='ltr'>simpliciter,</span> <span class='ocrx_word' id='word_1_116' title='bbox 391 1078 430 1126; x_wconf 86' lang='lat' dir='ltr'>sed</span> <span class='ocrx_word' id='word_1_117' title='bbox 445 1081 509 1130; x_wconf 80' lang='lat' dir='ltr'>tanto</span> <span class='ocrx_word' id='word_1_118' title='bbox 522 1084 588 1147; x_wconf 89' lang='lat' dir='ltr'>plura</span> <span class='ocrx_word' id='word_1_119' title='bbox 600 1095 685 1150; x_wconf 87' lang='lat' dir='ltr'>quanto</span> <span class='ocrx_word' id='word_1_120' title='bbox 705 1096 832 1156; x_wconf 85' lang='lat' dir='ltr'>periectihs</span> 
     </span>
     <span class='ocr_line' id='line_1_15' title="bbox 62 1127 831 1229; baseline 0.06 -54"><span class='ocrx_word' id='word_1_121' title='bbox 62 1127 100 1175; x_wconf 77' lang='lat' dir='ltr'>olet</span> <span class='ocrx_word' id='word_1_122' title='bbox 114 1132 212 1186; x_wconf 82' lang='lat' dir='ltr'>Verbum.</span> <span class='ocrx_word' id='word_1_123' title='bbox 228 1139 291 1189; x_wconf 88' lang='lat' dir='ltr'>Nulli</span> <span class='ocrx_word' id='word_1_124' title='bbox 313 1145 391 1195; x_wconf 89' lang='lat' dir='ltr'>tamen</span> <span class='ocrx_word' id='word_1_125' title='bbox 409 1147 536 1202; x_wconf 88' lang='lat' dir='ltr'>intellectui</span> <span class='ocrx_word' id='word_1_126' title='bbox 552 1157 620 1208; x_wconf 85' lang='lat' dir='ltr'>heato</span> <span class='ocrx_word' id='word_1_127' title='bbox 635 1161 701 1213; x_wconf 81' lang='lat' dir='ltr'>deest</span> <span class='ocrx_word' id='word_1_128' title='bbox 720 1167 777 1229; x_wconf 85' lang='lat' dir='ltr'>quim</span> <span class='ocrx_word' id='word_1_129' title='bbox 791 1183 831 1221; x_wconf 93' lang='lat' dir='ltr'>co·</span> 
     </span>
     <span class='ocr_line' id='line_1_16' title="bbox 55 1206 831 1293; baseline 0.063 -49"><span class='ocrx_word' id='word_1_130' title='bbox 55 1207 125 1252; x_wconf 77' lang='lat' dir='ltr'>nosco</span> <span class='ocrx_word' id='word_1_131' title='bbox 136 1206 158 1255; x_wconf 86' lang='lat' dir='ltr'>in</span> <span class='ocrx_word' id='word_1_132' title='bbox 170 1209 243 1260; x_wconf 83' lang='lat' dir='ltr'>Verbo</span> <span class='ocrx_word' id='word_1_133' title='bbox 259 1215 336 1264; x_wconf 87' lang='lat' dir='ltr'>omnia</span> <span class='ocrx_word' id='word_1_134' title='bbox 350 1230 401 1278; x_wconf 79' lang='lat' dir='ltr'>qnae</span> <span class='ocrx_word' id='word_1_135' title='bbox 412 1221 440 1270; x_wconf 88' lang='lat' dir='ltr'>ad</span> <span class='ocrx_word' id='word_1_136' title='bbox 452 1221 528 1285; x_wconf 85' lang='lat' dir='ltr'>ipsum</span> <span class='ocrx_word' id='word_1_137' title='bbox 540 1237 653 1290; x_wconf 80' lang='lat' dir='ltr'>spectant.</span> <span class='ocrx_word' id='word_1_138' title='bbox 664 1237 698 1285; x_wconf 79' lang='lat' dir='ltr'>hd</span> <span class='ocrx_word' id='word_1_139' title='bbox 713 1238 831 1293; x_wconf 86' lang='lat' dir='ltr'>Christum</span> 
     </span>
     <span class='ocr_line' id='line_1_17' title="bbox 52 1274 830 1375; baseline 0.067 -61"><span class='ocrx_word' id='word_1_140' title='bbox 52 1274 107 1320; x_wconf 56' lang='lat' dir='ltr'>,clem</span> <span class='ocrx_word' id='word_1_141' title='bbox 119 1281 138 1325; x_wconf 88' lang='lat' dir='ltr'>et</span> <span class='ocrx_word' id='word_1_142' title='bbox 147 1281 172 1328; x_wconf 84' lang='lat' dir='ltr'>cd</span> <span class='ocrx_word' id='word_1_143' title='bbox 181 1283 234 1346; x_wconf 88' lang='lat' dir='ltr'>ejus</span> <span class='ocrx_word' id='word_1_144' title='bbox 249 1283 383 1346; x_wconf 78' lang='lat' dir='ltr'>dignitatem</span> <span class='ocrx_word' id='word_1_145' title='bbox 394 1297 501 1354; x_wconf 88' lang='lat' dir='ltr'>spectant</span> <span class='ocrx_word' id='word_1_146' title='bbox 514 1301 678 1361; x_wconf 84' lang='lat' dir='ltr'>quodammodo</span> <span class='ocrx_word' id='word_1_147' title='bbox 692 1312 788 1375; x_wconf 85' lang='lat' dir='ltr'>omnia,</span> <span class='ocrx_word' id='word_1_148' title='bbox 804 1315 830 1366; x_wconf 85' lang='lat' dir='ltr'>io</span> 
     </span>
     <span class='ocr_line' id='line_1_18' title="bbox 55 1349 824 1446; baseline 0.062 -59"><span class='ocrx_word' id='word_1_149' title='bbox 55 1349 135 1396; x_wconf 74' lang='lat' dir='ltr'>orontem</span> <span class='ocrx_word' id='word_1_150' title='bbox 144 1351 162 1399; x_wconf 92' lang='lat' dir='ltr'>ei</span> <span class='ocrx_word' id='word_1_151' title='bbox 171 1353 279 1416; x_wconf 82' lang='lat' dir='ltr'>subjecta</span> <span class='ocrx_word' id='word_1_152' title='bbox 292 1361 347 1406; x_wconf 91' lang='lat' dir='ltr'>sunt</span> <span class='ocrx_word' id='word_1_153' title='bbox 358 1362 443 1412; x_wconf 88' lang='lat' dir='ltr'>ommia.</span> <span class='ocrx_word' id='word_1_154' title='bbox 454 1366 505 1430; x_wconf 90' lang='lat' dir='ltr'>lpse</span> <span class='ocrx_word' id='word_1_155' title='bbox 516 1370 585 1420; x_wconf 87' lang='lat' dir='ltr'>etiam</span> <span class='ocrx_word' id='word_1_156' title='bbox 597 1379 633 1424; x_wconf 89' lang='lat' dir='ltr'>est</span> <span class='ocrx_word' id='word_1_157' title='bbox 641 1380 824 1446; x_wconf 82' lang='lat' dir='ltr'>omoinmjudex</span> 
     </span>
     <span class='ocr_line' id='line_1_19' title="bbox 64 1416 824 1516; baseline 0.059 -54"><span class='ocrx_word' id='word_1_158' title='bbox 64 1416 180 1474; x_wconf 78' lang='lat' dir='ltr'>meticulose</span> <span class='ocrx_word' id='word_1_159' title='bbox 192 1425 257 1489; x_wconf 80' lang='lat' dir='ltr'>Deo,</span> <span class='ocrx_word' id='word_1_160' title='bbox 273 1429 327 1490; x_wconf 87' lang='lat' dir='ltr'>quia</span> <span class='ocrx_word' id='word_1_161' title='bbox 340 1431 413 1483; x_wconf 80' lang='lat' dir='ltr'>Filius</span> <span class='ocrx_word' id='word_1_162' title='bbox 426 1436 524 1490; x_wconf 85' lang='lat' dir='ltr'>hominis</span> <span class='ocrx_word' id='word_1_163' title='bbox 540 1448 590 1506; x_wconf 88' lang='lat' dir='ltr'>est,</span> <span class='ocrx_word' id='word_1_164' title='bbox 603 1452 629 1496; x_wconf 87' lang='lat' dir='ltr'>ut</span> <span class='ocrx_word' id='word_1_165' title='bbox 641 1449 724 1500; x_wconf 88' lang='lat' dir='ltr'>dicitur</span> <span class='ocrx_word' id='word_1_166' title='bbox 737 1456 824 1516; x_wconf 68' lang='lat' dir='ltr'>John„</span> 
     </span>
     <span class='ocr_line' id='line_1_20' title="bbox 49 1481 827 1578; baseline 0.055 -41"><span class='ocrx_word' id='word_1_167' title='bbox 49 1481 51 1496; x_wconf 70' lang='lat'>³</span> <span class='ocrx_word' id='word_1_168' title='bbox 74 1485 108 1546; x_wconf 81' lang='lat' dir='ltr'>ll&#39;p.</span> <span class='ocrx_word' id='word_1_169' title='bbox 119 1491 143 1541; x_wconf 81' lang='lat' dir='ltr'>llt</span> <span class='ocrx_word' id='word_1_170' title='bbox 153 1495 206 1546; x_wconf 88' lang='lat' dir='ltr'>ideo</span> <span class='ocrx_word' id='word_1_171' title='bbox 221 1497 298 1548; x_wconf 87' lang='lat' dir='ltr'>anima</span> <span class='ocrx_word' id='word_1_172' title='bbox 314 1501 399 1553; x_wconf 86' lang='lat' dir='ltr'>Christi</span> <span class='ocrx_word' id='word_1_173' title='bbox 410 1504 435 1556; x_wconf 90' lang='lat' dir='ltr'>in</span> <span class='ocrx_word' id='word_1_174' title='bbox 450 1509 523 1562; x_wconf 85' lang='lat' dir='ltr'>Verbo</span> <span class='ocrx_word' id='word_1_175' title='bbox 535 1520 650 1578; x_wconf 76' lang='lat' dir='ltr'>cognoscit</span> <span class='ocrx_word' id='word_1_176' title='bbox 666 1524 741 1572; x_wconf 88' lang='lat' dir='ltr'>omnia</span> <span class='ocrx_word' id='word_1_177' title='bbox 763 1527 827 1578; x_wconf 81' lang='lat' dir='ltr'>exis·</span> 
     </span>
     <span class='ocr_line' id='line_1_21' title="bbox 54 1559 827 1651; baseline 0.058 -45"><span class='ocrx_word' id='word_1_178' title='bbox 54 1559 103 1606; x_wconf 60' lang='lat' dir='ltr'>notia</span> <span class='ocrx_word' id='word_1_179' title='bbox 115 1569 233 1619; x_wconf 84' lang='lat' dir='ltr'>seenndhnr</span> <span class='ocrx_word' id='word_1_180' title='bbox 248 1572 407 1639; x_wconf 86' lang='lat' dir='ltr'>quodcumque</span> <span class='ocrx_word' id='word_1_181' title='bbox 420 1582 526 1647; x_wconf 88' lang='lat' dir='ltr'>tempus,</span> <span class='ocrx_word' id='word_1_182' title='bbox 541 1591 564 1636; x_wconf 89' lang='lat' dir='ltr'>et</span> <span class='ocrx_word' id='word_1_183' title='bbox 576 1589 646 1639; x_wconf 89' lang='lat' dir='ltr'>etiam</span> <span class='ocrx_word' id='word_1_184' title='bbox 658 1593 775 1647; x_wconf 88' lang='lat' dir='ltr'>hominnm</span> <span class='ocrx_word' id='word_1_185' title='bbox 787 1613 827 1651; x_wconf 91' lang='lat' dir='ltr'>co-</span> 
     </span>
     <span class='ocr_line' id='line_1_22' title="bbox 50 1635 822 1725; baseline 0.062 -51"><span class='ocrx_word' id='word_1_186' title='bbox 50 1635 117 1695; x_wconf 62' lang='lat' dir='ltr'>⁴trlrrs,</span> <span class='ocrx_word' id='word_1_187' title='bbox 129 1651 219 1701; x_wconf 82' lang='lat' dir='ltr'>qnnnnnr</span> <span class='ocrx_word' id='word_1_188' title='bbox 230 1646 266 1692; x_wconf 90' lang='lat' dir='ltr'>est</span> <span class='ocrx_word' id='word_1_189' title='bbox 275 1641 361 1708; x_wconf 79' lang='lat' dir='ltr'>juclcx3</span> <span class='ocrx_word' id='word_1_190' title='bbox 373 1647 405 1698; x_wconf 85' lang='lat' dir='ltr'>ita</span> <span class='ocrx_word' id='word_1_191' title='bbox 414 1653 440 1698; x_wconf 88' lang='lat' dir='ltr'>ut</span> <span class='ocrx_word' id='word_1_192' title='bbox 449 1655 510 1716; x_wconf 84' lang='lat' dir='ltr'>quod</span> <span class='ocrx_word' id='word_1_193' title='bbox 521 1657 549 1706; x_wconf 84' lang='lat' dir='ltr'>cle</span> <span class='ocrx_word' id='word_1_194' title='bbox 560 1661 680 1712; x_wconf 80' lang='lat' dir='ltr'>conicitur</span> <span class='ocrx_word' id='word_1_195' title='bbox 689 1667 772 1725; x_wconf 73' lang='lat' dir='ltr'>loom,</span> <span class='ocrx_word' id='word_1_196' title='bbox 787 1672 822 1722; x_wconf 92' lang='lat' dir='ltr'>ll:</span> 
     </span>
     <span class='ocr_line' id='line_1_23' title="bbox 62 1701 825 1806; baseline 0.06 -59"><span class='ocrx_word' id='word_1_197' title='bbox 62 1701 103 1760; x_wconf 85' lang='lat' dir='ltr'>lpse</span> <span class='ocrx_word' id='word_1_198' title='bbox 122 1711 175 1760; x_wconf 86' lang='lat' dir='ltr'>eoinn</span> <span class='ocrx_word' id='word_1_199' title='bbox 188 1713 278 1762; x_wconf 87' lang='lat' dir='ltr'>sciebat</span> <span class='ocrx_word' id='word_1_200' title='bbox 297 1716 352 1777; x_wconf 84' lang='lat' dir='ltr'>quid</span> <span class='ocrx_word' id='word_1_201' title='bbox 373 1725 434 1770; x_wconf 90' lang='lat' dir='ltr'>esset</span> <span class='ocrx_word' id='word_1_202' title='bbox 447 1722 472 1772; x_wconf 86' lang='lat' dir='ltr'>io</span> <span class='ocrx_word' id='word_1_203' title='bbox 486 1726 596 1793; x_wconf 84' lang='lat' dir='ltr'>tremine,</span> <span class='ocrx_word' id='word_1_204' title='bbox 609 1747 624 1778; x_wconf 83' lang='lat' dir='ltr'>n</span> <span class='ocrx_word' id='word_1_205' title='bbox 640 1737 714 1796; x_wconf 91' lang='lat' dir='ltr'>possit</span> <span class='ocrx_word' id='word_1_206' title='bbox 727 1738 825 1806; x_wconf 76' lang='lat' dir='ltr'>intelligi</span> 
     </span>
     <span class='ocr_line' id='line_1_24' title="bbox 61 1775 824 1872; baseline 0.063 -55"><span class='ocrx_word' id='word_1_207' title='bbox 61 1787 76 1818; x_wconf 88' lang='lat' dir='ltr'>n</span> <span class='ocrx_word' id='word_1_208' title='bbox 88 1775 148 1828; x_wconf 87' lang='lat' dir='ltr'>solirm</span> <span class='ocrx_word' id='word_1_209' title='bbox 159 1787 273 1846; x_wconf 82' lang='lat' dir='ltr'>quantum</span> <span class='ocrx_word' id='word_1_210' title='bbox 283 1786 313 1836; x_wconf 89' lang='lat' dir='ltr'>ad</span> <span class='ocrx_word' id='word_1_211' title='bbox 325 1788 444 1842; x_wconf 83' lang='lat' dir='ltr'>scientiam</span> <span class='ocrx_word' id='word_1_212' title='bbox 459 1795 620 1862; x_wconf 70' lang='lat' dir='ltr'>cinnamoni</span> <span class='ocrx_word' id='word_1_213' title='bbox 631 1806 700 1856; x_wconf 87' lang='lat' dir='ltr'>ctiam</span> <span class='ocrx_word' id='word_1_214' title='bbox 712 1818 824 1872; x_wconf 22' lang='lat' dir='ltr'>qiuantum</span> 
     </span>
     <span class='ocr_line' id='line_1_25' title="bbox 49 1846 823 1950; baseline 0.056 -58"><span class='ocrx_word' id='word_1_215' title='bbox 49 1860 61 1882; x_wconf 21' lang='lat'>*¹</span> <span class='ocrx_word' id='word_1_216' title='bbox 75 1846 175 1902; x_wconf 80' lang='lat' dir='ltr'>scientiam</span> <span class='ocrx_word' id='word_1_217' title='bbox 193 1855 279 1906; x_wconf 83' lang='lat' dir='ltr'>animae</span> <span class='ocrx_word' id='word_1_218' title='bbox 294 1857 344 1918; x_wconf 86' lang='lat' dir='ltr'>ejus</span> <span class='ocrx_word' id='word_1_219' title='bbox 356 1874 424 1922; x_wconf 84' lang='lat' dir='ltr'>quam</span> <span class='ocrx_word' id='word_1_220' title='bbox 436 1864 505 1917; x_wconf 85' lang='lat' dir='ltr'>hahet</span> <span class='ocrx_word' id='word_1_221' title='bbox 522 1870 548 1918; x_wconf 89' lang='lat' dir='ltr'>in</span> <span class='ocrx_word' id='word_1_222' title='bbox 559 1872 640 1924; x_wconf 86' lang='lat' dir='ltr'>Verbo.</span> <span class='ocrx_word' id='word_1_223' title='bbox 654 1877 704 1929; x_wconf 81' lang='lat' dir='ltr'>Alio</span> <span class='ocrx_word' id='word_1_224' title='bbox 720 1883 788 1933; x_wconf 87' lang='lat' dir='ltr'>modo</span> <span class='ocrx_word' id='word_1_225' title='bbox 798 1884 823 1950; x_wconf 76' lang='lat' dir='ltr'>ly</span> 
     </span>
     <span class='ocr_line' id='line_1_26' title="bbox 56 1919 822 2008; baseline 0.051 -40"><span class='ocrx_word' id='word_1_226' title='bbox 56 1919 115 1974; x_wconf 55' lang='lat' dir='ltr'>croc,</span> <span class='ocrx_word' id='word_1_227' title='bbox 126 1929 197 1985; x_wconf 85' lang='lat' dir='ltr'>potest</span> <span class='ocrx_word' id='word_1_228' title='bbox 208 1927 285 1992; x_wconf 82' lang='lat' dir='ltr'>accipi</span> <span class='ocrx_word' id='word_1_229' title='bbox 295 1931 368 1993; x_wconf 86' lang='lat' dir='ltr'>magis</span> <span class='ocrx_word' id='word_1_230' title='bbox 379 1933 450 1998; x_wconf 77' lang='lat' dir='ltr'>large,</span> <span class='ocrx_word' id='word_1_231' title='bbox 461 1942 488 1987; x_wconf 88' lang='lat' dir='ltr'>ut</span> <span class='ocrx_word' id='word_1_232' title='bbox 499 1943 633 1994; x_wconf 79' lang='lat' dir='ltr'>extendatur</span> <span class='ocrx_word' id='word_1_233' title='bbox 648 1963 697 2000; x_wconf 89' lang='lat' dir='ltr'>non</span> <span class='ocrx_word' id='word_1_234' title='bbox 708 1953 782 2004; x_wconf 87' lang='lat' dir='ltr'>sellem</span> <span class='ocrx_word' id='word_1_235' title='bbox 792 1959 822 2008; x_wconf 86' lang='lat' dir='ltr'>ad</span> 
     </span>
     <span class='ocr_line' id='line_1_27' title="bbox 65 1988 820 2087; baseline 0.056 -51"><span class='ocrx_word' id='word_1_236' title='bbox 65 1988 98 2036; x_wconf 81' lang='lat' dir='ltr'>om</span> <span class='ocrx_word' id='word_1_237' title='bbox 113 2007 158 2054; x_wconf 85' lang='lat' dir='ltr'>qnae</span> <span class='ocrx_word' id='word_1_238' title='bbox 179 2001 237 2048; x_wconf 83' lang='lat' dir='ltr'>sunt</span> <span class='ocrx_word' id='word_1_239' title='bbox 259 2005 313 2049; x_wconf 87' lang='lat' dir='ltr'>actu</span> <span class='ocrx_word' id='word_1_240' title='bbox 333 2006 459 2056; x_wconf 80' lang='lat' dir='ltr'>secundom</span> <span class='ocrx_word' id='word_1_241' title='bbox 479 2012 637 2079; x_wconf 84' lang='lat' dir='ltr'>quodcumque</span> <span class='ocrx_word' id='word_1_242' title='bbox 657 2023 761 2087; x_wconf 88' lang='lat' dir='ltr'>tempus,</span> <span class='ocrx_word' id='word_1_243' title='bbox 779 2029 820 2078; x_wconf 86' lang='lat' dir='ltr'>sed</span> 
     </span>
     <span class='ocr_line' id='line_1_28' title="bbox 62 2065 821 2154; baseline 0.054 -46"><span class='ocrx_word' id='word_1_244' title='bbox 62 2072 91 2105; x_wconf 88' lang='lat' dir='ltr'>-m</span> <span class='ocrx_word' id='word_1_245' title='bbox 104 2065 126 2112; x_wconf 87' lang='lat' dir='ltr'>ad</span> <span class='ocrx_word' id='word_1_246' title='bbox 139 2069 214 2118; x_wconf 85' lang='lat' dir='ltr'>omnia</span> <span class='ocrx_word' id='word_1_247' title='bbox 232 2083 385 2136; x_wconf 68' lang='lat' dir='ltr'>quocumque</span> <span class='ocrx_word' id='word_1_248' title='bbox 401 2082 454 2127; x_wconf 87' lang='lat' dir='ltr'>sunt</span> <span class='ocrx_word' id='word_1_249' title='bbox 467 2079 493 2130; x_wconf 88' lang='lat' dir='ltr'>in</span> <span class='ocrx_word' id='word_1_250' title='bbox 510 2086 613 2146; x_wconf 86' lang='lat' dir='ltr'>potentia</span> <span class='ocrx_word' id='word_1_251' title='bbox 626 2102 742 2154; x_wconf 84' lang='lat' dir='ltr'>nunqnam</span> <span class='ocrx_word' id='word_1_252' title='bbox 753 2097 821 2148; x_wconf 89' lang='lat' dir='ltr'>redu-</span> 
     </span>
     <span class='ocr_line' id='line_1_29' title="bbox 65 2128 820 2222; baseline 0.068 -53"><span class='ocrx_word' id='word_1_253' title='bbox 65 2128 132 2184; x_wconf 81' lang='lat' dir='ltr'>·.hrel</span> <span class='ocrx_word' id='word_1_254' title='bbox 150 2141 243 2190; x_wconf 85' lang='lat' dir='ltr'>reducta</span> <span class='ocrx_word' id='word_1_255' title='bbox 259 2143 288 2192; x_wconf 87' lang='lat' dir='ltr'>ad</span> <span class='ocrx_word' id='word_1_256' title='bbox 307 2147 394 2196; x_wconf 89' lang='lat' dir='ltr'>actum.</span> <span class='ocrx_word' id='word_1_257' title='bbox 416 2149 500 2202; x_wconf 88' lang='lat' dir='ltr'>Horum</span> <span class='ocrx_word' id='word_1_258' title='bbox 517 2159 593 2206; x_wconf 89' lang='lat' dir='ltr'>autem</span> <span class='ocrx_word' id='word_1_259' title='bbox 610 2163 711 2222; x_wconf 76' lang='lat' dir='ltr'>quedam</span> <span class='ocrx_word' id='word_1_260' title='bbox 724 2172 778 2217; x_wconf 88' lang='lat' dir='ltr'>sunt</span> <span class='ocrx_word' id='word_1_261' title='bbox 795 2168 820 2220; x_wconf 90' lang='lat' dir='ltr'>in</span> 
     </span>
     <span class='ocr_line' id='line_1_30' title="bbox 71 2209 819 2296; baseline 0.051 -44"><span class='ocrx_word' id='word_1_262' title='bbox 71 2209 177 2262; x_wconf 53' lang='lat' dir='ltr'>opolentia</span> <span class='ocrx_word' id='word_1_263' title='bbox 196 2211 289 2277; x_wconf 82' lang='lat' dir='ltr'>hivina3</span> <span class='ocrx_word' id='word_1_264' title='bbox 305 2219 330 2265; x_wconf 89' lang='lat' dir='ltr'>et</span> <span class='ocrx_word' id='word_1_265' title='bbox 343 2218 474 2281; x_wconf 82' lang='lat' dir='ltr'>hujusmodi</span> <span class='ocrx_word' id='word_1_266' title='bbox 492 2237 538 2274; x_wconf 92' lang='lat' dir='ltr'>non</span> <span class='ocrx_word' id='word_1_267' title='bbox 559 2229 635 2280; x_wconf 88' lang='lat' dir='ltr'>omnia</span> <span class='ocrx_word' id='word_1_268' title='bbox 656 2238 771 2296; x_wconf 89' lang='lat' dir='ltr'>cognoscit</span> <span class='ocrx_word' id='word_1_269' title='bbox 792 2239 819 2291; x_wconf 89' lang='lat' dir='ltr'>irr</span> 
     </span>
     <span class='ocr_line' id='line_1_31' title="bbox 59 2268 817 2362; baseline 0.055 -42"><span class='ocrx_word' id='word_1_270' title='bbox 59 2268 95 2314; x_wconf 63' lang='lat' dir='ltr'>olo</span> <span class='ocrx_word' id='word_1_271' title='bbox 109 2278 176 2329; x_wconf 88' lang='lat' dir='ltr'>arima</span> <span class='ocrx_word' id='word_1_272' title='bbox 189 2283 294 2346; x_wconf 84' lang='lat' dir='ltr'>Christi;</span> <span class='ocrx_word' id='word_1_273' title='bbox 310 2287 356 2338; x_wconf 91' lang='lat' dir='ltr'>hoc</span> <span class='ocrx_word' id='word_1_274' title='bbox 373 2289 433 2338; x_wconf 87' lang='lat' dir='ltr'>emim</span> <span class='ocrx_word' id='word_1_275' title='bbox 447 2298 508 2344; x_wconf 88' lang='lat' dir='ltr'>esset</span> <span class='ocrx_word' id='word_1_276' title='bbox 527 2303 718 2362; x_wconf 87' lang='lat' dir='ltr'>comprehendere</span> <span class='ocrx_word' id='word_1_277' title='bbox 738 2311 817 2361; x_wconf 84' lang='lat' dir='ltr'>omnia</span> 
     </span>
     <span class='ocr_line' id='line_1_32' title="bbox 89 2344 817 2432; baseline 0.052 -37.856"><span class='ocrx_word' id='word_1_278' title='bbox 89 2344 134 2397; x_wconf 83' lang='lat' dir='ltr'>heus</span> <span class='ocrx_word' id='word_1_279' title='bbox 150 2356 227 2414; x_wconf 86' lang='lat' dir='ltr'>potest</span> <span class='ocrx_word' id='word_1_280' title='bbox 245 2354 339 2419; x_wconf 84' lang='lat' dir='ltr'>iacere,</span> <span class='ocrx_word' id='word_1_281' title='bbox 352 2358 413 2421; x_wconf 82' lang='lat' dir='ltr'>qnod</span> <span class='ocrx_word' id='word_1_282' title='bbox 426 2368 488 2413; x_wconf 85' lang='lat' dir='ltr'>esset</span> <span class='ocrx_word' id='word_1_283' title='bbox 502 2372 692 2432; x_wconf 85' lang='lat' dir='ltr'>comprehendere</span> <span class='ocrx_word' id='word_1_284' title='bbox 715 2378 817 2432; x_wconf 84' lang='lat' dir='ltr'>divinam</span> 
     </span>
     <span class='ocr_line' id='line_1_33' title="bbox 72 2419 815 2508; baseline 0.067 -54"><span class='ocrx_word' id='word_1_285' title='bbox 72 2419 131 2479; x_wconf 70' lang='lat' dir='ltr'>arten,</span> <span class='ocrx_word' id='word_1_286' title='bbox 143 2427 166 2472; x_wconf 91' lang='lat' dir='ltr'>et</span> <span class='ocrx_word' id='word_1_287' title='bbox 176 2461 183 2485; x_wconf 87' lang='lat'>‚</span> <span class='ocrx_word' id='word_1_288' title='bbox 193 2439 236 2489; x_wconf 90' lang='lat' dir='ltr'>per</span> <span class='ocrx_word' id='word_1_289' title='bbox 244 2439 397 2494; x_wconf 85' lang='lat' dir='ltr'>consequens,</span> <span class='ocrx_word' id='word_1_290' title='bbox 408 2433 508 2486; x_wconf 87' lang='lat' dir='ltr'>divinam</span> <span class='ocrx_word' id='word_1_291' title='bbox 521 2442 656 2508; x_wconf 84' lang='lat' dir='ltr'>essentiam3</span> <span class='ocrx_word' id='word_1_292' title='bbox 670 2448 743 2500; x_wconf 85' lang='lat' dir='ltr'>victus</span> <span class='ocrx_word' id='word_1_293' title='bbox 752 2453 815 2503; x_wconf 89' lang='lat' dir='ltr'>enim</span> 
     </span>
    </p>
   </div>
   <div class='ocr_carea' id='block_1_4' title="bbox 59 2525 815 2868">
    <p class='ocr_par' dir='ltr' id='par_1_4' title="bbox 59 2525 815 2868">
     <span class='ocr_line' id='line_1_34' title="bbox 72 2525 813 2626; baseline 0.047 -43"><span class='ocrx_word' id='word_1_294' title='bbox 72 2525 165 2586; x_wconf 59' lang='lat' dir='ltr'>lippum</span> <span class='ocrx_word' id='word_1_295' title='bbox 180 2555 279 2590; x_wconf 84' lang='lat' dir='ltr'>sensum</span> <span class='ocrx_word' id='word_1_296' title='bbox 298 2548 476 2613; x_wconf 69' lang='lat' dir='ltr'>equivalenter,</span> <span class='ocrx_word' id='word_1_297' title='bbox 492 2558 594 2606; x_wconf 89' lang='lat' dir='ltr'>sednon</span> <span class='ocrx_word' id='word_1_298' title='bbox 611 2568 719 2621; x_wconf 77' lang='lat' dir='ltr'>expresse</span> <span class='ocrx_word' id='word_1_299' title='bbox 733 2573 813 2626; x_wconf 82' lang='lat' dir='ltr'>quoad</span> 
     </span>
     <span class='ocr_line' id='line_1_35' title="bbox 69 2590 815 2688; baseline 0.056 -49"><span class='ocrx_word' id='word_1_300' title='bbox 69 2590 106 2656; x_wconf 60' lang='lat' dir='ltr'>llic</span> <span class='ocrx_word' id='word_1_301' title='bbox 117 2602 143 2645; x_wconf 89' lang='lat' dir='ltr'>sie</span> <span class='ocrx_word' id='word_1_302' title='bbox 159 2607 223 2652; x_wconf 88' lang='lat' dir='ltr'>enirn</span> <span class='ocrx_word' id='word_1_303' title='bbox 244 2607 292 2667; x_wconf 87' lang='lat' dir='ltr'>ihi,</span> <span class='ocrx_word' id='word_1_304' title='bbox 309 2623 370 2656; x_wconf 86' lang='lat' dir='ltr'>vers.</span> <span class='ocrx_word' id='word_1_305' title='bbox 389 2612 419 2657; x_wconf 65' lang='grc' dir='ltr'><em>Ἠ</em></span> <span class='ocrx_word' id='word_1_306' title='bbox 434 2631 440 2658; x_wconf 84' lang='lat' dir='ltr'>r</span> <span class='ocrx_word' id='word_1_307' title='bbox 457 2616 532 2666; x_wconf 77' lang='lat' dir='ltr'>merto</span> <span class='ocrx_word' id='word_1_308' title='bbox 547 2625 571 2666; x_wconf 79' lang='lat' dir='ltr'>ei</span> <span class='ocrx_word' id='word_1_309' title='bbox 584 2623 658 2672; x_wconf 87' lang='lat' dir='ltr'>Pater</span> <span class='ocrx_word' id='word_1_310' title='bbox 678 2635 815 2688; x_wconf 73' lang='lat' dir='ltr'>potestatem</span> 
     </span>
     <span class='ocr_line' id='line_1_36' title="bbox 59 2655 812 2751; baseline 0.056 -52"><span class='ocrx_word' id='word_1_311' title='bbox 59 2655 134 2706; x_wconf 61' lang='lat' dir='ltr'>t&#39;lehem</span> <span class='ocrx_word' id='word_1_312' title='bbox 150 2668 249 2724; x_wconf 75' lang='lat' dir='ltr'>fecere,</span> <span class='ocrx_word' id='word_1_313' title='bbox 263 2673 323 2727; x_wconf 82' lang='lat' dir='ltr'>puio</span> <span class='ocrx_word' id='word_1_314' title='bbox 342 2673 427 2720; x_wconf 70' lang='lat' dir='ltr'>Fetere</span> <span class='ocrx_word' id='word_1_315' title='bbox 447 2679 555 2728; x_wconf 75' lang='lat' dir='ltr'>homimis</span> <span class='ocrx_word' id='word_1_316' title='bbox 572 2690 614 2732; x_wconf 81' lang='lat' dir='ltr'>est.</span> <span class='ocrx_word' id='word_1_317' title='bbox 637 2691 681 2735; x_wconf 84' lang='lat' dir='ltr'>sed</span> <span class='ocrx_word' id='word_1_318' title='bbox 697 2693 762 2744; x_wconf 74' lang='lat' dir='ltr'>Act,</span> <span class='ocrx_word' id='word_1_319' title='bbox 781 2697 812 2751; x_wconf 81' lang='lat' dir='ltr'>X,</span> 
     </span>
     <span class='ocr_line' id='line_1_37' title="bbox 59 2718 813 2812; baseline 0.046 -45"><span class='ocrx_word' id='word_1_320' title='bbox 59 2723 90 2756; x_wconf 72' lang='lat' dir='ltr'>me,</span> <span class='ocrx_word' id='word_1_321' title='bbox 101 2718 137 2769; x_wconf 70' lang='lat' dir='ltr'>ll:</span> <span class='ocrx_word' id='word_1_322' title='bbox 153 2733 285 2790; x_wconf 74' lang='lat' dir='ltr'>Postquam</span> <span class='ocrx_word' id='word_1_323' title='bbox 299 2740 439 2784; x_wconf 73' lang='lat' dir='ltr'>rmorrexit</span> <span class='ocrx_word' id='word_1_324' title='bbox 455 2743 471 2785; x_wconf 82' lang='lat' dir='ltr'>h</span> <span class='ocrx_word' id='word_1_325' title='bbox 485 2748 604 2798; x_wconf 74' lang='lat' dir='ltr'>mortuis,</span> <span class='ocrx_word' id='word_1_326' title='bbox 614 2757 733 2812; x_wconf 69' lang='lat' dir='ltr'>precepit</span> <span class='ocrx_word' id='word_1_327' title='bbox 743 2755 813 2800; x_wconf 76' lang='lat' dir='ltr'>nohis</span> 
     </span>
     <span class='ocr_line' id='line_1_38' title="bbox 72 2777 811 2868; baseline 0.047 -38"><span class='ocrx_word' id='word_1_328' title='bbox 72 2777 135 2830; x_wconf 71' lang='lat' dir='ltr'>olens</span> <span class='ocrx_word' id='word_1_329' title='bbox 145 2795 204 2848; x_wconf 75' lang='lat' dir='ltr'>petio</span> <span class='ocrx_word' id='word_1_330' title='bbox 220 2796 275 2851; x_wconf 80' lang='lat' dir='ltr'>ipse</span> <span class='ocrx_word' id='word_1_331' title='bbox 297 2801 446 2848; x_wconf 72' lang='lat' dir='ltr'>constitutos</span> <span class='ocrx_word' id='word_1_332' title='bbox 462 2809 495 2850; x_wconf 81' lang='lat' dir='ltr'>est</span> <span class='ocrx_word' id='word_1_333' title='bbox 508 2808 524 2851; x_wconf 80' lang='lat' dir='ltr'>ri</span> <span class='ocrx_word' id='word_1_334' title='bbox 536 2809 586 2854; x_wconf 85' lang='lat' dir='ltr'>Deo</span> <span class='ocrx_word' id='word_1_335' title='bbox 596 2811 679 2868; x_wconf 70' lang='lat' dir='ltr'>judee</span> <span class='ocrx_word' id='word_1_336' title='bbox 695 2819 811 2862; x_wconf 71' lang='lat' dir='ltr'>civorm</span> 
     </span>
    </p>
   </div>
   <div class='ocr_carea' id='block_1_5' title="bbox 49 2846 574 2919">
    <p class='ocr_par' dir='ltr' id='par_1_5' title="bbox 49 2846 574 2919">
     <span class='ocr_line' id='line_1_39' title="bbox 49 2846 574 2919; baseline 0.084 -43"><span class='ocrx_word' id='word_1_337' title='bbox 49 2846 61 2867; x_wconf 57' lang='grc' dir='ltr'><em>ἰ</em></span> <span class='ocrx_word' id='word_1_338' title='bbox 70 2849 199 2906; x_wconf 68' lang='lat' dir='ltr'>mortuorum,</span> <span class='ocrx_word' id='word_1_339' title='bbox 211 2858 276 2904; x_wconf 72' lang='lat' dir='ltr'>siout</span> <span class='ocrx_word' id='word_1_340' title='bbox 286 2859 388 2918; x_wconf 83' lang='lat' dir='ltr'>loquitur</span> <span class='ocrx_word' id='word_1_341' title='bbox 399 2863 433 2910; x_wconf 90' lang='lat' dir='ltr'>ihi</span> <span class='ocrx_word' id='word_1_342' title='bbox 447 2868 470 2914; x_wconf 82' lang='lat' dir='ltr'>S.</span> <span class='ocrx_word' id='word_1_343' title='bbox 484 2872 574 2919; x_wconf 78' lang='lat' dir='ltr'>Petrus.</span> 
     </span>
    </p>
   </div>
   <div class='ocr_carea' id='block_1_6' title="bbox 0 0 964 3317">
    <p class='ocr_par' dir='ltr' id='par_1_6' title="bbox 0 0 964 3317">
     <span class='ocr_line' id='line_1_40' title="bbox 0 0 964 3317; baseline 0 10"><span class='ocrx_word' id='word_1_344' title='bbox 0 0 964 3317; x_wconf 95' lang='lat' dir='ltr'> </span> 
     </span>
    </p>
   </div>
  </div>
 </body>
</html>
