1917 3317
148 207 180 252 86
254 215 362 254 secunus
379 216 503 265 secusne,
516 216 611 259 oense.
626 215 730 261 cunr,
744 213 798 250 sar.
814 212 838 248 rr.

149 297 242 358 propter
260 293 304 342 duo
326 307 332 339 z
351 289 425 355 primo
444 288 550 353 quidem,
569 291 624 354 quir
644 292 689 340 lucc
710 292 819 353 repugnat
837 274 923 336 maduit

149 364 320 430 proximorum,
336 375 432 426 quorum
451 361 545 412 utilitati
556 374 582 411 se
596 360 679 424 siquis
694 361 764 412 debet
776 366 882 423 exponere
894 362 924 426 ptt

150 437 200 487 loco
214 437 237 485 et
250 437 360 498 lempure;
371 433 432 484 unde
442 433 596 496 Augustinus,
606 432 667 482 ltili.
681 431 718 482 De
729 432 807 482 civit.
819 429 872 483 Dei,
885 423 925 473 dict

152 508 189 570 (ut
202 505 290 570 sopri),
308 505 367 570 quod
383 521 397 553 u
413 505 530 567 negotium
541 503 627 567 justum
654 502 738 566 nscipit
750 501 871 554 necessitas
886 496 925 544 clt-

151 577 234 628 ritulis.
248 593 262 624 o
276 575 396 639 Secundo,
417 575 469 639 qnia
482 577 527 626 lroc
540 588 638 638 repugna
667 573 805 638 humilitati,
821 585 861 638 per
873 576 925 643 qtttl

151 648 233 712 uliquis
246 649 385 712 superiorum
401 647 516 697 mandatis
529 660 553 697 se
566 646 666 707 subjicit.
680 645 743 696 Unde
756 645 873 709 Gregorius
885 637 926 688 diri

150 720 173 770 in
190 723 289 770 Pastor.
305 723 379 784 (pert.
394 721 414 782 l,
423 732 474 782 cap.
488 720 533 781 o):
549 719 635 768 «Tunc
646 721 698 768 ante
711 717 750 768 llel
760 719 837 768 oculos
846 712 927 764 temeti

151 792 268 842 humilitas
277 829 283 853 ,
293 791 344 841 cim
357 791 386 842 ad
405 791 558 855 respuendum
569 792 614 842 lsoc
627 791 687 853 quod
701 789 785 840 utiliter
801 787 874 840 cultim
884 795 927 847 pm

151 863 249 927 cipitur,
266 861 371 926 pertinax
383 875 430 912 nou
443 865 488 911 est.
499 878 513 908 »

182 934 216 983 Ad
237 935 336 997 primum
352 947 405 996 ergo
422 931 557 993 dicendum,
572 931 634 996 qudd
650 931 754 996 momnis
772 929 899 995 simpliciter
913 925 928 970 tl

72 1043 75 1050 .
151 1003 254 1056 absolute
270 1004 395 1068 loquendo,
408 1004 456 1053 vitu
467 1003 644 1067 contemplativa
654 1002 728 1067 potior
738 1002 768 1053 sit
780 1002 848 1066 quim
860 996 928 1048 uuio.

151 1079 175 1126 et
184 1088 249 1126 amor
262 1075 301 1126 ilci
311 1074 379 1138 quim
388 1074 483 1126 dilectio
494 1073 599 1137 proximi,
608 1078 721 1125 tamenex
733 1072 778 1123 alia
788 1077 853 1136 parte
861 1071 929 1120 bouum

152 1145 304 1197 multitudinis
323 1145 487 1210 preterendum
507 1148 543 1194 est
560 1146 620 1196 bono
637 1145 714 1195 nnius.
726 1145 790 1195 Unde
809 1139 930 1206 Augustinus

151 1217 206 1268 dicit
219 1219 243 1267 in
258 1217 335 1267 uerbis
348 1215 473 1280 peremissis
488 1232 494 1266 ι
510 1217 610 1280 «Neque
624 1217 695 1266 otium
714 1213 813 1266 vestrum
825 1209 931 1264 necessilt·

151 1289 214 1340 tibus
227 1287 335 1340 Ecclesiae
349 1287 503 1352 preponatis;
513 1305 527 1334 o
540 1289 665 1352 presertim
678 1286 730 1350 quia
744 1289 822 1338 ebdcc
831 1286 903 1350 ipsum
913 1275 931 1326 tl

149 1360 295 1411 dilectionem
303 1361 344 1410 Dei
354 1358 453 1424 pertinet
466 1359 527 1422 qndd
536 1359 619 1422 aliquis
627 1359 709 1410 oribus
720 1357 803 1408 Cirristi
811 1369 887 1408 curam
895 1362 931 1416 ptt·

97 1455 110 1478 .
150 1432 244 1482 tornlem
254 1431 381 1495 impendat.
394 1432 457 1482 Unde
466 1443 537 1494 super
547 1431 603 1480 illud
613 1436 697 1488 doun„
713 1429 756 1480 ult.
768 1444 774 1480 ι
784 1447 798 1477 u
810 1429 881 1480 Pasce
893 1431 933 1476 ores

151 1515 228 1565 meas,
242 1517 256 1550 rr
271 1501 326 1552 dicit
337 1503 475 1566 Augustinus
486 1502 579 1566 (Tract.
589 1501 695 1566 extitit)
707 1516 713 1550 ε
731 1517 745 1549 u
755 1500 790 1550 Sit
802 1499 887 1551 amoris
897 1493 936 1545 cll-¹

149 1573 211 1623 cium
226 1585 320 1637 pascere
332 1573 474 1624 dominicum
485 1585 587 1636 gregem,
602 1572 715 1623 sicutluit
728 1571 817 1621 timoris
832 1568 936 1621 indicium

151 1657 234 1707 negare
249 1649 372 1708 pastorem.
387 1661 400 1692 n
418 1644 528 1694 Similiter
542 1643 611 1694 etiarn
630 1642 719 1708 prelati
737 1656 784 1692 non
805 1643 839 1692 sic
854 1635 935 1692 transle-

151 1720 231 1764 rnntur
245 1717 272 1766 ad
288 1716 486 1776 viromandiam,
500 1719 527 1764 ut
539 1715 739 1778 contemplativam
753 1715 867 1767 deserant.
886 1707 935 1779 Uolt

153 1786 292 1850 Augustinus
308 1788 377 1850 dicit,
391 1787 452 1838 ltili.
468 1788 507 1836 De
520 1787 599 1838 Cr'or't.
615 1787 664 1836 Dei
678 1788 711 1846 lut
725 1784 817 1850 supra),
831 1783 892 1849 qudd
904 1788 935 1825 «t

152 1857 282 1921 imponatur
297 1858 385 1909 sarcina
397 1857 518 1922 pastoralis
530 1857 614 1920 cilicii,
629 1855 712 1907 necsic
727 1856 852 1907 deserenda
866 1859 900 1905 cst
909 1852 935 1900 de

154 1929 245 1978 lectatio
259 1929 373 1990 ueritatis,
388 1944 402 1976 u
416 1942 467 1992 quae
481 1927 567 1980 scilicet
579 1929 604 1978 in
615 1927 808 1991 contemplatione
822 1927 921 1977 habetur-

183 2001 216 2049 Ad
227 2001 351 2051 secuudum
361 2000 490 2060 dicendum,
503 1997 565 2062 quod
574 1999 650 2048 nullus
661 2002 751 2048 tenetur
761 1997 853 2048 obedire
862 1995 935 2061 pratel

152 2073 182 2122 ad
199 2071 290 2136 aliquod
302 2071 421 2132 illicitum,
430 2071 492 2122 sicut
504 2073 568 2134 patet
578 2083 607 2120 en
624 2069 662 2120 his
678 2082 731 2132 qum
742 2068 811 2132 suprl
823 2069 886 2120 dicta
899 2077 934 2115 suc

152 2145 181 2194 de
198 2143 326 2194 obedientia
342 2143 391 2207 (qn.
407 2145 462 2204 lit,
477 2145 522 2192 art.
540 2144 575 2206 5).
589 2143 668 2192 Potest
680 2153 735 2203 ergo
746 2138 879 2204 contingere
892 2133 935 2200 quir

152 2215 191 2266 ille
208 2214 245 2266 cui
257 2214 385 2279 injungitur
399 2213 543 2276 prelationis
557 2212 672 2282 cilicium,
683 2211 708 2261 in
721 2223 747 2261 se
758 2210 850 2274 ¹aliquid
861 2207 935 2261 senta

154 2290 245 2352 propter
261 2286 322 2350 quod
335 2299 380 2336 nco
393 2287 461 2338 liceat
472 2286 495 2336 ei
510 2284 664 2349 prelationem
678 2282 790 2347 accipere.
811 2283 861 2334 lloc
878 2284 935 2332 auten

152 2360 341 2423 impedimentum
354 2359 490 2421 quandoque
500 2357 592 2421 quidem
601 2355 715 2405 removeri
725 2357 803 2418 potest
812 2368 856 2417 per
866 2354 935 2418 ipsun

152 2435 201 2481 met
223 2429 261 2479 cui
277 2430 399 2494 pastoralis
418 2442 472 2479 cura
485 2427 622 2492 injungitur,
636 2426 693 2490 pulit
708 2425 728 2476 si
745 2426 828 2476 habeat
847 2424 935 2491 peccaut

152 2502 308 2565 pmpositum,
323 2503 382 2564 quod
397 2505 474 2566 potest
489 2501 608 2562 deserere3
623 2504 648 2549 et
659 2502 751 2562 propter
766 2499 811 2548 lroc
823 2512 873 2548 nou
887 2507 935 2547 erro

152 2577 225 2634 satur,
237 2572 293 2634 quin
302 2571 398 2622 finaliter
407 2577 513 2624 teneatur
521 2571 613 2621 obedire
622 2571 717 2633 praelato
728 2569 871 2632 injungenti.
879 2571 935 2629 Quart

153 2644 228 2706 doque
241 2642 296 2694 vend
306 2643 495 2709 impedimentum
507 2656 536 2693 ex
546 2655 592 2702 quo
601 2642 628 2692 tit
636 2641 659 2692 ei
668 2641 772 2690 illicilum
780 2641 895 2705 pastorale
903 2635 935 2688 oli

152 2713 229 2776 cium,
244 2727 289 2764 non
303 2721 379 2779 polest
391 2715 440 2780 ipse
460 2716 594 2777 remouere,
611 2713 650 2764 sed
663 2712 769 2778 praelatus
782 2711 822 2776 qui
837 2709 934 2776 injungit

154 2785 208 2849 prrti
224 2785 243 2834 si
258 2785 288 2835 sit
298 2786 425 2850 irregularis
439 2787 475 2836 vel
492 2784 716 2847 excommunicatus3
730 2787 753 2835 et
762 2788 817 2832 tuuc
828 2783 899 2834 debet
911 2781 934 2830 de

153 2860 238 2906 tectum
257 2870 322 2906 suum
333 2859 424 2922 prelato
437 2856 568 2919 injungenti
574 2857 709 2918 ostendere,
718 2854 757 2918 qui
771 2855 791 2904 si
805 2854 934 2918 impedimer

155 2932 205 2977 tum
233 2941 349 2980 removere
370 2929 486 2992 noluerit,
509 2931 598 2978 tenetur
625 2927 741 2978 humiliter
762 2925 864 2976 omdire.
893 2925 934 2974 llnt
