1917 3317
127 126 175 173 '1⁰8
305 134 367 173 raus
382 136 426 183 ur,
439 126 533 180 numer.
551 136 636 185 anve,
651 134 703 173 aar.
717 136 748 174 m.

125 210 235 273 veniuut3
245 211 306 260 unde
317 210 399 260 dicitur
408 212 526 267 luetur„
538 212 568 261 Vt
580 226 586 260 :
604 228 618 259 u
627 212 684 263 Ecce
696 212 736 272 vir,
747 208 815 260 Oriens
824 219 895 257 numen

126 282 186 346 ejus.
203 298 217 328 u
234 282 343 331 Dicuntur
365 286 455 343 autem,
469 282 501 331 ad
523 282 635 339 Oriente,
660 282 687 333 ud
709 282 793 331 litteram
808 281 896 329 venisse.

127 355 166 403 vet
179 353 231 417 quia
242 355 270 403 de
279 353 366 403 ultimis
377 351 476 403 Orientis
487 356 588 418 partibus
600 358 718 415 venerunt,
728 350 837 402 secuudirm
847 364 899 412 quire·

128 425 194 486 dam,
210 426 246 473 vet
259 425 312 487 quia
326 426 354 473 de
368 424 482 487 aliquibus
499 424 584 474 vicinis
600 426 701 489 partibus
712 424 786 473 tudae
797 431 891 470 veneror:

127 508 180 561 qum
199 499 276 544 tamen
296 499 351 544 suut
374 493 461 556 regioni
479 495 609 544 Jndaeorum
631 496 659 545 ad
678 496 791 546 Orientem.
809 491 895 541 Credidi}

128 569 206 617 temen
218 571 270 627 est,
288 567 355 615 etiam
371 566 395 615 iu
407 565 458 614 aliis
472 567 575 629 partibus
590 566 670 616 mundi
689 566 758 629 aliqua
771 564 849 613 iudicia
861 576 898 609 na:

129 638 207 687 vitatis
231 636 315 686 Christi
338 636 481 700 apparuisse3
498 638 557 685 sicut
579 638 659 688 anae
679 638 743 685 duxit
760 636 845 695 deum,
859 640 889 679 et*

129 708 240 771 Hispania
251 710 405 771 apparuerunt
417 710 465 757 tres
478 706 554 766 sotes,
565 708 676 771 pautatirn
691 708 714 756 in
727 718 793 755 unum
809 712 894 753 coeunt·

161 781 195 829 td
207 784 311 843 quartum
323 778 455 837 dicendum,
472 778 532 843 quod
546 778 607 827 sicut
619 780 791 843 chrysostomus
806 776 854 825 dicit
867 780 886 832 {²

130 850 172 917 prd
182 850 201 910 t,
217 868 232 898 u
244 849 343 913 Angelus
354 849 501 898 manifestans
517 850 603 898 Christi
616 850 759 900 nativitatem
770 862 813 899 nou
822 848 860 897 ivit
870 846 894 891 n

131 922 280 985 mammam,
296 934 343 971 nou
362 921 482 983 requisivit
497 921 589 969 Scribas
606 925 630 969 et
645 921 855 983 Pharismos,erant
865 930 890 964 m·

132 992 231 1055 corrupti
250 997 274 1042 et
287 1006 333 1056 pru
352 991 437 1041 invidia
450 992 622 1055 cru1·iabautnr;
638 994 680 1043 sed
695 998 797 1057 pastores
810 994 865 1040 erun

132 1062 195 1122 ceri,
216 1063 332 1126 antiquam
350 1063 544 1113 conversationem
558 1064 746 1113 Patriarctrarnm
760 1068 784 1113 et
799 1061 888 1125 Moysis«
904 1082 909 1089 ·

131 1132 216 1182 tentes.
237 1149 252 1179 v
274 1135 318 1183 Per
338 1134 380 1182 nos
403 1133 472 1182 etiam
495 1136 601 1197 pastores
627 1132 815 1197 significabantur
833 1135 899 1180 doruv

130 1202 253 1263 Ecclesia,
272 1205 355 1267 quinus
374 1204 461 1253 Christi
478 1203 587 1269 mysteria
603 1205 749 1272 revelantur,
767 1220 816 1271 qum
834 1204 894 1253 latet*

132 1273 229 1324 tudens.

163 1346 197 1395 nd
215 1345 321 1408 quintum
337 1346 470 1409 dicendum,
484 1346 544 1411 qudd
560 1346 619 1396 sieut
634 1346 772 1399 Ambrosius
792 1346 855 1410 dirit,
867 1361 904 1405 suf·

132 1418 204 1475 Luc,
223 1418 260 1477 rt,
284 1433 298 1463 u
315 1418 431 1479 generatio
448 1417 540 1467 nomini
561 1430 608 1467 nou
626 1418 704 1469 sotum
727 1419 896 1483 diuveuitruss

132 1489 202 1539 etium
219 1487 232 1537 a
248 1488 376 1539 senioribus
389 1492 413 1539 et
431 1489 502 1553 justis
520 1490 605 1555 accipit
624 1490 805 1555 testimonium
822 1503 896 1553 vunnu

132 1561 204 1611 etiam
219 1558 351 1611 testimonio
364 1565 455 1625 propter
467 1562 582 1624 justitium
595 1563 671 1625 magis
685 1565 833 1615 credebatur.

425 1740 586 1791 numenius
603 1740 642 1792 tt.

137 1871 223 1917 Utrum
238 1871 348 1918 Christus
360 1883 403 1929 per
411 1870 519 1977 teipsufmb
528 1869 683 1976 Μζῖυἱεείεπι
701 1884 777 1919 suam
792 1874 894 1927 mundes:

494 1946 506 1976 ε
520 1945 571 1977 uere
586 1966 592 1977 .

167 2064 200 2115 td
213 2068 317 2130 quartum
331 2064 364 2113 sic
373 2062 512 2128 proceditur.
523 2062 619 2113 Videtur
632 2062 695 2125 qudd
710 2064 822 2117 Christus
833 2080 872 2130 per
884 2077 898 2111 s:

133 2150 184 2189 uum
201 2137 342 2186 nativitatem
353 2148 416 2185 suam
430 2134 576 2183 manifestare
593 2133 708 2184 debuerit.
723 2135 802 2187 Carisa
816 2140 876 2187 euim
892 2151 899 2172 ·’

135 2211 171 2258 est
181 2221 222 2271 per
235 2220 274 2266 se,
289 2220 378 2270 semper
387 2210 422 2257 est
435 2205 510 2269 potior
523 2218 551 2255 ea
564 2218 615 2269 qum
633 2209 668 2254 est
678 2220 722 2269 per
735 2208 811 2270 aliud,
823 2216 848 2258 ut
865 2212 890 2255 dr.

134 2275 159 2325 iu
171 2278 229 2327 vett.
247 2278 346 2341 Physic.
361 2276 432 2339 (text.
455 2279 485 2324 39
495 2277 513 2335 t.
534 2274 578 2324 Sed
596 2274 702 2325 Christus
717 2288 786 2327 suam
800 2279 902 2327 uativno

134 2348 289 2399 manifestavit
301 2362 343 2413 per
355 2348 424 2409 alios,
434 2347 499 2411 pntd,
515 2347 644 2411 pastoribus
658 2360 699 2411 per
712 2351 829 2412 Angelos,
840 2357 862 2401 et
872 2362 897 2396 na

134 2434 176 2484 per
189 2421 285 2471 stellam.
304 2422 363 2482 Ergo
373 2419 444 2470 muttd
457 2418 529 2482 magis
540 2431 581 2483 per
598 2420 700 2483 seipsum
713 2421 796 2473 debuit
807 2436 869 2473 suam
883 2436 894 2469 r

134 2491 229 2542 vitatem
244 2492 398 2541 manifestare.

167 2566 191 2610 2.
205 2564 328 2620 Praeterea,
343 2560 448 2619 Eaedem,
459 2562 517 2620 XX,
529 2560 629 2613 dieitur:
645 2578 661 2610 u
674 2562 797 2627 Sapientia
812 2565 886 2614 ahsrun

135 2634 160 2680 et
168 2633 289 2681 thesaurus
298 2631 400 2692 invisus,
410 2644 461 2692 quae
474 2632 563 2682 utititas
575 2633 599 2681 iu
609 2633 746 2697 utriusque?
756 2651 771 2681 n
784 2635 829 2685 Sed
840 2638 894 2685 Cirr

136 2700 150 2749 t
162 2702 276 2766 principio
290 2716 337 2752 suae
350 2702 508 2765 conceptionis
521 2704 589 2767 piene
600 2705 682 2755 habuit
692 2705 812 2771 sapientis
828 2714 852 2756 et
865 2722 886 2768 gv
901 2744 904 2751 .

134 2771 277 2823 thesaurum.
300 2772 349 2823 Nisi
366 2785 420 2834 ergo
440 2775 502 2823 hauc
523 2775 689 2839 plenitudinem
712 2780 878 2829 manifestasset

137 2849 206 2900 opera
217 2846 240 2891 et
252 2842 422 2905 verberasset
432 2844 516 2896 trustra
525 2846 548 2896 ei
558 2848 610 2897 data
622 2847 737 2913 sapientia
750 2853 775 2899 et
786 2851 868 2915 gratia3
879 2865 897 2913 ρ
