1917 3317
117 214 165 261 ‘lla
294 222 411 271 renarra,
427 221 521 267 ouum.
536 220 626 271 mvr,
641 221 698 258 sur.
715 222 740 259 r.

115 298 243 359 utentibus,
256 298 366 349 rationale
377 297 476 358 animal,
486 296 508 346 id
520 300 567 357 est,
579 297 686 360 angelus,
699 297 822 361 praedicare
832 291 905 345 dehnil.

117 372 218 421 Gentiles
230 369 301 429 uero,
316 370 369 432 quia
386 368 419 418 uti
435 368 523 418 ratione
537 368 686 431 nesciebant,
700 370 727 417 ad
739 368 907 431 cognoscendus

118 444 257 502 Dominum,
275 455 319 489 non
337 455 378 503 per
397 453 475 490 rocem
497 440 536 489 sed
551 451 593 503 per·
612 440 680 501 signa
704 442 865 503 perducuntur.
878 439 908 485 Ει,

120 515 179 565 sieut
193 513 311 563 [luminum
322 514 369 575 jam
379 512 510 574 loquentem
522 512 719 561 annuntiaverunt
731 512 859 562 Gentilibus
866 524 909 574 prr-

121 586 231 635 ditatores
257 587 391 647 loquentes,
407 584 439 632 ita
459 596 512 633 eum
538 585 639 633 nondum
663 584 797 645 loquentem
817 585 904 633 eleurrr.

121 661 185 706 mula
199 657 387 720 praedicaverunt.
401 669 415 700 r
430 655 472 703 Est
488 654 557 703 etiam
574 659 597 703 et
610 654 655 704 alia
668 654 742 719 raliu;
753 656 826 718 quia,
841 660 864 703 ut
877 658 908 701 ln·

123 730 230 792 gustinns
244 727 299 775 dicit
309 727 333 774 iu
347 738 451 774 sermone
466 726 634 788 Epiphnm'oe,
651 742 666 773 (ι
681 726 779 775 hhrahae
796 728 910 775 innumeru-

124 800 178 849 hilis
193 802 266 849 luerat
285 797 394 861 promissa
409 796 524 845 successio
540 808 587 845 non
600 797 680 845 caruis
698 798 807 859 semine,
823 798 862 847 sed
877 795 905 841 lil-

125 871 274 921 loeeunditate
293 868 428 931 generanda.
455 868 485 915 Et
507 866 559 916 ideo
584 868 705 916 stellarum
735 868 874 917 multitudini
890 873 913 912 ut

124 948 270 1005 comparata,
287 947 312 988 ut
325 940 425 989 celestis
437 938 557 1001 progenies
570 944 709 1001 speraretur.
728 940 758 987 Et
769 940 823 990 ideo
835 938 915 989 Gentile-

126 1013 151 1062 in
164 1012 277 1061 sideribus
292 1010 421 1068 designati,
436 1013 488 1057 ortu
506 1009 562 1057 nori
582 1009 667 1059 sideris
680 1008 824 1071 excitantur,
837 1015 863 1058 ιιι
881 1021 915 1070 ρι’-

125 1084 222 1134 reniant
241 1082 270 1131 ad
283 1081 414 1142 Christum,
425 1093 467 1143 per
481 1094 549 1142 quem
563 1080 697 1130 efficiuntur
711 1095 793 1132 semen
808 1083 900 1132 hhrahn

158 1156 193 1203 hd
212 1155 310 1217 primum
327 1167 382 1215 ergo
395 1151 529 1215 dicendum,
547 1151 607 1214 quod
622 1152 678 1201 illud
699 1154 884 1203 manifestatione
896 1152 919 1196 ir·

129 1226 203 1288 diget,
215 1227 274 1287 quic
287 1227 314 1273 de
328 1237 353 1274 se
367 1229 403 1273 est
415 1224 545 1284 occultum,
560 1236 607 1273 uon
622 1228 700 1272 autem
713 1226 774 1273 illud
788 1226 848 1289 quud
864 1226 887 1272 de
904 1244 916 1263 ·-

128 1301 165 1346 est
185 1296 338 1345 manifestum.
356 1295 415 1344 Caro
429 1299 504 1343 auteur
519 1294 570 1357 ejus
589 1295 629 1358 qui
640 1296 791 1355 nascebatur,
805 1302 853 1346 erat
865 1308 905 1343 mn.

129 1367 206 1429 lesta3
222 1369 261 1416 sed
277 1367 385 1414 divinitas
398 1368 446 1414 erat
465 1366 561 1415 ocerrlta.
577 1366 606 1414 Et
619 1365 674 1417 ideo
689 1370 858 1417 conuenienter
870 1380 904 1412 nnn

128 1438 211 1489 testata
235 1442 271 1487 est
284 1438 322 1485 illa
338 1437 443 1485 nativitas
456 1449 498 1499 per·
517 1437 630 1499 Angelos,
644 1439 687 1501 qui
701 1444 759 1487 sunt
773 1440 815 1489 Dei
832 1438 909 1487 minist·

128 1511 194 1561 Unde
206 1515 229 1560 et
240 1523 290 1557 eum
303 1508 404 1557 claritate
418 1508 517 1570 Angelus
529 1507 652 1570 apparuit,
665 1512 693 1557 ut
705 1512 870 1561 ostenderetur
883 1525 901 1571 ρ.

132 1580 171 1631 ille
184 1581 224 1643 qui
238 1580 380 1640 nascebatur,
394 1583 444 1628 erat
459 1578 567 1641 splendor
584 1584 689 1642 pateruae
705 1581 798 1642 glorie.

161 1652 196 1701 hd
209 1652 331 1699 secundum
346 1650 466 1699 dicendum
471 1687 480 1712 ‚
495 1648 555 1713 qudd
568 1650 624 1713 justi
639 1664 687 1699 non
703 1651 844 1715 indigebant
860 1650 901 1699 ris·

131 1723 273 1786 apparitione
293 1722 445 1784 Angelorum3
462 1722 502 1771 sed
517 1720 551 1770 eis
566 1721 698 1771 sufficiebat
708 1724 811 1775 interior
824 1724 898 1773 iustius

130 1793 229 1857 Spiritus
248 1791 330 1852 sancti,
345 1795 437 1855 propter
447 1805 525 1843 eorum
540 1792 716 1855 perlectionem.

163 1865 196 1913 hd
208 1864 297 1913 tertium
315 1864 445 1923 dicendum,
456 1863 516 1927 quod
532 1863 596 1913 stella
605 1862 757 1914 nativitatem
772 1865 858 1916 Christi
873 1878 901 1913 ru<

130 1935 232 1993 lestans,
250 1947 339 1983 ornnem
355 1935 498 1983 occasionem
513 1934 595 1982 erroris
607 1934 741 1998 suhtraxit3
759 1942 798 1998 ut,
818 1940 879 1987 enirn
896 1940 909 1981 ,ι

131 2007 237 2070 gostinus
252 2006 306 2053 dicit
321 2004 416 2053 Contra
429 2006 552 2052 Faustum
570 2004 622 2067 (lih.
637 2005 671 2063 il,
686 2020 742 2069 cap.
762 2013 804 2071 5),
821 2026 837 2055 n
851 2008 902 2070 quit

132 2080 184 2127 dem
200 2077 304 2139 astrologi
318 2077 350 2125 ita
363 2077 530 2125 constituerunt
542 2077 686 2127 nascentium
701 2080 832 2130 huminum
846 2083 889 2129 tatu
904 2104 912 2125 .-

131 2152 221 2210 stellis,
236 2154 262 2198 ut
275 2151 374 2211 aliquam
388 2150 504 2198 stellarum
519 2150 611 2199 homine
625 2150 704 2213 aliquo
713 2156 773 2201 nato
785 2154 915 2201 circuitu:-

132 2223 235 2271 nrdinem
248 2221 379 2283 reliquisse,
393 2224 416 2271 et
433 2222 460 2269 ad
475 2234 529 2269 eum
543 2221 581 2283 qni
598 2224 664 2269 uatus
683 2226 720 2271 est
735 2225 877 2285 perrexisse

133 2294 231 2341 nerent?
245 2310 259 2338 n
279 2295 339 2341 sicut
353 2293 434 2341 accidit
444 2292 502 2341 circa
514 2293 616 2355 stellam,
631 2306 683 2355 quae
702 2295 879 2345 demonstrarit
894 2309 900 2339 r

132 2363 226 2413 ritatem
238 2362 330 2413 Christi.
347 2366 374 2412 Et
390 2363 441 2414 ideo
458 2377 499 2427 per
508 2366 552 2413 hoc
563 2378 608 2414 uon
624 2364 782 2415 confirmatur
793 2381 861 2415 error
872 2382 896 2413 eo

134 2434 172 2495 qui
190 2439 274 2484 sortem
292 2435 434 2485 nasceutirrm
453 2436 587 2496 homiuum,
608 2438 722 2484 astrorum
746 2438 831 2487 ordini
852 2438 893 2485 eol'.

133 2504 282 2566 arbitrantur3
300 2521 345 2555 unu
358 2512 432 2557 autern
447 2508 542 2556 creduut
555 2512 663 2557 astrorum
681 2506 836 2559 ordinemsed
853 2512 896 2557 hun

132 2576 275 2624 nativitatem
294 2590 362 2639 posse
379 2578 472 2626 mutari.
487 2578 597 2627 Similiter
618 2579 701 2637 eliam,
717 2582 746 2627 ut
770 2582 896 2645 Chrysus&

134 2644 191 2692 dicit
206 2646 256 2705 (uhi
271 2647 368 2708 sapui),
392 2653 514 2698 «nonest
529 2650 573 2698 huc
593 2648 740 2699 astronomiae
762 2664 843 2713 opus,
860 2654 909 2700 ds·

133 2714 193 2762 scire
207 2716 295 2777 eosqui
312 2722 444 2779 naseuntur,
458 2719 500 2767 sed
510 2719 538 2767 ah
550 2720 606 2769 hura
620 2719 768 2783 natiuitatis,
787 2726 909 2786 praedi-er

131 2781 194 2844 Magi
210 2789 284 2832 autem
304 2789 394 2848 tempus
410 2788 538 2837 nativitatis
555 2802 601 2838 nou
617 2798 795 2853 cognoverunt,
808 2800 838 2843 ut
854 2796 906 2843 hir:
926 2822 927 2825 κ

134 2857 223 2901 mentes
242 2854 348 2914 initium,
363 2855 377 2905 ir
394 2858 512 2908 stellarum
526 2864 590 2911 motu
610 2860 685 2910 tntnra
703 2870 903 2925 cognoscerent:
926 2892 927 2895 =

135 2920 212 2978 potiirs
222 2922 235 2971 d
248 2924 366 2974 conversi.
