<?xml version="1.0" encoding="UTF-8"?>
<!DOCTYPE html PUBLIC "-//W3C//DTD XHTML 1.0 Transitional//EN"
    "http://www.w3.org/TR/xhtml1/DTD/xhtml1-transitional.dtd">
<html xmlns="http://www.w3.org/1999/xhtml" xml:lang="en" lang="en">
 <head>
  <title>
</title>
<meta http-equiv="Content-Type" content="text/html;charset=utf-8" />
  <meta name='ocr-system' content='tesseract 3.04.00' />
  <meta name='ocr-capabilities' content='ocr_page ocr_carea ocr_par ocr_line ocrx_word'/>
</head>
<body>
  <div class='ocr_page' id='page_1' title='image "./summatheologica02nicogoog_0978.png"; bbox 0 0 1917 3317; ppageno 0'>
   <div class='ocr_carea' id='block_1_1' title="bbox 35 112 855 264">
    <p class='ocr_par' dir='ltr' id='par_1_1' title="bbox 37 112 855 264">
     <span class='ocr_line' id='line_1_1' title="bbox 195 112 831 161; baseline 0.008 -5"><span class='ocrx_word' id='word_1_1' title='bbox 195 118 226 157; x_wconf 83' lang='lat' dir='ltr'><strong>nu</strong></span> <span class='ocrx_word' id='word_1_2' title='bbox 240 116 449 157; x_wconf 72' lang='lat' dir='ltr'><strong>mmsrnrmrn</strong></span> <span class='ocrx_word' id='word_1_3' title='bbox 463 118 674 159; x_wconf 73' lang='lat' dir='ltr'><strong>amnncrrorrrs.</strong></span> <span class='ocrx_word' id='word_1_4' title='bbox 783 112 831 161; x_wconf 74' lang='lat' dir='ltr'><strong>aad</strong></span> 
     </span>
     <span class='ocr_line' id='line_1_2' title="bbox 35 194 855 264; baseline 0.005 -17.01"><span class='ocrx_word' id='word_1_5' title='bbox 35 196 220 249; x_wconf 82' lang='lat' dir='ltr'><strong>nscenderent</strong></span> <span class='ocrx_word' id='word_1_6' title='bbox 234 194 343 247; x_wconf 90' lang='lat' dir='ltr'><strong>rationem</strong></span> <span class='ocrx_word' id='word_1_7' title='bbox 355 196 489 258; x_wconf 83' lang='lat' dir='ltr'><strong>humanam,</strong></span> <span class='ocrx_word' id='word_1_8' title='bbox 499 199 523 246; x_wconf 88' lang='lat' dir='ltr'><strong>et</strong></span> <span class='ocrx_word' id='word_1_9' title='bbox 535 196 568 247; x_wconf 85' lang='lat' dir='ltr'><strong>ita</strong></span> <span class='ocrx_word' id='word_1_10' title='bbox 581 209 628 248; x_wconf 89' lang='lat' dir='ltr'><strong>non</strong></span> <span class='ocrx_word' id='word_1_11' title='bbox 641 201 718 249; x_wconf 77' lang='lat' dir='ltr'><strong>essem</strong></span> <span class='ocrx_word' id='word_1_12' title='bbox 730 198 832 251; x_wconf 86' lang='lat' dir='ltr'><strong>efficacia</strong></span> <span class='ocrx_word' id='word_1_13' title='bbox 850 215 855 264; x_wconf 65' lang='grc' dir='ltr'><strong>ι</strong></span> 
     </span>
    </p>
   </div>
   <div class='ocr_carea' id='block_1_2' title="bbox 35 267 882 2911">
    <p class='ocr_par' dir='ltr' id='par_1_2' title="bbox 35 267 854 1763">
     <span class='ocr_line' id='line_1_3' title="bbox 50 267 854 333; baseline 0.005 -14"><span class='ocrx_word' id='word_1_14' title='bbox 50 272 135 321; x_wconf 89' lang='lat' dir='ltr'><strong>iidem</strong></span> <span class='ocrx_word' id='word_1_15' title='bbox 156 267 331 319; x_wconf 84' lang='lat' dir='ltr'><strong>resurrectionis</strong></span> <span class='ocrx_word' id='word_1_16' title='bbox 344 268 505 328; x_wconf 78' lang='lat' dir='ltr'><strong>astruendam,</strong></span> <span class='ocrx_word' id='word_1_17' title='bbox 519 282 570 333; x_wconf 82' lang='lat' dir='ltr'><strong>qua</strong></span> <span class='ocrx_word' id='word_1_18' title='bbox 583 269 694 320; x_wconf 86' lang='lat' dir='ltr'><strong>rationem</strong></span> <span class='ocrx_word' id='word_1_19' title='bbox 709 270 831 323; x_wconf 86' lang='lat' dir='ltr'><strong>numanam</strong></span> <span class='ocrx_word' id='word_1_20' title='bbox 849 267 854 313; x_wconf 78' lang='lat'><strong><em>¹</em></strong></span> 
     </span>
     <span class='ocr_line' id='line_1_4' title="bbox 35 333 853 406; baseline 0.001 -13"><span class='ocrx_word' id='word_1_21' title='bbox 35 344 114 393; x_wconf 85' lang='lat' dir='ltr'><strong>redit.</strong></span> <span class='ocrx_word' id='word_1_22' title='bbox 134 344 239 406; x_wconf 78' lang='lat' dir='ltr'><strong>Oportet</strong></span> <span class='ocrx_word' id='word_1_23' title='bbox 252 340 313 390; x_wconf 88' lang='lat' dir='ltr'><strong>enim</strong></span> <span class='ocrx_word' id='word_1_24' title='bbox 325 340 438 405; x_wconf 82' lang='lat' dir='ltr'><strong>principia</strong></span> <span class='ocrx_word' id='word_1_25' title='bbox 456 341 576 391; x_wconf 83' lang='lat' dir='ltr'><strong>exeodem</strong></span> <span class='ocrx_word' id='word_1_26' title='bbox 591 354 674 404; x_wconf 81' lang='lat' dir='ltr'><strong>genere</strong></span> <span class='ocrx_word' id='word_1_27' title='bbox 693 343 792 406; x_wconf 82' lang='lat' dir='ltr'><strong>assumi,</strong></span> <span class='ocrx_word' id='word_1_28' title='bbox 807 333 853 394; x_wconf 86' lang='lat' dir='ltr'><strong>ut</strong></span> 
     </span>
     <span class='ocr_line' id='line_1_5' title="bbox 35 411 833 477; baseline 0.004 -14.027"><span class='ocrx_word' id='word_1_29' title='bbox 35 415 96 463; x_wconf 83' lang='lat' dir='ltr'><strong>itur</strong></span> <span class='ocrx_word' id='word_1_30' title='bbox 122 413 156 463; x_wconf 77' lang='lat' dir='ltr'><strong>iu</strong></span> <span class='ocrx_word' id='word_1_31' title='bbox 180 414 200 462; x_wconf 91' lang='lat' dir='ltr'><strong>i.</strong></span> <span class='ocrx_word' id='word_1_32' title='bbox 222 412 396 462; x_wconf 67' lang='lat' dir='ltr'><strong>Postumiorum</strong></span> <span class='ocrx_word' id='word_1_33' title='bbox 409 411 485 477; x_wconf 82' lang='lat' dir='ltr'><strong>(text.</strong></span> <span class='ocrx_word' id='word_1_34' title='bbox 507 412 566 477; x_wconf 74' lang='lat'><strong>2⁰)</strong></span> <span class='ocrx_word' id='word_1_35' title='bbox 580 413 688 463; x_wconf 84' lang='lat' dir='ltr'><strong>Probavit</strong></span> <span class='ocrx_word' id='word_1_36' title='bbox 704 418 780 465; x_wconf 82' lang='lat' dir='ltr'><strong>autem</strong></span> <span class='ocrx_word' id='word_1_37' title='bbox 798 415 833 467; x_wconf 86' lang='lat' dir='ltr'><strong>eis</strong></span> 
     </span>
     <span class='ocr_line' id='line_1_6' title="bbox 35 484 831 551; baseline 0.005 -16"><span class='ocrx_word' id='word_1_38' title='bbox 35 486 218 536; x_wconf 72' lang='lat' dir='ltr'><strong>surrectionem</strong></span> <span class='ocrx_word' id='word_1_39' title='bbox 239 497 302 534; x_wconf 91' lang='lat' dir='ltr'><strong>suam</strong></span> <span class='ocrx_word' id='word_1_40' title='bbox 318 497 360 549; x_wconf 79' lang='lat' dir='ltr'><strong>ner</strong></span> <span class='ocrx_word' id='word_1_41' title='bbox 374 484 529 535; x_wconf 85' lang='lat' dir='ltr'><strong>auctoritatem</strong></span> <span class='ocrx_word' id='word_1_42' title='bbox 543 498 613 535; x_wconf 76' lang='lat' dir='ltr'><strong>sacre</strong></span> <span class='ocrx_word' id='word_1_43' title='bbox 629 485 749 549; x_wconf 77' lang='lat' dir='ltr'><strong>Scriptura</strong></span> <span class='ocrx_word' id='word_1_44' title='bbox 765 488 831 551; x_wconf 67' lang='lat' dir='ltr'><strong>(quas</strong></span> 
     </span>
     <span class='ocr_line' id='line_1_7' title="bbox 35 556 833 621; baseline 0.001 -14"><span class='ocrx_word' id='word_1_45' title='bbox 35 564 40 607; x_wconf 77' lang='lat' dir='ltr'><strong>t</strong></span> <span class='ocrx_word' id='word_1_46' title='bbox 62 556 130 609; x_wconf 79' lang='lat' dir='ltr'><strong>{idei</strong></span> <span class='ocrx_word' id='word_1_47' title='bbox 146 556 348 619; x_wconf 77' lang='lat' dir='ltr'><strong>fundamentum),</strong></span> <span class='ocrx_word' id='word_1_48' title='bbox 364 556 415 606; x_wconf 81' lang='lat' dir='ltr'><strong>cium</strong></span> <span class='ocrx_word' id='word_1_49' title='bbox 430 556 506 606; x_wconf 83' lang='lat' dir='ltr'><strong>dixit:</strong></span> <span class='ocrx_word' id='word_1_50' title='bbox 519 558 640 620; x_wconf 73' lang='lat' dir='ltr'><strong>«Oportet</strong></span> <span class='ocrx_word' id='word_1_51' title='bbox 654 557 744 621; x_wconf 84' lang='lat' dir='ltr'><strong>impleri</strong></span> <span class='ocrx_word' id='word_1_52' title='bbox 756 558 833 608; x_wconf 86' lang='lat' dir='ltr'><strong>omnia</strong></span> 
     </span>
     <span class='ocr_line' id='line_1_8' title="bbox 35 627 834 693; baseline 0.003 -16"><span class='ocrx_word' id='word_1_53' title='bbox 35 644 62 679; x_wconf 77' lang='lat' dir='ltr'><strong>iae</strong></span> <span class='ocrx_word' id='word_1_54' title='bbox 80 627 184 693; x_wconf 85' lang='lat' dir='ltr'><strong>scripta</strong></span> <span class='ocrx_word' id='word_1_55' title='bbox 198 628 284 677; x_wconf 89' lang='lat' dir='ltr'><strong>suntin</strong></span> <span class='ocrx_word' id='word_1_56' title='bbox 296 629 357 691; x_wconf 83' lang='lat' dir='ltr'><strong>Lege</strong></span> <span class='ocrx_word' id='word_1_57' title='bbox 366 632 390 678; x_wconf 88' lang='lat' dir='ltr'><strong>et</strong></span> <span class='ocrx_word' id='word_1_58' title='bbox 401 627 497 678; x_wconf 86' lang='lat' dir='ltr'><strong>Psalmis</strong></span> <span class='ocrx_word' id='word_1_59' title='bbox 508 632 532 679; x_wconf 90' lang='lat' dir='ltr'><strong>et</strong></span> <span class='ocrx_word' id='word_1_60' title='bbox 542 628 663 691; x_wconf 75' lang='lat' dir='ltr'><strong>Prophetis</strong></span> <span class='ocrx_word' id='word_1_61' title='bbox 676 629 704 678; x_wconf 93' lang='lat' dir='ltr'><strong>de</strong></span> <span class='ocrx_word' id='word_1_62' title='bbox 718 641 771 692; x_wconf 90' lang='lat' dir='ltr'><strong>me,</strong></span> <span class='ocrx_word' id='word_1_63' title='bbox 782 645 796 675; x_wconf 82' lang='lat' dir='ltr'><strong>n</strong></span> <span class='ocrx_word' id='word_1_64' title='bbox 808 630 834 679; x_wconf 90' lang='lat' dir='ltr'><strong>nt</strong></span> 
     </span>
     <span class='ocr_line' id='line_1_9' title="bbox 38 696 834 764; baseline 0 -15"><span class='ocrx_word' id='word_1_65' title='bbox 38 703 116 751; x_wconf 80' lang='lat' dir='ltr'><strong>betur</strong></span> <span class='ocrx_word' id='word_1_66' title='bbox 141 706 216 759; x_wconf 73' lang='lat' dir='ltr'><strong>Leo,</strong></span> <span class='ocrx_word' id='word_1_67' title='bbox 228 696 270 747; x_wconf 86' lang='lat' dir='ltr'><strong>ult.</strong></span> <span class='ocrx_word' id='word_1_68' title='bbox 289 698 314 749; x_wconf 90' lang='lat' dir='ltr'><strong>si</strong></span> <span class='ocrx_word' id='word_1_69' title='bbox 330 702 406 749; x_wconf 89' lang='lat' dir='ltr'><strong>antem</strong></span> <span class='ocrx_word' id='word_1_70' title='bbox 422 699 546 764; x_wconf 82' lang='lat' dir='ltr'><strong>accipiatur</strong></span> <span class='ocrx_word' id='word_1_71' title='bbox 565 700 665 751; x_wconf 85' lang='lat' dir='ltr'><strong>secundo</strong></span> <span class='ocrx_word' id='word_1_72' title='bbox 681 701 749 751; x_wconf 90' lang='lat' dir='ltr'><strong>modo</strong></span> <span class='ocrx_word' id='word_1_73' title='bbox 766 714 834 764; x_wconf 82' lang='lat' dir='ltr'><strong>argn-</strong></span> 
     </span>
     <span class='ocr_line' id='line_1_10' title="bbox 35 768 833 836; baseline 0 -15"><span class='ocrx_word' id='word_1_74' title='bbox 35 776 126 821; x_wconf 82' lang='lat' dir='ltr'><strong>eninm</strong></span> <span class='ocrx_word' id='word_1_75' title='bbox 138 808 146 830; x_wconf 95' lang='lat'><strong>,</strong></span> <span class='ocrx_word' id='word_1_76' title='bbox 162 770 196 820; x_wconf 88' lang='lat' dir='ltr'><strong>sic</strong></span> <span class='ocrx_word' id='word_1_77' title='bbox 208 768 290 820; x_wconf 87' lang='lat' dir='ltr'><strong>dicitur</strong></span> <span class='ocrx_word' id='word_1_78' title='bbox 300 770 406 820; x_wconf 82' lang='lat' dir='ltr'><strong>Christus</strong></span> <span class='ocrx_word' id='word_1_79' title='bbox 418 783 483 820; x_wconf 90' lang='lat' dir='ltr'><strong>suam</strong></span> <span class='ocrx_word' id='word_1_80' title='bbox 494 770 684 821; x_wconf 84' lang='lat' dir='ltr'><strong>resurrectionem</strong></span> <span class='ocrx_word' id='word_1_81' title='bbox 694 770 833 836; x_wconf 81' lang='lat' dir='ltr'><strong>argumentis</strong></span> 
     </span>
     <span class='ocr_line' id='line_1_11' title="bbox 37 841 832 907; baseline 0 -14"><span class='ocrx_word' id='word_1_82' title='bbox 37 844 165 905; x_wconf 85' lang='lat' dir='ltr'><strong>clarasse,</strong></span> <span class='ocrx_word' id='word_1_83' title='bbox 184 841 209 890; x_wconf 93' lang='lat' dir='ltr'><strong>in</strong></span> <span class='ocrx_word' id='word_1_84' title='bbox 224 844 333 904; x_wconf 86' lang='lat' dir='ltr'><strong>qrrantnm</strong></span> <span class='ocrx_word' id='word_1_85' title='bbox 347 854 388 907; x_wconf 83' lang='lat' dir='ltr'><strong>per</strong></span> <span class='ocrx_word' id='word_1_86' title='bbox 402 842 506 905; x_wconf 84' lang='lat' dir='ltr'><strong>quadam</strong></span> <span class='ocrx_word' id='word_1_87' title='bbox 520 841 635 893; x_wconf 86' lang='lat' dir='ltr'><strong>euidentia</strong></span> <span class='ocrx_word' id='word_1_88' title='bbox 648 842 728 906; x_wconf 85' lang='lat' dir='ltr'><strong>signa,</strong></span> <span class='ocrx_word' id='word_1_89' title='bbox 739 856 764 893; x_wconf 90' lang='lat' dir='ltr'><strong>se</strong></span> <span class='ocrx_word' id='word_1_90' title='bbox 778 842 832 893; x_wconf 85' lang='lat' dir='ltr'><strong>rerd</strong></span> 
     </span>
     <span class='ocr_line' id='line_1_12' title="bbox 37 913 833 976; baseline 0.003 -13"><span class='ocrx_word' id='word_1_91' title='bbox 37 914 183 965; x_wconf 85' lang='lat' dir='ltr'><strong>surrexisse</strong></span> <span class='ocrx_word' id='word_1_92' title='bbox 198 913 305 963; x_wconf 88' lang='lat' dir='ltr'><strong>ostendit.</strong></span> <span class='ocrx_word' id='word_1_93' title='bbox 318 914 382 963; x_wconf 87' lang='lat' dir='ltr'><strong>Unde</strong></span> <span class='ocrx_word' id='word_1_94' title='bbox 393 914 416 964; x_wconf 92' lang='lat' dir='ltr'><strong>in</strong></span> <span class='ocrx_word' id='word_1_95' title='bbox 431 914 571 976; x_wconf 81' lang='lat' dir='ltr'><strong>Graeco,nbi</strong></span> <span class='ocrx_word' id='word_1_96' title='bbox 581 927 624 964; x_wconf 90' lang='lat' dir='ltr'><strong>nos</strong></span> <span class='ocrx_word' id='word_1_97' title='bbox 639 916 748 965; x_wconf 86' lang='lat' dir='ltr'><strong>habemus</strong></span> <span class='ocrx_word' id='word_1_98' title='bbox 764 930 769 965; x_wconf 95' lang='lat'><strong>:</strong></span> <span class='ocrx_word' id='word_1_99' title='bbox 783 916 833 965; x_wconf 80' lang='lat' dir='ltr'><strong>«ln</strong></span> 
     </span>
     <span class='ocr_line' id='line_1_13' title="bbox 36 986 831 1049; baseline -0.001 -14"><span class='ocrx_word' id='word_1_100' title='bbox 36 987 95 1037; x_wconf 85' lang='lat' dir='ltr'><strong>uitis</strong></span> <span class='ocrx_word' id='word_1_101' title='bbox 117 986 279 1049; x_wconf 80' lang='lat' dir='ltr'><strong>argumentis,</strong></span> <span class='ocrx_word' id='word_1_102' title='bbox 295 1002 310 1033; x_wconf 81' lang='lat' dir='ltr'><strong>u</strong></span> <span class='ocrx_word' id='word_1_103' title='bbox 332 986 382 1036; x_wconf 86' lang='lat' dir='ltr'><strong>ioco</strong></span> <span class='ocrx_word' id='word_1_104' title='bbox 404 986 548 1049; x_wconf 80' lang='lat' dir='ltr'><strong>argumenti,</strong></span> <span class='ocrx_word' id='word_1_105' title='bbox 570 986 663 1049; x_wconf 81' lang='lat' dir='ltr'><strong>ponitur</strong></span> <span class='ocrx_word' id='word_1_106' title='bbox 682 987 831 1042; x_wconf 80' lang='lat' dir='ltr'><strong>termeriou,</strong></span> 
     </span>
     <span class='ocr_line' id='line_1_14' title="bbox 35 1055 833 1121; baseline 0.004 -17"><span class='ocrx_word' id='word_1_107' title='bbox 35 1059 74 1107; x_wconf 87' lang='lat' dir='ltr'><strong>rod</strong></span> <span class='ocrx_word' id='word_1_108' title='bbox 99 1059 145 1107; x_wconf 89' lang='lat' dir='ltr'><strong>est</strong></span> <span class='ocrx_word' id='word_1_109' title='bbox 164 1055 254 1117; x_wconf 81' lang='lat' dir='ltr'><strong>siguum</strong></span> <span class='ocrx_word' id='word_1_110' title='bbox 268 1057 364 1107; x_wconf 86' lang='lat' dir='ltr'><strong>evidens</strong></span> <span class='ocrx_word' id='word_1_111' title='bbox 383 1057 572 1121; x_wconf 79' lang='lat' dir='ltr'><strong>adprobandum.</strong></span> <span class='ocrx_word' id='word_1_112' title='bbox 585 1058 641 1115; x_wconf 79' lang='lat' dir='ltr'><strong>Qua</strong></span> <span class='ocrx_word' id='word_1_113' title='bbox 659 1058 750 1121; x_wconf 87' lang='lat' dir='ltr'><strong>quidem</strong></span> <span class='ocrx_word' id='word_1_114' title='bbox 768 1058 833 1121; x_wconf 82' lang='lat' dir='ltr'><strong>signa</strong></span> 
     </span>
     <span class='ocr_line' id='line_1_15' title="bbox 35 1127 831 1193; baseline 0 -16"><span class='ocrx_word' id='word_1_115' title='bbox 35 1127 204 1179; x_wconf 83' lang='lat' dir='ltr'><strong>:surrectionis</strong></span> <span class='ocrx_word' id='word_1_116' title='bbox 215 1128 319 1179; x_wconf 85' lang='lat' dir='ltr'><strong>Christus</strong></span> <span class='ocrx_word' id='word_1_117' title='bbox 332 1128 432 1179; x_wconf 84' lang='lat' dir='ltr'><strong>ostendit</strong></span> <span class='ocrx_word' id='word_1_118' title='bbox 444 1128 561 1191; x_wconf 85' lang='lat' dir='ltr'><strong>discipulis</strong></span> <span class='ocrx_word' id='word_1_119' title='bbox 568 1132 664 1193; x_wconf 82' lang='lat' dir='ltr'><strong>propter</strong></span> <span class='ocrx_word' id='word_1_120' title='bbox 677 1129 740 1179; x_wconf 91' lang='lat' dir='ltr'><strong>duo:</strong></span> <span class='ocrx_word' id='word_1_121' title='bbox 755 1128 831 1178; x_wconf 88' lang='lat' dir='ltr'><strong>Primd</strong></span> 
     </span>
     <span class='ocr_line' id='line_1_16' title="bbox 35 1200 834 1265; baseline 0.004 -17"><span class='ocrx_word' id='word_1_122' title='bbox 35 1201 133 1262; x_wconf 83' lang='lat' dir='ltr'><strong>sidem,</strong></span> <span class='ocrx_word' id='word_1_123' title='bbox 152 1200 207 1262; x_wconf 86' lang='lat' dir='ltr'><strong>quia</strong></span> <span class='ocrx_word' id='word_1_124' title='bbox 224 1213 270 1250; x_wconf 92' lang='lat' dir='ltr'><strong>non</strong></span> <span class='ocrx_word' id='word_1_125' title='bbox 284 1203 349 1249; x_wconf 87' lang='lat' dir='ltr'><strong>eraut</strong></span> <span class='ocrx_word' id='word_1_126' title='bbox 359 1200 427 1250; x_wconf 82' lang='lat' dir='ltr'><strong>eorda</strong></span> <span class='ocrx_word' id='word_1_127' title='bbox 441 1211 519 1249; x_wconf 90' lang='lat' dir='ltr'><strong>eorum</strong></span> <span class='ocrx_word' id='word_1_128' title='bbox 530 1200 654 1265; x_wconf 63' lang='lat' dir='ltr'><strong>(disposita,</strong></span> <span class='ocrx_word' id='word_1_129' title='bbox 666 1201 694 1249; x_wconf 92' lang='lat' dir='ltr'><strong>ad</strong></span> <span class='ocrx_word' id='word_1_130' title='bbox 710 1202 755 1251; x_wconf 86' lang='lat' dir='ltr'><strong>hoo</strong></span> <span class='ocrx_word' id='word_1_131' title='bbox 772 1201 834 1264; x_wconf 89' lang='lat' dir='ltr'><strong>qnod</strong></span> 
     </span>
     <span class='ocr_line' id='line_1_17' title="bbox 35 1270 833 1335; baseline 0 -14"><span class='ocrx_word' id='word_1_132' title='bbox 35 1272 132 1323; x_wconf 69' lang='lat' dir='ltr'><strong>siaeiii</strong></span> <span class='ocrx_word' id='word_1_133' title='bbox 145 1272 214 1322; x_wconf 84' lang='lat' dir='ltr'><strong>fidem</strong></span> <span class='ocrx_word' id='word_1_134' title='bbox 232 1270 403 1322; x_wconf 84' lang='lat' dir='ltr'><strong>resurrectionis</strong></span> <span class='ocrx_word' id='word_1_135' title='bbox 416 1271 562 1335; x_wconf 79' lang='lat' dir='ltr'><strong>accipereut3</strong></span> <span class='ocrx_word' id='word_1_136' title='bbox 579 1272 639 1322; x_wconf 90' lang='lat' dir='ltr'><strong>unde</strong></span> <span class='ocrx_word' id='word_1_137' title='bbox 660 1272 709 1335; x_wconf 85' lang='lat' dir='ltr'><strong>ipse</strong></span> <span class='ocrx_word' id='word_1_138' title='bbox 723 1271 778 1322; x_wconf 90' lang='lat' dir='ltr'><strong>dicit</strong></span> <span class='ocrx_word' id='word_1_139' title='bbox 798 1271 833 1321; x_wconf 87' lang='lat' dir='ltr'><strong>eis</strong></span> 
     </span>
     <span class='ocr_line' id='line_1_18' title="bbox 35 1342 834 1406; baseline 0.003 -14"><span class='ocrx_word' id='word_1_140' title='bbox 35 1360 94 1401; x_wconf 74' lang='lat' dir='ltr'><strong>rac„</strong></span> <span class='ocrx_word' id='word_1_141' title='bbox 116 1344 164 1393; x_wconf 91' lang='lat' dir='ltr'><strong>n-lt.</strong></span> <span class='ocrx_word' id='word_1_142' title='bbox 182 1356 188 1392; x_wconf 89' lang='grc'>;</span> <span class='ocrx_word' id='word_1_143' title='bbox 209 1358 223 1391; x_wconf 85' lang='lat' dir='ltr'><strong>u</strong></span> <span class='ocrx_word' id='word_1_144' title='bbox 239 1344 257 1394; x_wconf 87' lang='grc'>0</span> <span class='ocrx_word' id='word_1_145' title='bbox 275 1342 338 1393; x_wconf 87' lang='lat' dir='ltr'><strong>stulti</strong></span> <span class='ocrx_word' id='word_1_146' title='bbox 355 1347 378 1393; x_wconf 88' lang='lat' dir='ltr'><strong>et</strong></span> <span class='ocrx_word' id='word_1_147' title='bbox 395 1342 454 1393; x_wconf 88' lang='lat' dir='ltr'><strong>tardi</strong></span> <span class='ocrx_word' id='word_1_148' title='bbox 467 1344 535 1393; x_wconf 85' lang='lat' dir='ltr'><strong>corde</strong></span> <span class='ocrx_word' id='word_1_149' title='bbox 554 1344 582 1393; x_wconf 90' lang='lat' dir='ltr'><strong>ad</strong></span> <span class='ocrx_word' id='word_1_150' title='bbox 602 1344 751 1406; x_wconf 85' lang='lat' dir='ltr'><strong>credendnm3</strong></span> <span class='ocrx_word' id='word_1_151' title='bbox 774 1360 788 1390; x_wconf 83' lang='lat' dir='ltr'><strong>n</strong></span> <span class='ocrx_word' id='word_1_152' title='bbox 810 1345 834 1394; x_wconf 85' lang='lat' dir='ltr'><strong>et</strong></span> 
     </span>
     <span class='ocr_line' id='line_1_19' title="bbox 35 1413 834 1478; baseline 0.003 -15"><span class='ocrx_word' id='word_1_153' title='bbox 35 1418 118 1473; x_wconf 78' lang='lat' dir='ltr'><strong>iare..</strong></span> <span class='ocrx_word' id='word_1_154' title='bbox 138 1414 181 1464; x_wconf 91' lang='lat' dir='ltr'><strong>nit.</strong></span> <span class='ocrx_word' id='word_1_155' title='bbox 199 1429 206 1462; x_wconf 77' lang='lat' dir='ltr'><em>z</em></span> <span class='ocrx_word' id='word_1_156' title='bbox 228 1431 241 1462; x_wconf 83' lang='lat' dir='ltr'><strong>rr</strong></span> <span class='ocrx_word' id='word_1_157' title='bbox 254 1414 403 1478; x_wconf 74' lang='lat' dir='ltr'><strong>Exprobrant</strong></span> <span class='ocrx_word' id='word_1_158' title='bbox 417 1413 461 1463; x_wconf 83' lang='lat' dir='ltr'><strong>iliis</strong></span> <span class='ocrx_word' id='word_1_159' title='bbox 474 1413 656 1464; x_wconf 81' lang='lat' dir='ltr'><strong>increduiitatem</strong></span> <span class='ocrx_word' id='word_1_160' title='bbox 669 1428 747 1465; x_wconf 90' lang='lat' dir='ltr'><strong>eorum</strong></span> <span class='ocrx_word' id='word_1_161' title='bbox 759 1417 783 1465; x_wconf 88' lang='lat' dir='ltr'><strong>et</strong></span> <span class='ocrx_word' id='word_1_162' title='bbox 792 1416 834 1465; x_wconf 87' lang='lat' dir='ltr'><strong>du·</strong></span> 
     </span>
     <span class='ocr_line' id='line_1_20' title="bbox 37 1483 833 1547; baseline 0.001 -14"><span class='ocrx_word' id='word_1_163' title='bbox 37 1488 96 1536; x_wconf 88' lang='lat' dir='ltr'><strong>tiam</strong></span> <span class='ocrx_word' id='word_1_164' title='bbox 112 1483 225 1537; x_wconf 74' lang='lat' dir='ltr'><strong>cordis.»</strong></span> <span class='ocrx_word' id='word_1_165' title='bbox 241 1484 360 1547; x_wconf 82' lang='lat' dir='ltr'><strong>Secundo,</strong></span> <span class='ocrx_word' id='word_1_166' title='bbox 379 1488 405 1533; x_wconf 90' lang='lat' dir='ltr'><strong>nt</strong></span> <span class='ocrx_word' id='word_1_167' title='bbox 417 1498 458 1547; x_wconf 84' lang='lat' dir='ltr'><strong>per</strong></span> <span class='ocrx_word' id='word_1_168' title='bbox 472 1483 606 1547; x_wconf 87' lang='lat' dir='ltr'><strong>hujusmodi</strong></span> <span class='ocrx_word' id='word_1_169' title='bbox 616 1486 682 1547; x_wconf 83' lang='lat' dir='ltr'><strong>signa</strong></span> <span class='ocrx_word' id='word_1_170' title='bbox 692 1486 726 1535; x_wconf 84' lang='lat' dir='ltr'><strong>eis</strong></span> <span class='ocrx_word' id='word_1_171' title='bbox 739 1490 833 1535; x_wconf 85' lang='lat' dir='ltr'><strong>ostensa</strong></span> 
     </span>
     <span class='ocr_line' id='line_1_21' title="bbox 35 1554 832 1619; baseline 0.001 -16"><span class='ocrx_word' id='word_1_172' title='bbox 35 1557 144 1609; x_wconf 86' lang='lat' dir='ltr'><strong>iiicaciias</strong></span> <span class='ocrx_word' id='word_1_173' title='bbox 166 1568 245 1606; x_wconf 84' lang='lat' dir='ltr'><strong>eornm</strong></span> <span class='ocrx_word' id='word_1_174' title='bbox 262 1554 419 1607; x_wconf 84' lang='lat' dir='ltr'><strong>testimonium</strong></span> <span class='ocrx_word' id='word_1_175' title='bbox 436 1556 577 1619; x_wconf 87' lang='lat' dir='ltr'><strong>redderetur,</strong></span> <span class='ocrx_word' id='word_1_176' title='bbox 597 1555 722 1606; x_wconf 85' lang='lat' dir='ltr'><strong>secundinm</strong></span> <span class='ocrx_word' id='word_1_177' title='bbox 743 1557 799 1607; x_wconf 91' lang='lat' dir='ltr'><strong>iliud</strong></span> <span class='ocrx_word' id='word_1_178' title='bbox 813 1556 832 1604; x_wconf 92' lang='lat' dir='ltr'><strong>i.</strong></span> 
     </span>
     <span class='ocr_line' id='line_1_22' title="bbox 35 1626 834 1691; baseline 0.005 -17"><span class='ocrx_word' id='word_1_179' title='bbox 35 1633 110 1684; x_wconf 68' lang='lat' dir='ltr'><strong>aaa„</strong></span> <span class='ocrx_word' id='word_1_180' title='bbox 126 1630 136 1679; x_wconf 92' lang='lat' dir='ltr'><strong>i</strong></span> <span class='ocrx_word' id='word_1_181' title='bbox 154 1644 160 1677; x_wconf 89' lang='lat'>:</span> <span class='ocrx_word' id='word_1_182' title='bbox 178 1646 192 1677; x_wconf 83' lang='lat' dir='ltr'><strong>n</strong></span> <span class='ocrx_word' id='word_1_183' title='bbox 208 1628 271 1685; x_wconf 85' lang='lat' dir='ltr'><strong>Quod</strong></span> <span class='ocrx_word' id='word_1_184' title='bbox 285 1626 397 1686; x_wconf 86' lang='lat' dir='ltr'><strong>vidimus,</strong></span> <span class='ocrx_word' id='word_1_185' title='bbox 416 1630 440 1677; x_wconf 88' lang='lat' dir='ltr'><strong>et</strong></span> <span class='ocrx_word' id='word_1_186' title='bbox 453 1627 597 1691; x_wconf 84' lang='lat' dir='ltr'><strong>audiuimus,</strong></span> <span class='ocrx_word' id='word_1_187' title='bbox 614 1631 637 1678; x_wconf 92' lang='lat' dir='ltr'><strong>et</strong></span> <span class='ocrx_word' id='word_1_188' title='bbox 655 1640 736 1679; x_wconf 89' lang='lat' dir='ltr'><strong>manns</strong></span> <span class='ocrx_word' id='word_1_189' title='bbox 751 1631 834 1678; x_wconf 83' lang='lat' dir='ltr'><strong>nostre</strong></span> 
     </span>
     <span class='ocr_line' id='line_1_23' title="bbox 36 1701 452 1763; baseline -0.005 -16"><span class='ocrx_word' id='word_1_190' title='bbox 36 1704 244 1763; x_wconf 82' lang='lat' dir='ltr'><strong>ontrectaverunt,</strong></span> <span class='ocrx_word' id='word_1_191' title='bbox 259 1701 452 1750; x_wconf 71' lang='lat' dir='ltr'><strong>inanimamur.»</strong></span> 
     </span>
    </p>

    <p class='ocr_par' dir='ltr' id='par_1_3' title="bbox 35 1770 835 2037">
     <span class='ocr_line' id='line_1_24' title="bbox 58 1770 834 1837; baseline 0.001 -16"><span class='ocrx_word' id='word_1_192' title='bbox 58 1774 94 1823; x_wconf 80' lang='lat' dir='ltr'><strong>dd</strong></span> <span class='ocrx_word' id='word_1_193' title='bbox 109 1772 212 1837; x_wconf 87' lang='lat' dir='ltr'><strong>primum</strong></span> <span class='ocrx_word' id='word_1_194' title='bbox 224 1785 277 1835; x_wconf 83' lang='lat' dir='ltr'><strong>ergo</strong></span> <span class='ocrx_word' id='word_1_195' title='bbox 293 1771 421 1831; x_wconf 86' lang='lat' dir='ltr'><strong>dicendum,</strong></span> <span class='ocrx_word' id='word_1_196' title='bbox 431 1770 492 1835; x_wconf 79' lang='lat' dir='ltr'><strong>qudi</strong></span> <span class='ocrx_word' id='word_1_197' title='bbox 506 1772 636 1823; x_wconf 78' lang='lat' dir='ltr'><strong>Ambrosius</strong></span> <span class='ocrx_word' id='word_1_198' title='bbox 649 1772 682 1822; x_wconf 86' lang='lat' dir='ltr'><strong>ibi</strong></span> <span class='ocrx_word' id='word_1_199' title='bbox 696 1771 796 1837; x_wconf 83' lang='lat' dir='ltr'><strong>loquitur</strong></span> <span class='ocrx_word' id='word_1_200' title='bbox 805 1772 834 1822; x_wconf 86' lang='lat' dir='ltr'><strong>de</strong></span> 
     </span>
     <span class='ocr_line' id='line_1_25' title="bbox 35 1842 835 1909; baseline 0.005 -18"><span class='ocrx_word' id='word_1_201' title='bbox 35 1845 174 1907; x_wconf 64' lang='lat' dir='ltr'><strong>insumentis</strong></span> <span class='ocrx_word' id='word_1_202' title='bbox 186 1843 311 1898; x_wconf 76' lang='lat' dir='ltr'><strong>secundnm</strong></span> <span class='ocrx_word' id='word_1_203' title='bbox 325 1842 435 1895; x_wconf 85' lang='lat' dir='ltr'><strong>rationem</strong></span> <span class='ocrx_word' id='word_1_204' title='bbox 450 1845 573 1893; x_wconf 89' lang='lat' dir='ltr'><strong>humanam</strong></span> <span class='ocrx_word' id='word_1_205' title='bbox 585 1844 769 1909; x_wconf 83' lang='lat' dir='ltr'><strong>procedentibus,</strong></span> <span class='ocrx_word' id='word_1_206' title='bbox 783 1858 835 1909; x_wconf 79' lang='lat' dir='ltr'><strong>qua</strong></span> 
     </span>
     <span class='ocr_line' id='line_1_26' title="bbox 36 1914 834 1979; baseline 0.003 -16"><span class='ocrx_word' id='word_1_207' title='bbox 36 1917 133 1967; x_wconf 80' lang='lat' dir='ltr'><strong>nuaiida</strong></span> <span class='ocrx_word' id='word_1_208' title='bbox 144 1919 198 1966; x_wconf 88' lang='lat' dir='ltr'><strong>sunt</strong></span> <span class='ocrx_word' id='word_1_209' title='bbox 212 1916 239 1965; x_wconf 88' lang='lat' dir='ltr'><strong>ad</strong></span> <span class='ocrx_word' id='word_1_210' title='bbox 249 1926 277 1965; x_wconf 89' lang='lat' dir='ltr'><strong>ea</strong></span> <span class='ocrx_word' id='word_1_211' title='bbox 291 1928 341 1979; x_wconf 84' lang='lat' dir='ltr'><strong>que</strong></span> <span class='ocrx_word' id='word_1_212' title='bbox 353 1917 405 1965; x_wconf 81' lang='lat' dir='ltr'><strong>sant</strong></span> <span class='ocrx_word' id='word_1_213' title='bbox 416 1914 470 1965; x_wconf 84' lang='lat' dir='ltr'><strong>fidei</strong></span> <span class='ocrx_word' id='word_1_214' title='bbox 483 1915 634 1977; x_wconf 87' lang='lat' dir='ltr'><strong>ostendenda,</strong></span> <span class='ocrx_word' id='word_1_215' title='bbox 646 1914 706 1965; x_wconf 88' lang='lat' dir='ltr'><strong>sieut</strong></span> <span class='ocrx_word' id='word_1_216' title='bbox 716 1920 834 1967; x_wconf 88' lang='lat' dir='ltr'><strong>ostensum</strong></span> 
     </span>
     <span class='ocr_line' id='line_1_27' title="bbox 35 1992 70 2037; baseline 0.053 -1.421"><span class='ocrx_word' id='word_1_217' title='bbox 35 1992 70 2037; x_wconf 74' lang='lat' dir='ltr'><strong>3.st</strong></span> 
     </span>
    </p>

    <p class='ocr_par' dir='ltr' id='par_1_4' title="bbox 35 2057 882 2470">
     <span class='ocr_line' id='line_1_28' title="bbox 63 2057 882 2123; baseline -0.002 -12"><span class='ocrx_word' id='word_1_218' title='bbox 63 2062 98 2111; x_wconf 82' lang='lat' dir='ltr'><strong>dd</strong></span> <span class='ocrx_word' id='word_1_219' title='bbox 114 2060 241 2111; x_wconf 88' lang='lat' dir='ltr'><strong>secundum</strong></span> <span class='ocrx_word' id='word_1_220' title='bbox 252 2058 381 2123; x_wconf 85' lang='lat' dir='ltr'><strong>dicendum,</strong></span> <span class='ocrx_word' id='word_1_221' title='bbox 392 2057 453 2123; x_wconf 86' lang='lat' dir='ltr'><strong>qudd</strong></span> <span class='ocrx_word' id='word_1_222' title='bbox 465 2057 570 2109; x_wconf 89' lang='lat' dir='ltr'><strong>meritum</strong></span> <span class='ocrx_word' id='word_1_223' title='bbox 578 2058 632 2109; x_wconf 88' lang='lat' dir='ltr'><strong>fider</strong></span> <span class='ocrx_word' id='word_1_224' title='bbox 639 2064 676 2109; x_wconf 86' lang='lat' dir='ltr'><strong>est</strong></span> <span class='ocrx_word' id='word_1_225' title='bbox 683 2072 713 2109; x_wconf 81' lang='lat' dir='ltr'><strong>ex</strong></span> <span class='ocrx_word' id='word_1_226' title='bbox 720 2060 764 2109; x_wconf 85' lang='lat' dir='ltr'><strong>hoc</strong></span> <span class='ocrx_word' id='word_1_227' title='bbox 775 2057 833 2123; x_wconf 84' lang='lat' dir='ltr'><strong>qndd</strong></span> <span class='ocrx_word' id='word_1_228' title='bbox 848 2083 882 2116; x_wconf 66' lang='lat' dir='ltr'><strong>,s</strong></span> 
     </span>
     <span class='ocr_line' id='line_1_29' title="bbox 35 2131 835 2195; baseline 0.003 -15"><span class='ocrx_word' id='word_1_229' title='bbox 35 2133 102 2185; x_wconf 80' lang='lat' dir='ltr'><strong>homo</strong></span> <span class='ocrx_word' id='word_1_230' title='bbox 123 2146 153 2183; x_wconf 83' lang='lat' dir='ltr'><strong>ex</strong></span> <span class='ocrx_word' id='word_1_231' title='bbox 167 2133 273 2182; x_wconf 88' lang='lat' dir='ltr'><strong>mandato</strong></span> <span class='ocrx_word' id='word_1_232' title='bbox 289 2131 329 2181; x_wconf 82' lang='lat' dir='ltr'><strong>Dei</strong></span> <span class='ocrx_word' id='word_1_233' title='bbox 341 2131 412 2182; x_wconf 85' lang='lat' dir='ltr'><strong>crodit</strong></span> <span class='ocrx_word' id='word_1_234' title='bbox 432 2131 491 2195; x_wconf 87' lang='lat' dir='ltr'><strong>qnod</strong></span> <span class='ocrx_word' id='word_1_235' title='bbox 507 2144 552 2181; x_wconf 92' lang='lat' dir='ltr'><strong>non</strong></span> <span class='ocrx_word' id='word_1_236' title='bbox 565 2131 635 2181; x_wconf 85' lang='lat' dir='ltr'><strong>videt.</strong></span> <span class='ocrx_word' id='word_1_237' title='bbox 650 2133 714 2183; x_wconf 89' lang='lat' dir='ltr'><strong>Unde</strong></span> <span class='ocrx_word' id='word_1_238' title='bbox 730 2131 770 2181; x_wconf 88' lang='lat' dir='ltr'><strong>iiia</strong></span> <span class='ocrx_word' id='word_1_239' title='bbox 786 2133 835 2183; x_wconf 82' lang='lat' dir='ltr'><strong>sola</strong></span> 
     </span>
     <span class='ocr_line' id='line_1_30' title="bbox 35 2202 835 2268; baseline 0.004 -18"><span class='ocrx_word' id='word_1_240' title='bbox 35 2205 89 2255; x_wconf 88' lang='lat' dir='ltr'><strong>ratio</strong></span> <span class='ocrx_word' id='word_1_241' title='bbox 110 2203 217 2255; x_wconf 89' lang='lat' dir='ltr'><strong>meritum</strong></span> <span class='ocrx_word' id='word_1_242' title='bbox 231 2204 338 2264; x_wconf 84' lang='lat' dir='ltr'><strong>excludit,</strong></span> <span class='ocrx_word' id='word_1_243' title='bbox 352 2216 403 2267; x_wconf 82' lang='lat' dir='ltr'><strong>quae</strong></span> <span class='ocrx_word' id='word_1_244' title='bbox 413 2203 468 2253; x_wconf 84' lang='lat' dir='ltr'><strong>iacit</strong></span> <span class='ocrx_word' id='word_1_245' title='bbox 481 2202 553 2253; x_wconf 81' lang='lat' dir='ltr'><strong>uideri</strong></span> <span class='ocrx_word' id='word_1_246' title='bbox 564 2216 605 2267; x_wconf 82' lang='lat' dir='ltr'><strong>per</strong></span> <span class='ocrx_word' id='word_1_247' title='bbox 614 2202 733 2254; x_wconf 80' lang='lat' dir='ltr'><strong>scientiam</strong></span> <span class='ocrx_word' id='word_1_248' title='bbox 742 2204 764 2253; x_wconf 95' lang='lat' dir='ltr'><strong>id</strong></span> <span class='ocrx_word' id='word_1_249' title='bbox 774 2204 835 2268; x_wconf 90' lang='lat' dir='ltr'><strong>quod</strong></span> 
     </span>
     <span class='ocr_line' id='line_1_31' title="bbox 35 2274 835 2339; baseline 0.001 -16"><span class='ocrx_word' id='word_1_250' title='bbox 35 2278 170 2327; x_wconf 86' lang='lat' dir='ltr'><strong>credendum</strong></span> <span class='ocrx_word' id='word_1_251' title='bbox 190 2274 337 2339; x_wconf 67' lang='lat' dir='ltr'><strong>propositum</strong></span> <span class='ocrx_word' id='word_1_252' title='bbox 356 2279 379 2325; x_wconf 84' lang='lat' dir='ltr'><strong>et</strong></span> <span class='ocrx_word' id='word_1_253' title='bbox 397 2274 449 2324; x_wconf 89' lang='lat' dir='ltr'><strong>talis</strong></span> <span class='ocrx_word' id='word_1_254' title='bbox 467 2278 504 2324; x_wconf 86' lang='lat' dir='ltr'><strong>est</strong></span> <span class='ocrx_word' id='word_1_255' title='bbox 516 2274 575 2324; x_wconf 88' lang='lat' dir='ltr'><strong>ratio</strong></span> <span class='ocrx_word' id='word_1_256' title='bbox 587 2274 771 2326; x_wconf 85' lang='lat' dir='ltr'><strong>demonstrativa.</strong></span> <span class='ocrx_word' id='word_1_257' title='bbox 790 2275 835 2325; x_wconf 88' lang='lat' dir='ltr'><strong>iiu-</strong></span> 
     </span>
     <span class='ocr_line' id='line_1_32' title="bbox 36 2345 836 2408; baseline 0.003 -13"><span class='ocrx_word' id='word_1_258' title='bbox 36 2348 135 2408; x_wconf 84' lang='lat' dir='ltr'><strong>jusmodi</strong></span> <span class='ocrx_word' id='word_1_259' title='bbox 146 2351 221 2397; x_wconf 88' lang='lat' dir='ltr'><strong>antem</strong></span> <span class='ocrx_word' id='word_1_260' title='bbox 232 2348 331 2400; x_wconf 88' lang='lat' dir='ltr'><strong>rationes</strong></span> <span class='ocrx_word' id='word_1_261' title='bbox 340 2346 443 2398; x_wconf 82' lang='lat' dir='ltr'><strong>Christus</strong></span> <span class='ocrx_word' id='word_1_262' title='bbox 452 2360 499 2398; x_wconf 92' lang='lat' dir='ltr'><strong>non</strong></span> <span class='ocrx_word' id='word_1_263' title='bbox 508 2345 598 2397; x_wconf 80' lang='lat' dir='ltr'><strong>induxit</strong></span> <span class='ocrx_word' id='word_1_264' title='bbox 606 2347 635 2397; x_wconf 89' lang='lat' dir='ltr'><strong>ad</strong></span> <span class='ocrx_word' id='word_1_265' title='bbox 646 2347 836 2398; x_wconf 86' lang='lat' dir='ltr'><strong>resurrectionem</strong></span> 
     </span>
     <span class='ocr_line' id='line_1_33' title="bbox 39 2419 281 2470; baseline 0.008 -4"><span class='ocrx_word' id='word_1_266' title='bbox 39 2433 101 2470; x_wconf 85' lang='lat' dir='ltr'><strong>suam</strong></span> <span class='ocrx_word' id='word_1_267' title='bbox 116 2419 281 2470; x_wconf 87' lang='lat' dir='ltr'><strong>declarandam.</strong></span> 
     </span>
    </p>

    <p class='ocr_par' dir='ltr' id='par_1_5' title="bbox 39 2487 836 2911">
     <span class='ocr_line' id='line_1_34' title="bbox 68 2487 835 2554; baseline -0.003 -13"><span class='ocrx_word' id='word_1_268' title='bbox 68 2492 102 2543; x_wconf 84' lang='lat' dir='ltr'><strong>dd</strong></span> <span class='ocrx_word' id='word_1_269' title='bbox 122 2492 214 2543; x_wconf 84' lang='lat' dir='ltr'><strong>tertium</strong></span> <span class='ocrx_word' id='word_1_270' title='bbox 235 2490 373 2554; x_wconf 88' lang='lat' dir='ltr'><strong>dicendum,</strong></span> <span class='ocrx_word' id='word_1_271' title='bbox 395 2487 456 2553; x_wconf 85' lang='lat' dir='ltr'><strong>qudd</strong></span> <span class='ocrx_word' id='word_1_272' title='bbox 477 2490 538 2540; x_wconf 88' lang='lat' dir='ltr'><strong>sient</strong></span> <span class='ocrx_word' id='word_1_273' title='bbox 557 2489 642 2539; x_wconf 90' lang='lat' dir='ltr'><strong>dictum</strong></span> <span class='ocrx_word' id='word_1_274' title='bbox 661 2493 711 2552; x_wconf 89' lang='lat' dir='ltr'><strong>est,</strong></span> <span class='ocrx_word' id='word_1_275' title='bbox 729 2489 835 2539; x_wconf 89' lang='lat' dir='ltr'><strong>meritum</strong></span> 
     </span>
     <span class='ocr_line' id='line_1_35' title="bbox 39 2560 836 2625; baseline -0.003 -14"><span class='ocrx_word' id='word_1_276' title='bbox 39 2560 181 2613; x_wconf 82' lang='lat' dir='ltr'><strong>beatitudiuis</strong></span> <span class='ocrx_word' id='word_1_277' title='bbox 188 2598 196 2624; x_wconf 97' lang='lat'><strong>,</strong></span> <span class='ocrx_word' id='word_1_278' title='bbox 207 2562 267 2625; x_wconf 84' lang='lat' dir='ltr'><strong>quod</strong></span> <span class='ocrx_word' id='word_1_279' title='bbox 285 2566 363 2611; x_wconf 86' lang='lat' dir='ltr'><strong>causat</strong></span> <span class='ocrx_word' id='word_1_280' title='bbox 380 2560 451 2623; x_wconf 84' lang='lat' dir='ltr'><strong>fides,</strong></span> <span class='ocrx_word' id='word_1_281' title='bbox 464 2574 512 2612; x_wconf 88' lang='lat' dir='ltr'><strong>uon</strong></span> <span class='ocrx_word' id='word_1_282' title='bbox 523 2561 623 2612; x_wconf 86' lang='lat' dir='ltr'><strong>totaliter</strong></span> <span class='ocrx_word' id='word_1_283' title='bbox 637 2560 774 2621; x_wconf 82' lang='lat' dir='ltr'><strong>excluditur,</strong></span> <span class='ocrx_word' id='word_1_284' title='bbox 790 2560 836 2610; x_wconf 89' lang='lat' dir='ltr'><strong>nisi</strong></span> 
     </span>
     <span class='ocr_line' id='line_1_36' title="bbox 40 2630 836 2697; baseline 0 -16"><span class='ocrx_word' id='word_1_285' title='bbox 40 2634 105 2686; x_wconf 84' lang='lat' dir='ltr'><strong>homo</strong></span> <span class='ocrx_word' id='word_1_286' title='bbox 125 2634 194 2683; x_wconf 90' lang='lat' dir='ltr'><strong>nollet</strong></span> <span class='ocrx_word' id='word_1_287' title='bbox 207 2634 297 2684; x_wconf 86' lang='lat' dir='ltr'><strong>credere</strong></span> <span class='ocrx_word' id='word_1_288' title='bbox 317 2632 361 2683; x_wconf 88' lang='lat' dir='ltr'><strong>nisi</strong></span> <span class='ocrx_word' id='word_1_289' title='bbox 377 2644 404 2683; x_wconf 89' lang='lat' dir='ltr'><strong>ea</strong></span> <span class='ocrx_word' id='word_1_290' title='bbox 421 2646 471 2697; x_wconf 80' lang='lat' dir='ltr'><strong>que</strong></span> <span class='ocrx_word' id='word_1_291' title='bbox 487 2632 565 2694; x_wconf 72' lang='lat' dir='ltr'><strong>videt,</strong></span> <span class='ocrx_word' id='word_1_292' title='bbox 578 2632 619 2682; x_wconf 91' lang='lat' dir='ltr'><strong>sed</strong></span> <span class='ocrx_word' id='word_1_293' title='bbox 636 2630 697 2694; x_wconf 81' lang='lat' dir='ltr'><strong>qnid</strong></span> <span class='ocrx_word' id='word_1_294' title='bbox 712 2630 794 2694; x_wconf 87' lang='lat' dir='ltr'><strong>aliquis</strong></span> <span class='ocrx_word' id='word_1_295' title='bbox 808 2642 836 2681; x_wconf 89' lang='lat' dir='ltr'><strong>ea</strong></span> 
     </span>
     <span class='ocr_line' id='line_1_37' title="bbox 43 2702 836 2769; baseline -0.004 -14"><span class='ocrx_word' id='word_1_296' title='bbox 43 2720 88 2768; x_wconf 83' lang='lat' dir='ltr'><strong>qnae</strong></span> <span class='ocrx_word' id='word_1_297' title='bbox 109 2718 154 2757; x_wconf 90' lang='lat' dir='ltr'><strong>non</strong></span> <span class='ocrx_word' id='word_1_298' title='bbox 175 2705 252 2768; x_wconf 85' lang='lat' dir='ltr'><strong>videt,</strong></span> <span class='ocrx_word' id='word_1_299' title='bbox 271 2704 346 2755; x_wconf 86' lang='lat' dir='ltr'><strong>eredat</strong></span> <span class='ocrx_word' id='word_1_300' title='bbox 360 2717 401 2769; x_wconf 84' lang='lat' dir='ltr'><strong>per</strong></span> <span class='ocrx_word' id='word_1_301' title='bbox 418 2704 493 2769; x_wconf 89' lang='lat' dir='ltr'><strong>aliqua</strong></span> <span class='ocrx_word' id='word_1_302' title='bbox 510 2703 575 2767; x_wconf 75' lang='lat' dir='ltr'><strong>sigua</strong></span> <span class='ocrx_word' id='word_1_303' title='bbox 591 2703 655 2765; x_wconf 81' lang='lat' dir='ltr'><strong>uisa,</strong></span> <span class='ocrx_word' id='word_1_304' title='bbox 670 2716 716 2753; x_wconf 90' lang='lat' dir='ltr'><strong>non</strong></span> <span class='ocrx_word' id='word_1_305' title='bbox 736 2702 836 2753; x_wconf 85' lang='lat' dir='ltr'><strong>totaliter</strong></span> 
     </span>
     <span class='ocr_line' id='line_1_38' title="bbox 45 2775 836 2838; baseline -0.001 -13"><span class='ocrx_word' id='word_1_306' title='bbox 45 2777 107 2829; x_wconf 87' lang='lat' dir='ltr'><strong>idem</strong></span> <span class='ocrx_word' id='word_1_307' title='bbox 119 2782 215 2829; x_wconf 81' lang='lat' dir='ltr'><strong>evacuat</strong></span> <span class='ocrx_word' id='word_1_308' title='bbox 229 2788 272 2829; x_wconf 89' lang='lat' dir='ltr'><strong>nec</strong></span> <span class='ocrx_word' id='word_1_309' title='bbox 281 2777 386 2827; x_wconf 83' lang='lat' dir='ltr'><strong>meritum</strong></span> <span class='ocrx_word' id='word_1_310' title='bbox 399 2777 463 2838; x_wconf 71' lang='lat' dir='ltr'><strong>ejus,</strong></span> <span class='ocrx_word' id='word_1_311' title='bbox 480 2776 541 2826; x_wconf 87' lang='lat' dir='ltr'><strong>sieut</strong></span> <span class='ocrx_word' id='word_1_312' title='bbox 551 2779 575 2825; x_wconf 88' lang='lat' dir='ltr'><strong>et</strong></span> <span class='ocrx_word' id='word_1_313' title='bbox 586 2776 684 2825; x_wconf 86' lang='lat' dir='ltr'><strong>Thomas</strong></span> <span class='ocrx_word' id='word_1_314' title='bbox 701 2775 739 2825; x_wconf 88' lang='lat' dir='ltr'><strong>cni</strong></span> <span class='ocrx_word' id='word_1_315' title='bbox 750 2776 836 2825; x_wconf 86' lang='lat' dir='ltr'><strong>dictum</strong></span> 
     </span>
     <span class='ocr_line' id='line_1_39' title="bbox 45 2845 836 2911; baseline 0 -14"><span class='ocrx_word' id='word_1_316' title='bbox 45 2854 76 2899; x_wconf 85' lang='lat' dir='ltr'><strong>est</strong></span> <span class='ocrx_word' id='word_1_317' title='bbox 87 2867 93 2901; x_wconf 89' lang='lat'>:</span> <span class='ocrx_word' id='word_1_318' title='bbox 106 2866 120 2900; x_wconf 81' lang='lat' dir='ltr'><strong>&lt;r</strong></span> <span class='ocrx_word' id='word_1_319' title='bbox 133 2850 190 2911; x_wconf 76' lang='lat' dir='ltr'><strong>Quia</strong></span> <span class='ocrx_word' id='word_1_320' title='bbox 199 2848 275 2901; x_wconf 87' lang='lat' dir='ltr'><strong>uidisti</strong></span> <span class='ocrx_word' id='word_1_321' title='bbox 283 2862 333 2911; x_wconf 88' lang='lat' dir='ltr'><strong>me,</strong></span> <span class='ocrx_word' id='word_1_322' title='bbox 343 2848 466 2901; x_wconf 79' lang='lat' dir='ltr'><strong>credidisti.</strong></span> <span class='ocrx_word' id='word_1_323' title='bbox 479 2849 532 2900; x_wconf 77' lang='lat' dir='ltr'><strong>»Et</strong></span> <span class='ocrx_word' id='word_1_324' title='bbox 540 2845 601 2899; x_wconf 90' lang='lat' dir='ltr'><strong>aliud</strong></span> <span class='ocrx_word' id='word_1_325' title='bbox 607 2846 667 2899; x_wconf 82' lang='lat' dir='ltr'><strong>uidit</strong></span> <span class='ocrx_word' id='word_1_326' title='bbox 676 2850 701 2899; x_wconf 89' lang='lat' dir='ltr'><strong>et</strong></span> <span class='ocrx_word' id='word_1_327' title='bbox 714 2846 775 2899; x_wconf 80' lang='lat' dir='ltr'><strong>aliud</strong></span> <span class='ocrx_word' id='word_1_328' title='bbox 789 2858 836 2897; x_wconf 79' lang='lat' dir='ltr'><strong>ore</strong></span> 
     </span>
    </p>
   </div>
   <div class='ocr_carea' id='block_1_3' title="bbox 0 0 967 3317">
    <p class='ocr_par' dir='ltr' id='par_1_6' title="bbox 0 0 967 3317">
     <span class='ocr_line' id='line_1_40' title="bbox 0 0 967 3317; baseline 0 0"><span class='ocrx_word' id='word_1_329' title='bbox 0 0 967 3317; x_wconf 95' lang='lat' dir='ltr'><strong> </strong></span> 
     </span>
    </p>
   </div>
  </div>
 </body>
</html>
