1917 3317
145 201 195 251 tto
326 210 386 247 rsus
403 198 440 257 rn‘,
457 208 550 253 ounsr.
567 208 644 257 mv,
659 206 715 243 nur.
731 206 769 243 ru.

144 288 237 339 beatum
258 286 374 348 Virginem
390 298 439 334 esse
458 286 554 332 matrem
572 282 630 342 ττετ,
642 281 663 331 si
683 280 722 332 uel
741 277 897 346 humanitasr
878 268 910 335 pis

146 360 228 410 inisset
237 359 339 421 suhjeeta
349 354 495 419 conceptioni
505 358 527 403 et
537 352 739 415 natiuitati,quam
749 338 818 401 homo
826 347 872 397 thet
873 344 904 390 ni=

145 431 220 481 Filius
238 429 294 488 hei,
307 427 368 476 sicut
384 427 494 477 Photinus
513 424 605 488 posuit3
619 424 657 473 rel
671 424 806 472 humanitas
825 434 864 470 non
875 416 911 463 τεε-

146 505 261 562 assumpta
281 499 305 548 in
317 499 427 548 unitatem
442 510 545 561 persona
559 494 596 545 rel
609 494 744 560 hypostasis
757 494 825 543 Verbi
837 490 896 547 τετε
895 520 901 530 2

145 571 223 636 posuit
242 570 360 620 Nestorius
381 570 423 632 (t).
436 570 563 630 Utrumque
581 570 658 617 autern
672 568 757 615 horum
774 574 811 615 est
826 575 880 615 erun
882 572 903 604 τ-

146 643 212 694 Unde
232 642 362 693 haereticum
382 644 419 691 est
437 652 522 704 negare
541 639 629 688 hertam
652 636 774 701 Virginem
795 634 891 687 essent
899 668 902 672 -

147 716 199 765 Dei.

180 788 212 836 dd
227 787 326 850 primum
331 797 394 904 dorgo
417 783 555 844 dicendum,
574 778 635 844 quhd
651 780 704 829 haeo
722 779 769 828 fuit
782 772 898 850 οτετεεττετ

147 858 208 908 τεεττ.
224 858 279 916 Qnae
291 857 381 917 quidem
394 854 491 905 solvitur
505 867 535 903 ex
548 854 592 902 hoo
606 852 675 915 qnod,
690 850 745 901 lirdt
760 865 808 901 non
828 852 896 901 iures
892 852 901 863 ⁴

147 928 279 991 expresse
273 927 422 990 inscriptura
436 926 522 975 dictum
532 922 592 987 quon
607 922 676 971 beata
690 921 761 984 Virgo
777 922 806 971 sit
819 916 900 971 matu*

147 996 266 1047 invenitur
288 1003 365 1046 tanuen
381 994 515 1059 expresse
509 1007 533 1043 ru
548 992 666 1055 Scriptura
683 990 746 1055 uudd
766 990 898 1041 Iesusdh·
902 992 904 1002 ¹

149 1074 185 1121 est
196 1083 264 1119 verus
275 1072 343 1126 Dens,
358 1071 383 1117 ut
393 1068 477 1117 dicitur
487 1066 571 1123 loon„
581 1064 635 1123 uit..
647 1068 671 1113 et
682 1063 745 1126 quod
760 1064 828 1113 beata
839 1063 892 1121 vop

149 1145 224 1190 mater
236 1142 289 1190 Jesu
303 1140 402 1198 Christi,
419 1142 443 1187 ut
452 1141 515 1201 patet
529 1102 635 1193 mirra,
647 1136 666 1184 1.
680 1136 747 1185 Unde
763 1136 861 1197 seqnitur
873 1146 891 1179 er

150 1212 256 1262 cessitate
267 1226 296 1261 ex
306 1212 382 1261 verbis
397 1207 587 1273 Scriptrrraeqrrhd
603 1207 632 1256 sit
648 1208 722 1256 Mater
732 1206 783 1256 Dei.
794 1207 894 1256 Dicitur

149 1283 368 1346 Rom..1h'‚qndd
383 1300 397 1329 u
408 1295 436 1331 ex
447 1279 531 1330 iudeis
543 1282 578 1328 est
592 1277 719 1327 secundum
735 1292 827 1329 earnem
843 1276 895 1325 Chri

150 1353 191 1417 qui
208 1358 243 1401 est
260 1367 328 1416 super
338 1367 388 1403 omr
392 1353 413 1401 ia
425 1354 485 1402 Deus
495 1348 649 1399 benedictus'
643 1362 666 1397 ru
680 1348 777 1399 saecula.
794 1366 808 1396 ε
820 1350 889 1398 nonu

150 1428 224 1475 estex
238 1424 328 1487 iudeis,
344 1424 388 1473 nisi
404 1423 518 1472 irradiante
535 1419 604 1470 heatt
616 1420 724 1482 Virgine.
738 1420 805 1469 Unde
816 1414 893 1478 idean·

150 1496 315 1559 superomnia
334 1498 395 1545 Deus
413 1492 568 1544 benedictus
563 1504 587 1539 ru
609 1490 713 1555 sarcula,
726 1492 764 1540 est
778 1491 832 1541 rer‘a
845 1497 898 1540 unt

150 1567 219 1617 beata
233 1567 325 1631 Virgine
343 1566 402 1616 siout
415 1579 443 1614 ex
459 1578 500 1615 sna
515 1567 594 1612 matre

184 1640 217 1688 nd
234 1640 357 1688 seeundum
372 1637 502 1699 ducendum,
511 1634 570 1697 quod
580 1634 618 1682 iila
630 1637 666 1683 est
674 1634 778 1697 objectio
793 1627 889 1684 Nestorii
900 1642 911 1658 ⁸

151 1709 268 1772 cyrillus'
262 1723 286 1757 m
300 1709 397 1771 quadam
411 1707 506 1768 epistola
522 1709 599 1755 eontra
613 1705 747 1753 Nestorium
763 1718 814 1755 eanr
831 1704 900 1753 soh-‘r

152 1780 248 1829 dicens:
266 1780 352 1828 «Sient
361 1777 461 1827 hominis
470 1776 547 1826 anima
562 1789 615 1825 enm
629 1776 723 1840 proprio
738 1789 833 1839 corpore
848 1789 888 1823 nus.

153 1853 178 1899 et
198 1853 305 1913 tanquam
325 1862 396 1899 nuum
410 1852 542 1911 reputatnr;
559 1850 582 1896 et
595 1845 615 1895 si
633 1846 736 1895 uoluerit
757 1847 866 1909 quispiam
880 1846 890 1890 d

152 1920 212 1984 quod
228 1926 263 1970 est
277 1920 373 1983 genitrix
388 1919 475 1977 earnis,
488 1932 534 1967 nnn
547 1923 623 1967 tamen
636 1920 660 1965 ετ
670 1916 755 1967 anima
768 1917 891 1981 genitrir,:

153 1991 267 2056 superflue
281 1991 387 2054 loquitur.
402 1990 456 2039 Vade
468 1990 553 2051 aliquid
572 1992 663 2051 gestum
678 1989 821 2053 percipimus
832 1988 855 2037 τε
865 2002 894 2035 nr·

153 2063 215 2112 tione
230 2064 315 2113 Christi
323 2100 331 2125 ,
347 2067 425 2111 natum
444 2068 479 2111 est
493 2062 556 2111 enirn
576 2074 604 2109 err
618 2059 658 2109 Dei
673 2061 751 2111 Patris
765 2062 897 2111 substantia.

153 2134 268 2196 Verhnm3
284 2135 336 2198 quia
346 2133 401 2183 rerd
413 2146 503 2183 earnem
518 2131 657 2194 assumpsit,
673 2132 833 2182 necessarium
844 2142 873 2181 eu
887 2154 892 2175 ε

153 2207 197 2255 teri
211 2206 270 2268 quod
289 2209 367 2255 natnrn
384 2209 420 2254 est
434 2203 558 2253 seeuudirrn
581 2215 673 2251 earnem
687 2216 718 2252 ex
732 2204 837 2255 muliare.
851 2220 862 2248 ε
879 2204 892 2247 τε

155 2276 209 2325 dum
223 2281 257 2325 est
271 2290 324 2339 ergo
345 2275 404 2339 qndd
420 2277 486 2325 hetta
501 2274 569 2337 Virgo
584 2272 669 2323 dieitur
683 2274 759 2325 Mater
776 2276 830 2333 ττετ,
844 2288 883 2321 riou

156 2346 186 2396 sit
196 2352 268 2397 mater
277 2348 412 2410 diuinitatis,
424 2348 463 2396 sed
477 2345 529 2409 quia
540 2358 644 2409 personae
658 2346 772 2396 habentis
786 2346 894 2396 divinitat

155 2418 337 2481 humanitatem,
351 2422 386 2468 est
401 2421 474 2466 mater
487 2416 611 2467 seeundum
624 2417 808 2467 humanitatem.

187 2490 220 2538 hd
231 2490 321 2538 tertium
339 2490 475 2550 dicendum,
487 2487 547 2551 qrrdd
566 2488 610 2536 hoe
630 2490 806 2551 mentiens,
821 2500 899 2551 quarn

156 2572 278 2611 commune
303 2561 375 2610 trihus
395 2560 517 2623 personis,
538 2562 616 2607 tamen
637 2559 751 2622 supponit
773 2561 895 2623 quandoid

157 2634 207 2683 sola
225 2646 324 2697 persona
349 2633 439 2695 Patris,
454 2632 589 2695 quandoque
608 2642 650 2694 pro
672 2631 724 2681 sola
743 2644 843 2695 persona
860 2630 896 2679 τῖε

192 2792 222 2854 (τ)
237 2795 287 2840 Etsi
300 2793 413 2839 Photinus
424 2804 518 2849 quoque
532 2804 627 2849 patrum
642 2792 769 2840 hominem
783 2794 852 2851 dixit,
865 2802 886 2836 ur

157 2861 236 2909 patet3
249 2857 289 2900 sed
307 2856 397 2899 unitum
406 2856 505 2899 subinde
519 2857 612 2905 Verbo.
630 2858 694 2911 quod
706 2871 788 2903 rerum
800 2865 878 2903 tamen
893 2856 902 2896 τ

157 2917 317 2973 εεοεερεετεεττε
333 2918 415 2973 inquo
429 2917 442 2961 t
456 2917 567 2963 Nestorio
581 2918 717 2965 differebat.
