1917 3317
133 215 165 264 lto
226 221 335 264 smnnnn
350 221 480 272 mmm,
494 221 588 267 onnsr.
605 221 728 272 suumn,
743 220 799 261 m.
815 223 843 262 m

134 301 199 358 (linos
215 299 409 362 ministrantium,
424 311 470 349 nou
485 299 585 350 lobotut
598 299 659 349 nitro
673 298 789 362 spiritum.
807 314 824 348 ι
837 300 900 351 Unde
912 305 933 350 et

134 372 255 438 Apostolus
268 369 336 430 dicit,
352 372 381 421 ll.
400 370 436 420 ud
450 371 566 430 Timotts„
577 371 613 430 tl,
632 369 694 433 quoti
707 385 720 418 u
735 370 759 420 in
775 383 856 434 magns
871 373 931 422 domo

136 458 182 496 non
197 442 269 494 solium
284 445 339 494 sunt
353 455 408 494 ussa
423 455 493 494 sures
504 447 528 493 et
543 445 666 506 argenton,
681 443 722 494 sol
734 446 758 494 ot
772 442 849 507 muno
861 448 885 494 et
898 444 931 493 tio

136 515 217 567 lilino

166 588 200 638 Ad
210 587 308 652 primum
319 599 373 650 ergo
385 587 521 649 diosndum,
534 587 595 650 quod
605 586 723 638 diversitos
736 589 837 638 mutnnm
848 592 874 638 ot
887 587 931 638 olli-

136 659 222 711 niornm
244 673 290 710 non
311 659 407 722 impedit
425 657 533 710 montesio
549 658 740 722 unitatemque
761 659 880 722 perlinitur
897 673 931 724 pu

136 731 244 782 unitatum
259 731 313 781 tidei
326 735 349 782 ut
363 731 495 791 charitatis,
509 734 534 780 ot
547 735 631 782 mutum
652 730 885 791 subministrationis,
896 745 930 781 so·

136 805 233 857 cundium
248 806 302 856 illud
312 804 421 868 Apostoli,
433 805 467 854 act
479 806 578 868 Eposo„
589 805 636 855 lV:
648 822 663 852 u
672 807 707 855 lix
717 817 764 869 quo
773 809 847 856 totum
856 819 934 870 corpus

136 881 172 930 est
184 882 330 952 compostum
338 875 440 940 (scilicet
451 889 493 940 per
502 875 587 936 tidem)
602 879 626 926 ot
637 888 768 928 nonnosum
779 876 887 941 insiliunt
899 888 934 942 per

138 949 296 1013 charitatem),
312 941 353 1012 p'sr
366 961 456 998 omnum
470 947 601 1012 juncturam
619 948 847 1013 subministrationis,
859 965 874 997 ι
885 952 931 1000 dun

136 1021 224 1072 scilieet
237 1035 297 1071 unos
309 1019 348 1070 slii
361 1021 441 1071 servit.
932 1050 934 1061 .

169 1093 203 1143 Ad
217 1091 341 1144 sessionum
364 1091 501 1153 dicendum,
518 1089 579 1153 quon
592 1089 653 1140 sium
668 1094 749 1140 natum
763 1103 811 1142 non
829 1092 887 1142 inuit
898 1080 934 1155 pn}

139 1163 208 1212 mults
225 1163 284 1226 quod
300 1166 374 1226 potest
389 1164 462 1212 iucem
472 1175 513 1226 pur
527 1174 608 1222 unum,
620 1160 651 1211 itu
661 1160 730 1212 otium
743 1175 789 1212 non
802 1167 902 1213 monetat
913 1163 934 1211 int

139 1249 209 1287 uuum
229 1235 294 1285 idad
315 1236 374 1298 quod
396 1235 465 1284 multu
484 1233 641 1296 roquirnntnr,
656 1233 781 1284 sonandum
799 1233 859 1285 iliud
877 1239 934 1299 Apo·

139 1308 206 1371 stoli,
219 1309 236 1359 l.
252 1305 288 1356 ud
304 1306 375 1366 Cor„
390 1307 449 1356 llll:
466 1321 480 1352 u
495 1305 606 1356 Sitotum
623 1307 812 1370 summonitus,
824 1307 866 1357 ubi
879 1306 934 1359 unni

139 1380 193 1430 tusl
203 1397 216 1426 u
232 1379 296 1430 Unio
309 1378 352 1428 ot'
346 1391 371 1428 m
385 1375 501 1438 Ecclesia,
516 1391 566 1441 qun
580 1380 617 1426 nst
631 1391 715 1440 norpus
727 1376 812 1427 corion
820 1364 934 1444 oportuit

139 1450 240 1500 membro
254 1447 401 1500 divorsitlumi
415 1447 539 1498 secundum
553 1448 650 1499 uirens
659 1447 749 1513 omnio,
765 1453 841 1500 stutm
854 1456 878 1503 et
891 1458 934 1513 gru

139 1524 180 1576 (lus
192 1527 233 1585 (it.

171 1596 205 1646 Ad
216 1592 306 1644 tertium
320 1591 398 1642 dimon]
386 1593 436 1642 unm
440 1592 518 1656 ‚qnod
525 1591 828 1657 sicutiucorpnrsnuturrii
840 1594 934 1646 membru·

140 1663 564 1728 divessscuutinenturinunitatopm
571 1665 677 1714 virtutum
686 1665 931 1730 spiritisrinltimntis

140 1752 185 1803 quo
200 1739 306 1796 absonis,
321 1737 420 1786 membru
440 1736 542 1799 eorporis
560 1740 703 1800 supumutur3
719 1737 752 1786 itu
766 1737 838 1787 Aenum
852 1739 878 1788 in
892 1749 934 1785 uor-

141 1823 196 1874 pors
212 1807 317 1859 Euctusiae
328 1811 472 1858 conservatur
481 1821 527 1871 pax
540 1807 680 1858 diversorum
690 1810 843 1859 membrorum
857 1810 934 1859 virtulo

142 1881 240 1943 Spiritus
250 1879 332 1940 suncti,
344 1879 471 1942 quiuorpns
480 1879 588 1929 Enolssim
600 1879 707 1940 riviirnt,
718 1881 934 1932 uthubotnrlouo.‚'

142 1953 182 2000 Vl.
198 1951 262 2000 Unde
277 1951 395 2014 Apostolus
406 1951 475 2014 dicit,
491 1951 527 2000 nd
542 1949 643 2014 nones..
653 1952 682 2001 lv
698 1951 835 2001 :uSoliiciti
849 1946 934 2002 servaru'

143 2022 254 2074 unitatem
269 2022 365 2086 Spiritus
374 2022 398 2072 in
409 2023 499 2073 vinculo
512 2022 584 2086 posis.
593 2039 607 2069 u
620 2022 719 2074 liisuodit
728 2027 804 2075 autom
817 2020 934 2086 aliquisnl

144 2099 187 2148 hac
196 2097 283 2146 unitate
297 2095 402 2159 spiritis,
417 2096 469 2144 inin
480 2093 561 2158 quaerit
572 2108 624 2156 pum
635 2095 680 2147 sibi
694 2099 747 2145 sunt
759 2095 868 2175 propriu3
883 2093 934 2144 sicut

143 2168 228 2220 elinm'
222 2181 246 2217 m
258 2172 345 2218 terrena
359 2167 451 2218 uilitate
463 2180 507 2228 pun
518 2166 604 2217 tollitur
614 2180 643 2216 ox
652 2169 695 2218 tros
705 2166 796 2230 qnod'
778 2180 842 2217 nvos
856 2161 934 2228 singuli

143 2253 194 2304 qum
208 2251 248 2290 sua
265 2243 318 2290 sunt
333 2242 444 2302 qrraerunt.
467 2238 586 2322 Alioquin,
601 2252 642 2302 pur
654 2238 780 2289 omnnium
799 2242 824 2288 st
839 2230 934 2288 statuunt

143 2311 322 2371 distinotionis,
339 2315 382 2360 tum
398 2310 479 2360 montis
499 2310 566 2372 quim
583 2309 683 2360 ciuitatis
700 2314 789 2360 terrena
806 2322 853 2373 pax
868 2304 934 2375 magis

142 2382 313 2442 conservatur,
308 2397 331 2432 un
342 2385 450 2445 quantum
461 2394 503 2445 per
513 2384 561 2432 traec
569 2381 754 2445 plurissnntnur
748 2379 934 2430 ‘mmnuuioont

141 2453 231 2503 autibus
241 2453 342 2516 publicis.
356 2454 418 2504 Unde
427 2457 450 2502 ot
462 2453 582 2517 Apostolus
591 2452 654 2512 uiuit.
667 2455 685 2503 l.
695 2453 731 2502 ud
741 2453 810 2504 Gor..
820 2454 870 2514 llll,
879 2447 931 2514 quud

144 2525 226 2575 uitem
242 2526 377 2590 tsuopernrit
390 2538 444 2586 nos,
459 2529 485 2574 ut
505 2537 551 2574 non
567 2525 597 2575 sit
611 2524 716 2575 suluismu.
727 2524 753 2574 in
770 2537 880 2588 osupum,
895 2518 934 2571 sei'

142 2609 182 2660 pro
195 2595 292 2648 invitem
305 2596 403 2648 sollicita
419 2596 463 2646 sint
478 2597 613 2647 membra.»

179 2748 210 2810 (1)
226 2753 255 2798 Et
266 2751 320 2797 vero
335 2751 430 2796 Axiomn
443 2751 467 2795 in
480 2755 615 2808 argumento
634 2752 778 2808 propositum
789 2751 825 2797 sio
841 2744 934 2802 intelligi

146 2815 213 2871 solet,
229 2815 289 2869 uuirt
303 2819 395 2862 nutura
406 2827 455 2860 oron
472 2814 533 2874 {nuit
545 2826 590 2872 por
604 2815 681 2859 mutto
690 2814 718 2860 id
732 2815 796 2873 pund
807 2819 883 2874 ponus
894 2817 934 2871 per

148 2888 240 2926 mum,
254 2876 346 2934 quondo
361 2877 426 2934 oqui
437 2878 608 2924 nortusnisnter
615 2879 699 2935 potat
