1917 3317
189 124 220 161 us
235 122 440 163 nusumcrronrs
454 122 550 163 cunum
563 123 735 163 crusmrrnru.
813 114 860 163 998

32 199 92 251 ntis
107 204 190 263 agat,
204 212 251 251 uon
265 200 332 251 ruodo
347 199 522 251 resurrectionis
532 212 666 265 corporum,
678 202 719 252 sed
730 199 801 252 etiam
810 200 860 251 aui·

32 285 157 333 marum,
170 284 242 321 cansa
253 270 360 321 cunctim
374 276 398 323 et
410 272 547 335 exemplaris
555 273 611 336 est.)

66 343 226 407 Respondet>
248 342 382 405 (licendum,
396 342 459 407 quod
477 344 537 393 sicut
556 344 644 395 dictum
661 349 711 407 est,
725 346 861 397 resurrectio

32 414 133 465 Christi
158 414 207 477 agit
224 412 248 463 iu
262 414 346 465 virtute
363 414 506 478 divinitatis;
520 430 571 479 qus
587 417 680 479 quidem
695 430 721 467 se
740 415 860 478 extendit,

32 499 86 535 unu
100 484 188 535 solirm
202 484 231 535 ad
249 484 439 536 resurrectionem
452 499 586 550 ccrpcmm,
600 488 641 539 sed
659 488 728 538 ctiam
740 489 770 537 acl
785 500 860 537 resur·

33 557 182 607 rectionem
193 556 333 621 unimarnm3
348 558 361 608 l
374 558 544 622 Deoeuimest,
553 558 645 623 etquid
655 560 731 609 anima
741 558 807 609 rirat
818 571 861 623 per

35 629 168 691 gratiam,
184 628 279 691 etquid
294 642 379 693 corpus
387 630 451 679 vivat
463 643 505 693 per
517 631 627 681 animam.
642 632 670 681 Et
679 630 731 681 ideo
745 641 862 680 resurrec-

37 700 73 749 tio
94 698 194 749 Christi
215 700 285 751 habet
308 700 511 752 instrumentaliter
530 701 637 752 uirtutem
654 702 794 764 effectivam,
814 714 862 751 nou

38 771 125 821 solium
148 774 257 835 respectu
275 772 449 823 resurrectionis
462 785 592 837 comnmm,
610 773 735 824 sedetiam
752 776 858 837 respectu

40 842 231 894 resurrectionis
241 844 375 893 animarum.
383 844 493 895 Similiter
504 844 573 895 ctiam
583 845 652 895 habet
660 845 773 895 rationem
783 856 860 894 erem·

40 915 170 978 plaritatis
183 920 288 979 respectu
299 916 471 967 resurrectionis
485 913 627 979 auimamm;
645 916 700 979 qnia
717 915 809 967 Christo
825 929 861 967 re·

43 985 160 1051 surgenti
180 986 289 1037 debemus
304 987 373 1037 etiam
392 987 518 1038 secundnm
538 986 637 1037 ammam
653 987 804 1050 conformari,
823 1000 861 1037 se-

44 1056 158 1109 cundum
174 1060 323 1122 Apostolum,
338 1060 418 1115 Rom..
430 1059 477 1109 Vl:
491 1076 504 1107 ι(
513 1058 618 1111 Christus
629 1060 728 1110 surrexit
740 1060 754 1109 i
766 1058 862 1109 mortuis

45 1143 93 1191 per
111 1128 212 1193 gloriam
226 1129 316 1193 Patris;
339 1130 371 1180 ila
388 1135 412 1179 et
423 1143 466 1181 uos
482 1131 507 1180 in
520 1130 621 1181 nonime
634 1130 688 1181 rite
702 1131 860 1192 ambulemus3

46 1205 72 1249 et
88 1200 154 1251 sicut
172 1200 223 1265 ipse
236 1214 358 1263 resurgens
373 1214 402 1251 ex
416 1201 528 1264 mortius,
541 1201 589 1265 jam
603 1214 650 1252 nnn
662 1202 773 1264 moritur,
790 1202 860 1251 itaet

47 1286 95 1323 nos
110 1272 273 1324 existimemus
286 1286 327 1323 uos
338 1277 439 1324 mortuos
452 1286 502 1323 esse
512 1276 615 1337 peccato,
623 1277 651 1323 ut
659 1272 742 1323 iterum
754 1273 860 1323 vivamus

49 1358 108 1393 cum
125 1344 176 1394 illu.
187 1360 200 1391 n

85 1417 123 1467 nd
138 1416 239 1481 primum
253 1430 307 1480 ergo
322 1417 452 1477 dicendum,
466 1416 527 1479 quod
541 1416 681 1480 Augustinus
695 1416 755 1481 (ubi
773 1415 860 1480 snprt)

51 1488 128 1549 dicit,
147 1487 335 1551 resurrectionem
358 1488 485 1537 animarum
507 1487 558 1537 lieri
580 1488 677 1551 perlici
698 1487 859 1551 substantiam,

51 1564 168 1624 quantum
177 1559 205 1608 acl
213 1559 419 1623 participationem,
430 1558 484 1622 qnia
495 1558 580 1609 scilicet
589 1558 746 1623 participando
760 1558 860 1609 divinam

53 1630 194 1691 bonitatem,
205 1631 288 1683 animas
301 1632 359 1681 finnt
370 1632 465 1682 bonnet
471 1631 553 1693 juste,
564 1643 610 1680 nou
619 1634 695 1681 numm
705 1630 861 1694 participando

54 1714 226 1765 quamcumque
239 1707 372 1753 creaturam.
386 1702 466 1763 Unde,
475 1702 527 1750 clim
536 1702 647 1752 dixisset:
660 1719 674 1750 ι(
684 1701 771 1752 Anime
780 1714 858 1752 resur·

57 1778 118 1839 gunt
133 1787 175 1838 per
191 1774 341 1825 substantiam
355 1774 408 1836 liei,
427 1790 440 1821 n
457 1774 535 1824 subdit
552 1789 559 1823 ε
575 1790 590 1822 u
606 1773 782 1838 Participatione
797 1775 861 1824 cuim

57 1846 101 1897 ltei
116 1844 140 1894 il
154 1845 324 1907 animalcula,
339 1858 385 1896 nun
398 1844 571 1909 participatione
584 1846 666 1895 anime
678 1849 772 1896 sancte.
786 1861 801 1893 n
816 1845 862 1895 Sed

60 1918 217 1983 participando
248 1918 341 1983 gloriam
365 1917 466 1983 corporis
490 1917 589 1980 Christi,
614 1918 745 1968 efficiuntur
767 1929 863 1981 corpora

61 1993 140 2040 nostra
153 1989 259 2053 gloriosa.

94 2061 127 2111 nd
152 2061 274 2111 secundum
304 2062 437 2124 dicendum,
461 2060 522 2125 quod
545 2059 667 2111 efficientia
690 2059 862 2111 resurrectionis

63 2131 148 2183 Christi
157 2131 266 2196 pertingit
278 2132 306 2183 acl
317 2132 419 2195 animas,
436 2146 483 2183 nou
493 2146 535 2197 per
543 2132 657 2197 propriam
667 2133 777 2182 uirtutem
791 2132 863 2197 ipsius

65 2202 167 2267 corporis
182 2203 335 2267 resurgentis,
350 2205 387 2255 secl
401 2216 443 2267 per
459 2203 567 2255 virtutem
581 2203 718 2267 diuinitatis,
732 2204 769 2253 cui
782 2216 860 2268 perso·

65 2276 146 2325 naliter
158 2275 244 2326 unitur.

98 2348 129 2397 ln
143 2346 233 2397 tertium
247 2346 382 2409 dicendum,
398 2346 457 2410 quod
471 2347 605 2399 resurrectio
622 2347 748 2398 animarum
762 2348 862 2412 pertinet

68 2419 94 2467 ud
108 2416 222 2482 meritum,
237 2418 297 2481 qnod
310 2422 345 2468 est
358 2418 452 2468 effectus
469 2418 654 2482 justificationis3
669 2420 709 2469 sed
726 2417 863 2468 resurrectio

68 2501 181 2552 comorum
192 2488 308 2539 ordinatur
318 2491 345 2541 ad
353 2501 444 2555 perram
452 2490 489 2539 rel
500 2490 627 2553 premium,
640 2503 692 2553 que
702 2493 756 2540 sunt
766 2488 862 2539 effectus

66 2560 195 2623 judicantis.
207 2562 238 2611 ild
249 2561 365 2611 Christum
380 2564 456 2611 anum
467 2574 515 2611 nou
522 2562 623 2626 pertinet
633 2560 758 2625 justificare
771 2573 860 2624 omues,

69 2632 108 2682 scd
118 2631 224 2696 judicare.
239 2633 267 2682 lit
277 2632 329 2684 ideo
343 2644 423 2683 omues
437 2634 559 2683 resuscitat
570 2631 696 2682 mcnudim
711 2646 809 2697 corpus,
822 2633 861 2682 ssd

70 2717 116 2755 nou
128 2716 203 2755 omnes
217 2703 340 2755 secundinm
353 2704 461 2755 animam.

102 2776 134 2827 lld
143 2780 243 2839 quartum
251 2776 382 2838 dicendum,
393 2776 453 2839 quid
463 2776 489 2825 in
497 2774 662 2839 justificatione
674 2775 802 2826 animarum
815 2775 861 2825 dno

72 2851 214 2915 concurrunt,
230 2848 317 2903 scilicet
330 2846 433 2902 remissio
446 2848 534 2911 culpa,
548 2852 572 2897 et
581 2846 672 2898 nunus
684 2847 738 2899 vite
752 2858 793 2911 par
805 2858 860 2910 gre-
