1917 3317
182 184 215 221 ns
228 175 297 223 uono
313 182 519 227 corrmssnonm
535 172 640 229 cuirsrr.
767 158 813 227 ton

48 262 101 309 'uste
117 260 142 309 et
161 260 206 311 mal
227 262 349 325 sylvestre.
370 280 384 311 n
409 264 473 325 Quod
496 279 613 330 exponens
634 266 815 333 Chrysostomns

48 345 81 380 rm.
94 332 124 381 ll.
139 332 167 381 in
180 331 294 395 Metilii,
311 334 365 385 dicit
381 354 387 386 :
403 336 484 387 «Erat
497 336 599 389 miubile
612 338 637 389 in
649 340 749 390 humano
761 352 813 390 cnr-

48 416 74 462 =e‚
89 406 179 453 tantam
191 404 325 468 patientium
337 407 430 470 ridere3
447 409 508 471 quod
521 412 545 459 et
558 409 649 461 Jndaeos
663 411 735 475 magis
743 414 813 461 attra-

48 479 79 523 nt.
96 491 111 522 n
126 476 188 539 Ergo
208 476 298 527 videtur
317 476 376 543 qndd
393 478 464 531 rnnltd
486 480 560 544 magis
577 480 693 532 Christum
711 482 814 535 decuerit

48 548 126 597 leritas
146 548 211 598 vitae.

48 622 62 665 t.
75 620 205 679 preterea,
218 620 355 672 abstinentia
367 624 394 673 ud
405 624 569 675 continentiam
581 624 715 688 ordiuntur;
727 624 812 676 dicitnr

48 705 63 738 n
79 693 148 745 Osee,
162 692 193 739 lV
208 706 216 741 ε
233 710 247 741 (ι
263 693 388 745 comedent
402 696 425 745 et
443 709 490 746 non
510 696 684 760 saturabuntur3
702 696 811 747 fornicati

51 768 70 819 t,
90 766 116 813 et
135 776 185 813 non
199 769 380 834 cessaverunt.»
398 767 442 817 Sed
454 766 559 818 Christus
574 767 737 819 continentiam
752 771 775 819 et
786 768 812 819 in

48 834 142 885 :erravit
153 874 161 899 ‚
173 838 197 887 et
212 836 263 887 aliis
277 840 413 889 servandum
426 840 547 905 proposuit
558 879 564 901 ,
576 838 626 891 oiim
640 840 697 891 dixit
707 841 811 900 natat„

48 910 50 955 ζ
64 924 69 955 ;
84 924 98 955 n
111 908 175 959 Sunt
189 909 288 959 eunuchi
301 910 340 973 qui
352 924 377 961 se
388 914 545 963 castmvernnt
555 915 649 977 propter
660 926 756 976 regnum
766 928 813 964 cm·

48 994 86 1043 11n3
96 980 140 1043 qni
153 983 233 1044 potest
242 994 338 1045 cupere,
350 982 433 1047 cupiat.
444 1000 457 1031 n
468 984 527 1048 llrgo
536 984 626 1035 videtur
637 984 699 1049 qndd
707 984 812 1036 cunnus

48 1066 58 1099 e
75 1056 99 1102 et
116 1052 142 1101 in
158 1050 209 1101 suis
222 1052 340 1117 discipulis
355 1052 512 1105 austeritatem
524 1056 578 1106 vitae
592 1067 681 1107 servare
697 1056 810 1106 debuerit.

48 1163 51 1171 .
66 1126 193 1186 l’raeterea,
204 1122 325 1175 ridiculum
336 1126 426 1175 uidetur
437 1130 463 1176 ut
472 1126 556 1189 aliquis
568 1126 726 1177 districtiorem
739 1125 812 1179 uitam

48 1197 105 1258 rint,
119 1198 145 1245 et
164 1196 194 1245 ab
214 1208 243 1245 ea
264 1196 289 1245 in
308 1196 417 1247 laxiorem
438 1200 581 1260 revertetur3
596 1200 671 1262 potest
690 1198 752 1249 enim
765 1198 813 1250 diei

49 1282 72 1315 ra
82 1282 139 1317 eum
151 1268 216 1331 quod
228 1266 324 1319 hebetur
338 1268 406 1324 tue..
420 1270 470 1319 lllV
488 1284 494 1317 :
509 1269 578 1319 «llic
591 1271 660 1321 homo
674 1270 744 1334 cepit
757 1270 812 1321 ndi·

48 1354 60 1389 e
75 1344 98 1390 et
112 1352 163 1390 non
182 1340 259 1402 potnit
272 1352 439 1391 consummare.
452 1355 465 1387 n
479 1338 584 1391 Christus
601 1344 677 1391 autem
690 1340 811 1392 districtis-

52 1426 75 1460 m
90 1410 166 1461 vitam
183 1410 280 1474 inooepit
295 1415 347 1473 post
362 1410 517 1476 baptismum,
532 1424 628 1462 manens
641 1412 666 1461 in
680 1412 773 1463 deserto
788 1415 812 1463 et

48 1498 102 1533 runs
123 1482 280 1547 qnadraginta
303 1482 426 1533 dicheset
448 1483 597 1547 quadraginta
619 1484 731 1535 noctibus.
750 1484 811 1546 Ergo

49 1570 83 1603 ur
94 1568 144 1606 non
158 1553 236 1603 inisse
251 1566 376 1615 congruum
390 1553 449 1617 qudd
460 1558 512 1618 post
525 1556 611 1603 unum
625 1553 678 1604 vitm
687 1552 812 1604 districtio-

52 1628 83 1675 ίιιι
96 1638 251 1677 communem
263 1625 333 1675 vitum
343 1625 436 1675 rediret.

51 1701 65 1746 =l
84 1702 168 1749 contra
182 1700 219 1747 esi
228 1734 238 1759 ,
256 1697 316 1759 qnod
330 1696 412 1747 dicitur
426 1698 531 1752 Maron,
551 1697 582 1747 Xl
604 1712 611 1745 z
632 1695 722 1746 «Venit
737 1696 810 1748 Filius

54 1772 93 1821 nis
113 1770 266 1820 manducans
279 1772 302 1819 et
315 1768 405 1819 bibens.
417 1786 430 1817 n

48 1846 194 1893 :onccnsrn
211 1868 243 1877 -
257 1840 316 1891 unm
330 1842 475 1891 conveniens
492 1841 563 1892 inerit
575 1843 601 1891 nt
612 1853 665 1889 cum
679 1840 810 1893 hominibus

48 1920 101 1963 stus
120 1915 320 1973 conversaretur,
334 1912 480 1976 perspicuum
494 1915 530 1963 est
549 1910 654 1962 decuisse
675 1910 767 1963 omnino
783 1918 810 1964 nt

48 1988 78 2036 io
93 1990 116 2037 et
127 1988 188 2050 potu
204 1983 358 2045 communiter
371 1984 467 2035 sesicut
481 1982 521 2034 olii
534 1984 652 2046 haberet.)

48 2058 168 2120 spondeo
183 2054 323 2117 dicendum,
338 2052 399 2119 quod
414 2054 493 2119 (sicut
513 2054 598 2105 dictum
612 2056 646 2103 est
655 2053 673 2118 )‚
685 2068 810 2117 congruum

48 2126 228 2177 incarnationis
247 2124 289 2175 dni
299 2164 306 2189 ,
316 2129 343 2175 ut
362 2126 466 2177 Christus
484 2140 530 2177 non
544 2128 622 2189 ageret
635 2124 760 2176 solitarium
773 2126 810 2175 ri-

65 2199 112 2249 sed
127 2213 184 2249 cum
205 2195 340 2247 hominibus
351 2199 534 2247 conversaretur.
548 2195 592 2255 Qui
610 2198 687 2247 unum
704 2210 756 2247 cum
768 2196 811 2247 uli·

50 2287 73 2320 «ε
93 2273 258 2331 conversetur,
274 2267 518 2319 convenientissimum
540 2270 576 2318 est
590 2272 616 2318 ut
632 2280 657 2318 se
671 2266 705 2319 eis
718 2268 743 2318 iu
757 2282 812 2320 eon-

52 2344 129 2393 tione
148 2341 298 2401 conformet,
312 2338 438 2391 secundnm
455 2340 512 2389 illud
527 2338 628 2403 Apostoli
645 2340 664 2389 l.
685 2338 722 2389 ad
736 2341 810 2401 Cor„

57 2433 76 2461 α
97 2412 214 2463 Omnibus
232 2410 310 2461 omnia
325 2410 398 2461 lactus
418 2422 478 2461 snm.
493 2427 507 2457 n
522 2410 550 2459 lit
570 2410 624 2461 ideo
641 2411 812 2462 convenientis·
899 2413 901 2416 ’

50 2502 68 2535 rr
91 2484 139 2534 luit
157 2487 185 2533 ut
198 2481 304 2533 Christus
318 2482 343 2531 in
359 2482 410 2531 cibo
431 2484 455 2532 et
468 2484 524 2545 potu
545 2480 695 2531 communiter
711 2480 812 2532 sesicut

48 2559 153 2607 liberet.
177 2554 244 2605 Unde
263 2551 404 2617 Augustinus
423 2551 478 2602 dicit
502 2551 597 2601 Contra
612 2552 733 2601 Faustum
746 2550 756 2615 (
767 2551 811 2601 lib.

56 2642 124 2691 osup.
138 2630 170 2675 30
181 2628 210 2687 ),
226 2623 288 2689 qudd
305 2639 319 2671 n
334 2624 432 2673 loannes
450 2621 573 2673 diensem
592 2634 639 2673 non
651 2622 808 2685 manducans,

48 2720 53 2735 ι
78 2698 186 2760 bibens,
202 2695 256 2761 qula
271 2694 310 2745 illo
324 2694 386 2745 uictu
401 2707 446 2757 qno
459 2693 531 2745 ludaei
550 2693 681 2753 utebantur,
695 2704 742 2742 non
757 2694 811 2742 ute-

68 2773 129 2822 Hoc
140 2781 199 2832 ergo
208 2768 255 2817 nisi
265 2766 375 2819 Dominus
385 2769 496 2828 uteretur,
507 2777 554 2815 uon
567 2765 618 2828 ejus
628 2763 810 2827 comparatione,

48 2855 137 2894 rizans
147 2840 280 2903 hdrensque
300 2838 448 2889 diceretur.»

72 2913 186 2979 primum
200 2922 255 2975 ergo
270 2910 408 2971 dicendum,
424 2908 486 2975 qudd
498 2906 609 2959 dominns
626 2904 651 2955 in
664 2916 705 2954 suu
716 2916 811 2956 conuer-
