1917 3317
229 192 234 202 ·
286 195 318 231 nn
334 194 424 233 orama
441 194 551 244 culam,
565 196 617 233 nro.
808 188 853 235 357

49 271 142 324 tradidit
156 269 305 333 semetipsum
320 284 363 333 pro
378 271 492 331 Ecclesia,
504 274 530 321 ut
543 270 593 335 ipse
612 272 732 323 erbiberat
749 272 793 323 sibl
806 275 854 338 glo·

49 344 132 395 rinsarn
154 341 281 393 Ecclesiam
300 355 347 392 non
368 342 490 393 habentem
509 344 634 403 maculam,
649 347 689 393 ant
706 358 799 408 rugam,
814 350 854 396 ant

2 463 3 466 ,
50 414 135 478 abacia
156 414 297 477 hujusmodi.
312 429 327 460 n
344 415 388 465 Sed
401 414 468 465 multi
481 419 534 464 sunt
547 414 615 465 eliam
629 416 706 466 fideles
725 416 750 465 in
770 417 854 479 quibus

49 486 164 536 inuenitur
178 486 266 535 macula
285 489 324 535 aut
344 498 401 549 ruga
417 485 515 551 peccati.
534 486 593 550 Ergo
609 500 651 537 nec
664 487 733 537 etiarn
752 487 855 538 omnium

49 557 151 609 bdelium
163 557 266 607 cbristus
281 560 318 607 est
329 560 407 620 capnt.

80 634 103 678 a.
126 630 255 689 Praetema,
280 631 422 679 sacramenta
450 628 534 679 ueteris
558 628 615 692 legis
643 634 804 693 comparantur
825 632 853 682 ad

51 700 178 762 Christum,
193 700 252 749 sieut
259 700 340 749 umbra
355 701 383 750 ad
394 714 492 763 corpus,
508 703 533 750 ut
546 701 628 751 dieitur
641 701 746 762 Colone,
763 702 791 752 ll.
809 702 854 753 Sed

49 776 125 835 patres
139 770 226 822 notens
236 771 377 821 Testamenti
392 771 544 823 sacramentis
558 772 603 823 illis
619 786 660 823 suo
674 776 777 837 tempore
796 786 850 823 ser-

51 844 160 907 neunt,
176 843 302 893 seonndrlm
322 843 378 892 illud
396 844 480 900 Heba,
504 845 553 894 Vlll
568 860 575 892 r
593 845 664 903 «Qui
686 846 811 909 exemplari
832 850 855 896 et

52 916 134 966 umbra
160 915 294 965 deserviunt
319 915 457 965 coelesbum.
476 932 491 963 n
514 917 565 967 Nou
590 930 645 979 crgo
666 918 809 979 pertinebant
827 918 855 968 acl

55 1000 132 1052 eorpus
153 987 254 1050 Cbn‘sli3
269 986 339 1037 etita
355 986 460 1036 Christus
473 1000 520 1038 non
534 990 570 1038 est
582 991 651 1052 caput
665 988 766 1038 omnium
780 989 855 1039 borni-

55 1072 115 1110 unm.

84 1130 128 1180 sel
145 1134 225 1181 contra
243 1134 295 1193 est,
307 1130 367 1193 cuba
386 1129 469 1180 elicitur
485 1132 503 1179 l.
528 1131 604 1189 Tim„
619 1131 657 1179 lv:
675 1148 688 1179 u
700 1132 742 1181 Est
759 1132 859 1183 salrator

61 1202 153 1251 omnium
172 1202 303 1263 bominum,
319 1205 342 1252 et
356 1202 457 1253 maxime
475 1201 589 1264 fidelium3
606 1219 620 1249 »
635 1206 658 1253 et
675 1204 694 1252 l.
715 1204 798 1260 loon..
812 1204 832 1253 ll
849 1219 854 1252 :

59 1274 131 1336 «lpse
149 1277 186 1323 est
198 1273 332 1336 pmpitiatio
345 1287 387 1336 pro
404 1275 504 1337 pcccatis
527 1273 625 1333 nostris,
647 1286 693 1324 non
709 1288 750 1338 pro
772 1274 856 1325 nostris

56 1343 155 1407 tantiam,
170 1345 212 1394 sed
230 1345 298 1394 etiam
312 1358 355 1408 pro
368 1345 440 1395 tolim
453 1345 542 1395 mnndi.
553 1361 567 1392 n
587 1346 679 1395 salvare
696 1350 770 1395 autem
782 1346 857 1397 homi·

56 1428 106 1478 aas,
128 1422 153 1466 et
173 1416 360 1480 propitiationem
380 1429 432 1467 esso
448 1430 490 1480 pro
511 1416 612 1479 peccatis
634 1430 731 1479 eorum,
750 1418 858 1481 competit

55 1486 157 1550 Christo,
171 1486 297 1537 secundina
307 1487 368 1551 qnod
381 1491 418 1537 est
440 1492 518 1551 caput.
538 1488 598 1549 Ergo
615 1487 718 1538 cbristus
736 1490 770 1537 cst
789 1492 857 1551 capnt

56 1559 156 1609 omniurn
170 1558 301 1609 bominum.

84 1632 239 1694 (emmeno.
251 1658 285 1667 -
297 1633 432 1695 Quanquam
449 1645 497 1682 non
515 1631 595 1681 eodem
609 1631 690 1691 molo,
704 1630 805 1681 omnium
823 1634 858 1681 ta·

53 1714 106 1753 rnen
126 1702 247 1753 bominum
265 1703 369 1753 cbristus
385 1707 453 1766 capnt
469 1702 536 1765 est.)

82 1774 223 1838 Respondeo
236 1774 369 1838 dicendum,
380 1776 440 1838 quod
453 1776 505 1825 baec
519 1778 556 1825 cst
565 1774 692 1824 differentia
707 1773 767 1824 inter
776 1787 858 1839 corpus

53 1846 155 1896 bominis
164 1846 276 1909 naturale,
289 1850 314 1895 et
322 1860 405 1911 corpus
417 1846 528 1896 Ecclesia
541 1846 673 1911 mysticum,
688 1844 747 1908 qubrl
757 1846 858 1895 membra

52 1918 154 1981 corporis
167 1916 277 1967 naturalis
287 1921 342 1968 sunt
354 1918 431 1967 omnia
451 1917 538 1980 simul,
554 1917 655 1967 membra
668 1920 744 1966 autem
758 1916 859 1981 eorporis

51 1988 147 2053 mystici
160 2001 208 2038 non
222 1993 278 2037 nunt
298 1988 374 2039 omnia
390 1988 472 2050 simul,
486 2002 559 2053 neque
577 1991 687 2051 quantum
708 1988 735 2037 ad
748 2003 800 2037 eune
813 2000 859 2037 ua-

51 2062 120 2123 turae,
132 2058 188 2123 quia
200 2072 284 2124 corpus
293 2060 399 2110 Ecclesia
413 2060 560 2110 constituitur
570 2074 600 2111 er
613 2059 746 2110 huminibus
757 2060 796 2123 qui
807 2058 858 2108 ine-

51 2132 256 2196 rnntaprincipio
276 2132 356 2181 mundi
374 2133 490 2195 usquead
510 2132 578 2182 finem
598 2132 683 2195 ipsius,
703 2142 776 2195 neque
791 2130 859 2181 eliam

52 2205 166 2271 qnantim
181 2206 210 2255 ad
225 2219 277 2253 erae
289 2204 383 2268 gratia,
396 2204 451 2268 qnia
465 2217 543 2254 eorum
557 2204 625 2254 etiam
642 2204 680 2267 qui
698 2208 752 2254 sunt
768 2204 792 2253 in
813 2215 859 2253 uno

50 2282 158 2342 ternpore
170 2275 262 2339 qnidam
280 2276 352 2339 gratia
366 2279 445 2326 carent
457 2274 602 2339 postmodium
615 2275 728 2339 babituri,
746 2274 795 2325 aliis
810 2288 859 2324 eam

49 2350 101 2412 jam
111 2348 258 2398 habentibus.
270 2348 309 2397 Sic
325 2347 396 2410 igitur
405 2348 507 2397 membra
520 2348 620 2410 corporis
636 2348 727 2412 mpstici
743 2346 860 2411 accipiun-

50 2424 99 2482 tur,
113 2432 163 2469 non
176 2418 250 2469 solium
266 2418 391 2469 secnnrlbm
408 2418 469 2482 qubd
489 2422 545 2469 suut
561 2418 586 2469 in
605 2422 673 2479 actu,
687 2418 809 2469 sedetiam
824 2430 861 2467 se·

50 2491 157 2543 cunctum
175 2490 235 2554 quod
253 2494 312 2540 sunt·
324 2490 348 2539 in
364 2490 474 2554 potentia.
492 2492 599 2550 Quadam
613 2494 689 2541 tamen
704 2494 757 2539 sunt
776 2489 801 2537 in
820 2502 861 2554 pn·

48 2563 145 2624 leuba,
167 2575 219 2625 qua
240 2575 356 2625 nunquam
374 2563 513 2611 reducuntur
531 2562 559 2612 ad
577 2565 660 2613 actum.
680 2562 787 2621 Quadam
806 2560 861 2612 verb

49 2636 110 2685 sunt
123 2647 176 2696 qua
191 2635 326 2697 quandoque
340 2634 477 2684 reducuntur
491 2635 519 2685 arl
534 2638 616 2685 actum.
635 2634 662 2683 Et
675 2636 720 2684 lroe
737 2632 861 2683 secundum

48 2705 171 2770 triplicem
184 2707 278 2769 gradum
290 2720 295 2753 :
306 2718 402 2768 qnorum
412 2706 500 2768 primun
512 2710 547 2756 est
556 2720 597 2769 per
607 2706 687 2768 ridem3
698 2704 810 2755 secundus
819 2716 862 2767 per

50 2777 193 2827 charitatem
211 2776 267 2838 uia;
287 2776 368 2826 tertius
388 2789 430 2839 per
448 2777 581 2827 fruitionem
599 2778 685 2841 patria.
707 2775 744 2824 Sic
759 2786 812 2835 ergo
826 2773 862 2821 di-

49 2850 156 2899 cendum
179 2851 230 2908 est,
247 2846 309 2909 qnbd
327 2848 461 2911 accipiendo
483 2848 619 2910 generaliter
644 2844 769 2897 secundbm
787 2846 861 2891 toturn

48 2923 153 2985 lempna
164 2918 257 2981 manti,
269 2919 373 2969 cbristus
385 2922 422 2968 est
432 2920 501 2983 eaput
517 2920 618 2968 omnium
631 2918 758 2975 bominum,
775 2912 814 2962 sed
825 2924 862 2961 se-
