1917 3317
131 201 146 248 d
241 207 347 248 mentua
363 205 492 258 suumn,
508 205 601 250 ditm.
616 206 707 256 cem,
724 204 778 244 Διιτ.
795 207 821 243 11.

129 285 263 351 templatim
280 283 327 334 vita
349 287 384 334 est
397 281 529 334 charitatem
544 282 589 333 Dei
602 285 626 333 et
638 282 735 346 proximi
748 285 795 333 tola
807 285 879 334 mente
895 301 937 338 re·

129 359 212 409 tinere.
220 374 234 404 u
243 358 287 408 Sed
297 369 377 408 omnes
386 355 483 406 uirtutes
493 356 603 415 morales,
614 355 642 404 de
652 368 747 418 qumunr
757 355 841 406 actibus
848 356 938 412 dantur

132 432 245 496 praecepta
256 428 325 492 logis,
337 429 475 479 reducuntur
483 427 511 476 ad
522 426 667 478 dilectionem
677 425 718 476 liei
728 430 752 475 et
763 426 866 490 proximi3
875 432 939 491 quia

135 518 149 549 ιι
160 499 275 564 plenitudo
294 499 351 562 lepis
365 498 454 550 dilectio
473 501 523 559 est,
543 514 557 545 o
577 501 603 546 ut
620 497 702 546 dicitur
722 497 758 546 od
772 499 854 557 Rom„
867 500 937 556 lllll,

134 573 193 636 Ergo
211 571 300 622 ridetur
314 569 374 634 quid
386 569 484 622 virtutes
495 568 591 619 morales
611 569 740 633 pertineant
752 570 781 620 ad
799 569 866 620 uun
876 586 941 626 ron.

134 643 299 708 templativam.

169 719 192 766 a.
207 715 329 776 Praeterea,
344 713 388 764 vita
404 711 579 776 contemplativa
593 710 709 776 precipui
721 711 836 762 ordinatur
845 715 871 765 ad
889 717 941 770 Dei

137 786 364 850 contemplationem
376 784 431 836 dicit
443 782 505 834 eninr
516 783 638 845 Gregorius
652 795 720 846 super
731 782 819 834 uzeca.
834 786 874 843 (nt
882 787 941 850 jam

137 857 306 923 supraponere
322 875 336 906 ι
353 857 444 907 calcatis
462 856 523 908 curis
536 857 654 918 omnihus,
669 856 695 904 ad
711 855 829 905 ridendam
849 856 943 914 taciem

137 931 174 982 sui
188 930 295 982 creatoris
308 929 436 980 inardescit.
452 943 467 976 u
483 929 526 978 Sed
538 928 620 978 adhoc
633 927 708 978 nullus
725 931 800 990 potest
813 934 943 990 pervenire

137 1001 182 1052 nisi
194 1015 235 1066 per
248 1001 380 1050 munditiam
395 1013 462 1064 qaam
479 1003 557 1049 censat
572 998 645 1048 uirtus
659 997 762 1060 moralis;
772 997 853 1048 dicitur
869 1005 944 1057 enim

137 1073 258 1136 Morl.,v
276 1087 281 1122 :
299 1089 312 1121 ιι
326 1071 389 1122 Beati
402 1072 487 1122 mundo
504 1072 584 1132 eorde,
597 1071 704 1134 quoniam
720 1069 767 1132 ipsi
784 1071 853 1120 deun
871 1073 946 1128 vide.

137 1145 230 1210 bunt3u
246 1149 269 1196 et
282 1145 317 1194 nd
331 1143 417 1204 hadr„
430 1145 486 1194 llll:
505 1160 520 1191 ι
530 1144 612 1193 Pacem
628 1141 752 1205 sequimini
769 1155 820 1191 cum
831 1145 947 1200 omnihus

138 1221 161 1268 et
179 1215 351 1267 sanctimoniam
368 1216 417 1267 sine
429 1228 473 1279 qua
486 1229 554 1266 nemo
563 1214 648 1267 ridebit
661 1216 765 1265 lteram.»
778 1213 837 1277 llrgo
846 1213 947 1272 ridetur

139 1287 198 1352 quod
214 1288 309 1340 virtutes
320 1289 417 1338 morales
429 1290 556 1352 pertineant
566 1287 595 1336 ad
610 1286 680 1336 vitam
694 1285 908 1349 contemplativam.

171 1365 193 1409 3.
209 1361 332 1422 Preterea,
347 1360 466 1424 Gregorius
479 1359 534 1410 dicit
546 1371 614 1423 snper
632 1359 720 1408 Ezert.
737 1359 771 1419 (ιιι
784 1357 831 1420 jaun
845 1361 946 1427 supra),

140 1431 200 1496 quod
212 1449 226 1480 ιι
238 1433 412 1496 contemplativa
423 1431 469 1482 vita
480 1431 583 1496 speciosa
593 1429 756 1488 miliarino,
766 1446 780 1476 n
793 1429 851 1479 unde
862 1431 947 1495 signi.

140 1503 219 1552 ficetur
229 1515 270 1566 per
280 1504 417 1564 hamelen,
428 1504 455 1554 de
466 1516 510 1570 qua
519 1502 599 1552 dicitur
614 1502 683 1557 Gen„
695 1501 779 1563 xxix,
791 1500 876 1564 quid«
889 1514 950 1558 erat

140 1575 234 1640 pulchra
245 1574 301 1624 lacte
313 1574 355 1640 (1).
366 1591 380 1622 n
391 1575 435 1626 Sed
449 1574 591 1638 pulchritudo
602 1573 673 1622 animi
682 1573 804 1622 attenditur
811 1576 949 1630 secundum

139 1645 236 1696 uirtutes
254 1647 365 1708 morales,
382 1652 405 1698 et
426 1645 540 1711 precipue
560 1643 683 1694 secunddn
701 1644 888 1709 temperantiam,
918 1656 950 1701 ut

101 1734 106 1746 ·
141 1717 271 1770 Ambrosius
284 1717 338 1768 dicit
348 1719 372 1768 in
383 1719 400 1768 l.
414 1718 446 1768 de
458 1718 531 1781 Offic.
544 1717 602 1777 drgo
614 1715 703 1765 ridetur
714 1715 775 1779 qudd
783 1715 880 1767 virtutes
890 1733 947 1774 mo.

141 1791 199 1842 rales
209 1791 337 1856 pertineant
348 1793 376 1842 ud
390 1791 460 1841 uitam
471 1787 676 1853 contemplativam.

173 1864 217 1914 Sed
230 1867 307 1914 contra
323 1867 370 1925 est,
385 1862 445 1926 qudd
458 1861 554 1912 virtutes
574 1860 670 1910 mortales
682 1859 814 1910 ordinantur
825 1861 855 1910 ad
873 1871 951 1916 exte-

142 1933 211 1984 riores
231 1933 341 1984 actioues.
356 1934 400 1985 Sed
414 1931 536 1995 Gregorius
550 1931 605 1981 dicit
615 1930 639 1979 in
654 1931 693 1980 vl.
705 1932 797 1981 Morot,
816 1933 883 1996 (cap.
902 1941 951 2000 28,

141 2007 178 2056 rel
191 2009 235 2064 ld,
247 2009 272 2056 ut
283 2007 330 2070 jam
341 2004 420 2070 supra)
429 2042 436 2065 ,
446 2003 506 2068 qudd
516 2003 545 2054 ad
552 2003 753 2067 contemplativam
760 2003 829 2054 vitam
839 2007 955 2068 pertinet

142 2079 170 2128 ah
181 2077 284 2128 exteriori
299 2076 386 2127 actione
401 2076 526 2139 quiescere.
538 2075 597 2138 Ergo
612 2075 708 2126 virtutes
723 2077 820 2128 morales
834 2089 882 2128 non
891 2093 955 2143 per.

142 2150 216 2200 tinent
233 2150 260 2199 ad
277 2149 348 2198 vitem
367 2147 573 2212 contemplativam.

173 2221 333 2286 (Conclusio.
350 2220 441 2272 -Non
460 2219 506 2269 nisi
526 2219 660 2284 dispositive
681 2221 776 2272 morales
792 2221 892 2272 uirtutes
922 2232 954 2280 ad

141 2292 212 2344 vitam
229 2291 425 2354 contemplativam
437 2291 562 2356 spectant.)

173 2365 305 2430 Respondeo
317 2363 449 2423 dicendum,
462 2363 521 2428 quod
533 2365 642 2415 advitam
655 2365 855 2428 contemplativam
866 2373 946 2431 potes

143 2437 226 2500 aliquid
234 2435 346 2500 pertinere
362 2434 482 2499 dupliciter
491 2451 497 2484 :
507 2450 554 2486 nno
562 2439 628 2488 modo
636 2437 786 2489 essentialiter
796 2454 804 2500 ς
816 2437 866 2489 alio
876 2445 952 2493 nrod

143 2509 285 2575 dispositive.
303 2508 458 2559 Essentialitar
476 2510 567 2573 quidem
585 2509 680 2560 virtutes
692 2511 789 2564 morales
800 2523 850 2562 non
873 2517 946 2575 perti

143 2587 199 2633 nent
213 2582 241 2632 ad
255 2581 325 2632 vitem
336 2581 548 2646 columpnarum
560 2581 613 2646 quia
624 2581 677 2632 finis
691 2583 879 2644 contemplativae
894 2590 957 2637 ιιι-ι

144 2657 179 2705 est
192 2651 340 2704 consideratio
352 2652 465 2717 ueritatis3
481 2654 508 2703 ad
522 2653 617 2704 virtutes
631 2657 706 2703 antem
723 2654 834 2715 morales,
853 2670 869 2701 ιι
884 2656 955 2708 scire

143 2725 245 2790 quidem,
261 2739 274 2770 u
287 2725 346 2788 quod
359 2725 456 2789 pertinet
466 2725 495 2775 ad
508 2721 710 2774 considerationem
724 2724 845 2788 veritatis,
862 2742 878 2772 ιι
894 2740 945 2789 par

143 2807 197 2852 ram
209 2799 343 2860 potestatem
357 2797 438 2858 hahet,
456 2813 469 2844 u
489 2801 514 2846 ut
526 2797 679 2862 Philosophus
693 2795 747 2846 dicit
767 2795 791 2846 in
807 2797 837 2846 ll.
853 2796 947 2849 Ethr'c

177 2939 209 3004 (¹)
226 2943 270 2991 Seu
284 2943 371 2990 decoret
383 2944 448 3004 [oete
462 2945 597 2989 ocoeourto
610 2941 712 3001 offecto,
724 2954 786 2992 tera.
797 2941 838 2990 ll.
