1917 3317
193 175 225 212 uu
241 147 402 212 concursione
418 171 580 222 susumus,
596 174 652 212 rra.
778 165 825 212 m

42 263 102 312 *epum
116 249 186 312 inda,
201 251 322 300 eredebant
338 251 450 318 Christum
462 265 491 300 ex
505 251 576 300 Dauid
590 264 635 300 non
646 263 689 314 per
701 253 824 314 regessed

42 324 139 372 aralium
153 322 205 386 ejus
214 322 308 384 stirpem
320 322 437 371 homiuum
447 323 596 386 privatorum,
609 335 659 372 esse
673 323 823 374 nassitumm.

42 396 65 442 lii
77 393 130 444 uero
139 394 248 442 dixerunt
257 393 315 454 aaut
326 393 444 443 hlatlhaeus
456 394 531 456 posuit
541 397 617 456 patres
627 395 738 454 carnales
749 395 824 443 Luem

44 468 73 513 uh
87 467 164 529 posuit
183 468 262 528 patres
281 465 425 528 spirituales,
441 465 531 515 scilicet
549 466 625 530 justos
643 466 718 525 uiros,
731 465 771 530 qui
784 467 824 516 di-

42 545 99 586 uutur
113 539 216 600 putres,
229 540 321 598 propter
334 536 504 586 similitudinem
517 537 653 587 honestatis.
665 539 690 586 ln
701 539 759 589 lihro
771 539 826 590 uerit

44 617 59 656 te
72 608 260 670 (lrroestionttrus
281 609 373 656 ueteris
386 608 483 657 et-nout'
499 609 650 657 Testamenti
665 611 824 674 respondetur,

43 681 76 728 hl
90 693 137 729 non
151 683 189 729 est
203 677 392 740 intelligendum,
409 679 469 742 quod
484 680 569 742 loseph
579 679 590 728 A
601 681 662 729 Luna
677 681 764 730 dicatur
773 694 825 731 esse

43 755 77 800 *us
87 753 148 812 Heli,
166 750 209 800 sed
222 749 283 812 qnod
295 751 344 798 liell
360 756 383 801 et
393 751 478 814 loseph
495 751 588 800 luerunt
601 756 679 814 patres
693 753 776 802 Christi
789 753 825 804 m-

42 822 143 876 usitando
164 823 179 872 A
197 821 270 871 Dauid
294 821 465 872 descendentes,
483 823 549 872 Unde
567 823 596 872 de
616 824 705 874 Christo
726 825 822 888 dieitur,

42 895 75 942 hl
88 895 217 958 putabatur
228 891 288 941 filius
302 892 399 956 loseph,
409 896 433 942 et
444 894 504 955 quod
518 894 569 956 ipse
580 894 649 942 etiam
663 895 767 945 Christus
780 895 824 946 fuit

45 968 66 1012 »li
78 968 152 1028 llius;
164 963 236 1028 quasi
249 963 334 1013 diceret
347 963 408 1027 qrrhd
424 965 530 1015 Christus
543 978 570 1014 ea
585 965 671 1015 ratione
681 980 727 1029 qua
741 967 823 1018 dieitur

42 1041 74 1086 tus
93 1039 204 1103 loseph,
220 1040 297 1099 potest
313 1037 358 1085 (lici
376 1037 435 1086 lilius
455 1037 519 1096 Heli,
533 1042 557 1088 et
574 1037 675 1087 omnium
692 1052 770 1088 eorum
783 1041 824 1104 qni

42 1124 45 1154 ς
65 1113 131 1174 stirpe
152 1107 231 1160 David
252 1107 431 1168 descenderunt;
448 1109 507 1158 sient
525 1110 646 1172 Apostolus
667 1109 821 1167 dimittunt„

42 1181 67 1227 i:
82 1201 94 1229 u
113 1183 151 1232 Ex
172 1177 383 1243 quibusmultum
398 1179 511 1239 ludoeis,
526 1180 628 1231 Christus
644 1184 680 1229 est
699 1182 823 1230 seeundum

43 1265 106 1304 anem.
130 1251 311 1314 »Augustinus
332 1250 387 1301 aer-h
406 1251 429 1299 iu
452 1252 492 1301 lih.
519 1253 556 1300 De
578 1251 671 1311 (tumst.
690 1253 822 1317 Euoapet„

43 1337 55 1370 ¹¹.
71 1327 101 1387 ll,
114 1339 172 1390 cap.
189 1327 216 1386 5,
234 1321 355 1386 tripliciter
368 1323 435 1372 solvit
449 1323 528 1373 dicens
539 1338 546 1371 ε
558 1341 572 1370 u
585 1324 639 1372 Tres
653 1335 727 1373 eausa
745 1338 825 1374 ocens-

48 1401 76 1458 ·t,
100 1409 207 1462 quarum
228 1394 326 1458 aliquam
347 1395 494 1457 Evangelista
521 1399 613 1445 secutus
635 1399 678 1444 est.
698 1396 744 1445 Aut
761 1395 824 1446 enim

51 1483 70 1516 rs
83 1466 242 1533 Evangelista
253 1468 340 1528 patrem
355 1467 455 1530 loseph,
472 1465 542 1530 hquo
557 1465 646 1528 genitus
657 1469 704 1527 est,
722 1466 825 1516 uomina-

44 1557 60 1587 2:
73 1543 127 1591 alter
139 1537 203 1590 vero
222 1536 262 1586 vel
273 1550 340 1586 auum
357 1542 501 1600 maternum,
516 1536 554 1586 uel
572 1535 670 1599 aliquem
683 1536 711 1585 de
722 1537 826 1600 cognatis

55 1614 132 1672 prinus
147 1609 245 1678 posuit.
259 1610 309 1664 Aut
323 1621 381 1658 unus
394 1612 441 1659 erat
460 1610 515 1659 huie
533 1610 616 1672 loseph
627 1608 735 1658 natrrralis
749 1611 824 1670 Pater,

57 1687 100 1733 tter
112 1698 170 1736 eum
188 1682 351 1745 adoptaverat.
366 1685 409 1730 Aut
420 1694 480 1731 mure
494 1681 630 1740 luteorum,
646 1693 698 1729 oum
712 1680 763 1730 sine
773 1680 825 1730 lilius

55 1769 68 1802 rs
85 1755 250 1813 decessisset,
268 1750 318 1814 ejus
334 1763 428 1800 uxorem
447 1751 588 1814 propinquus
606 1749 732 1814 accipiens,
753 1751 825 1802 tirum

58 1839 75 1872 u
95 1826 202 1890 gennit,
231 1821 362 1886 propinquo
380 1825 469 1872 mortuo
489 1821 647 1884 deputarit»
669 1821 733 1880 Quod
753 1823 823 1873 etiam

58 1899 117 1948 sillam
140 1907 226 1962 genus
245 1892 375 1954 adoptionis
399 1893 477 1956 legalis
502 1897 552 1952 est,
573 1896 598 1941 ut
613 1893 663 1956 ipse
682 1893 822 1957 Augustinus

59 1971 93 2018 'iu
104 1973 133 2021 ll.
147 1971 191 2020 De
204 1979 328 2016 consensu
345 1965 439 2028 Eoonp.
452 1978 503 2027 cap.
516 1962 557 2013 lll.
566 1963 595 2012 ut
605 1965 655 2014 hac
664 1965 741 2014 ultima
754 1979 823 2018 causa

57 2042 139 2106 serior,
159 2051 239 2106 quam
255 2039 280 2086 et
292 2035 443 2100 Hieronymus
459 2050 528 2100 super
542 2035 689 2084 Matthoeom
703 2038 782 2100 ponit3
797 2042 822 2089 ot

61 2114 118 2163 :llius
131 2106 296 2164 Caesariensis
310 2107 334 2156 in
347 2107 503 2156 Ecclesiastico
522 2106 615 2156 historia
636 2109 668 2170 (l)
678 2108 706 2157 ab
719 2108 822 2161 Airioano

46 2208 47 2212 =
67 2185 201 2249 olographa
219 2179 327 2230 traditam
342 2177 430 2227 asserit.
446 2179 529 2228 lliount
546 2178 606 2228 enirn
621 2179 683 2242 qnod
696 2179 785 2229 Nathan
798 2185 824 2231 et

54 2259 86 2304 <tu
105 2253 215 2307 diversis
242 2249 383 2313 temporibus
401 2250 429 2299 de
448 2262 493 2299 uua
518 2251 641 2311 eademque
658 2263 728 2301 uxore
744 2251 824 2300 Ertha

53 2329 99 2376 ‹iue
118 2325 237 2390 singulus
253 2320 313 2370 lilios
336 2325 527 2384 procreaverunt3
543 2319 596 2384 quia
613 2321 718 2382 Nathan,
733 2321 771 2384 qui
784 2335 826 2387 per

45 2413 153 2448 ,monem
169 2391 314 2453 descendit,
329 2404 421 2440 uxorem
439 2403 490 2440 earn
508 2391 606 2455 primum
624 2397 737 2454 cuperat,
749 2398 772 2442 et
788 2406 825 2442 re-

60 2492 62 2501 =
75 2473 120 2520 tilio
130 2483 182 2522 uno
198 2463 284 2517 lacot
296 2463 401 2524 nomine,
412 2463 532 2513 delusa-tus
546 2468 594 2525 est3
606 2468 657 2527 post
666 2464 732 2527 cnjus
741 2465 826 2514 obitum

55 2543 133 2592 nutam
154 2543 198 2593 lex
219 2535 320 2586 viduam
341 2535 379 2583 alii
398 2534 448 2584 uiro
466 2549 513 2586 non
533 2540 595 2586 rotat
612 2536 826 2598 nuberellllelehi,

57 2705 75 2756 l}
88 2707 202 2752 insinuat
212 2705 241 2746 et
252 2697 412 2753 ffieronymus
421 2697 450 2742 de
468 2697 513 2742 hoo
526 2709 578 2742 esse
592 2697 826 2754 pteulnsascripmre

60 2757 136 2822 :rurum
159 2765 290 2814 Africano
311 2765 335 2804 et
354 2759 384 2804 ab
401 2761 505 2805 Eusebio
524 2761 659 2805 Gaesariensi
680 2760 829 2819 disputatum,

48 2854 51 2863 =
70 2835 127 2878 hune
146 2833 181 2878 irs
206 2816 435 2889 laurishamum
454 2822 611 2891 Ἐυαγγελιῶν
626 2822 680 2881 (hoo
700 2829 736 2866 est
749 2823 830 2867 disso-

48 2907 92 2947 rusia
110 2889 341 2959 Euouyetimum)
357 2893 421 2938 citat.

710 2991 752 3036 tu·
