1917 3317
120 212 145 248 ur
158 212 225 250 uoco
241 212 270 250 un
285 213 374 250 cunnus
391 213 562 250 concessionis
578 216 682 252 caussas.
753 207 799 256 set

52 289 94 335 utun
108 287 234 351 perfectam.
250 290 276 338 lu
293 302 387 350 quorum
404 288 477 338 rnerlic
498 289 554 338 ratio
574 291 731 354 conceptionis
744 306 799 343 cun·

52 360 81 416 tit3
100 373 146 408 nam
169 360 267 424 primum
292 362 328 410 est
348 359 491 424 conceptioni
511 362 690 425 praearnhuhnn,
709 365 801 416 tertium

52 443 83 475 nn
100 431 265 494 conceptionem
287 432 440 492 consequitor.
460 431 561 481 Primum
576 439 652 482 autem
669 449 714 486 uon
729 436 803 499 potuit

53 501 92 548 rin
105 503 208 564 instanti3
225 499 276 564 qnia
294 503 337 550 hoc
361 507 395 551 cst
413 505 491 552 contra
508 502 582 566 ipsam
601 505 711 557 rationem
725 513 803 559 motus

56 573 82 620 tis:
98 574 194 636 corporis
209 572 390 636 cujuscumque,
405 575 469 636 cujus
484 579 560 637 partes
577 579 707 629 successive
721 579 803 630 subiu-

53 649 68 688 n
83 645 156 694 hircum.
173 644 285 694 Similiter
303 648 326 694 ct
348 645 439 694 tertium
456 650 546 707 oportet
561 659 612 697 esse
631 651 801 713 successivum

69 717 103 776 pia
115 721 262 779 angmentum
274 730 318 766 nou
334 720 369 766 est
383 717 432 766 sine
446 716 596 777 motulocati3
608 724 655 768 tum
670 719 737 769 etiam
749 720 805 782 quic

65 787 100 834 etit
114 802 140 836 ex
159 789 245 836 virtute
257 788 339 838 anione
355 788 402 852 jam
418 788 442 836 in
456 801 550 850 corpore
565 789 661 841 tormuto
672 790 803 854 operantis,

53 871 62 900 r
74 872 110 906 non
122 862 230 924 operatur·
243 858 287 906 nisi
301 857 325 908 iu
339 863 449 921 tempore.
458 859 502 908 Sed
516 859 565 922 ipsa
576 860 680 912 icrrnatio
691 863 802 926 corporis,

62 944 83 976 cn
94 930 250 994 principaliter
267 933 324 981 ratio
345 932 502 995 conceptionis
516 933 635 993 consistit,
655 935 699 984 tuit
719 936 743 986 in
756 936 806 986 ius-

62 1000 75 1050 i.
85 1003 163 1065 orphet
175 1003 264 1053 ratione
278 1017 284 1050 z
296 1002 369 1064 prinrb
380 1003 482 1065 quidem,
493 1008 584 1068 propter
595 1004 700 1056 uirtutem
712 1007 805 1069 agentis

53 1073 122 1132 eruam,
138 1075 229 1126 sciticet
248 1075 346 1138 Spiritus
367 1073 455 1134 sancti,
471 1089 511 1137 per
527 1088 595 1138 quem
616 1090 699 1140 corpus
717 1077 805 1128 Christi

58 1151 173 1206 umatum,
188 1144 297 1208 utsupra
312 1145 396 1193 dictum
411 1149 453 1194 est.
465 1144 538 1194 Tanti>
550 1146 612 1195 enim
627 1147 717 1209 aliquod
731 1162 807 1211 agens

54 1229 72 1258 n<
83 1222 150 1278 potest
162 1218 285 1267 materiam
300 1216 434 1279 disponere,
445 1217 530 1280 quantu
549 1219 641 1281 majoris=
651 1220 744 1269 uirtutis
758 1224 805 1271 est.

61 1305 69 1323 ν
86 1303 150 1347 arcens
169 1287 268 1338 infinitae
284 1288 373 1338 virtutis
387 1291 463 1350 potest
479 1288 504 1337 in
515 1288 609 1338 instanti
624 1291 740 1339 materiam
752 1290 805 1340 dis-

59 1373 86 1406 ›rc
98 1361 123 1408 ad
136 1361 240 1410 debitam
252 1359 357 1408 formam.
371 1359 473 1409 Secundo
480 1396 489 1421 ,
503 1373 532 1409 ex
545 1365 608 1422 parte
624 1375 725 1423 personae
739 1361 804 1425 Fiiii,

59 1444 71 1476 s
85 1445 163 1496 corpus
183 1430 338 1491 formabatur,
354 1431 475 1480 nonenim
491 1434 539 1480 erat
550 1444 673 1493 cougruum
688 1437 807 1496 utccrpus

53 1519 120 1552 trorum
139 1507 275 1554 assumeret
288 1502 334 1552 nisi
349 1502 476 1552 formatum.
493 1502 517 1551 Si
530 1508 606 1551 autom
621 1509 674 1552 ante
693 1503 812 1555 formatio·

52 1589 60 1618 n
72 1576 191 1634 periectarn
206 1575 301 1637 aliquod
316 1577 405 1638 tempus
414 1573 573 1637 conceptionis
585 1574 751 1637 praececisset,
761 1587 810 1626 nou

54 1653 78 1694 ot
93 1651 137 1698 tota
154 1645 279 1708 conceptio
295 1646 388 1696 attribui
409 1645 468 1695 Filio
487 1646 540 1707 bei,
553 1659 604 1708 que
617 1659 662 1696 nou
677 1645 809 1696 attribuitur

54 1717 83 1764 no
102 1719 191 1769 ratione
214 1715 388 1778 assumptionis.
404 1717 433 1765 Et
449 1717 502 1767 idco
518 1714 544 1764 in
561 1715 634 1778 primo
656 1715 752 1766 instanti
763 1730 810 1781 quo

53 1787 92 1834 ‘curin
105 1791 207 1840 adunata
221 1787 362 1852 pervenitad
376 1783 455 1838 toeum'
463 1788 634 1850 generationis,
650 1788 695 1837 tuit
709 1788 813 1852 perfecte

55 1869 117 1909 *crtum
135 1874 225 1924 corpus
247 1857 334 1908 Christi
351 1864 374 1910 ct
388 1863 538 1922 assumptum.
559 1860 587 1907 Et
606 1873 647 1922 per
665 1861 709 1909 hoc
732 1859 814 1911 dicitur

53 1951 59 1974 r.
73 1932 136 1982 t'rlnrs
149 1933 192 1984 bei
207 1934 348 1993 conceptus,
364 1931 425 1994 quod
437 1930 503 1979 aliter
517 1931 562 1978 dici
577 1945 621 1981 nou
636 1936 721 1993 posset.

53 2001 72 2049 ot
89 2005 185 2066 primum
201 2016 259 2065 erpo
277 2003 413 2064 dicendum,
428 2001 489 2066 qobd
503 2003 597 2052 uerbum
614 2003 732 2065 hugostiui
747 2007 812 2056 utro·

61 2094 74 2121 c
92 2090 135 2124 non
158 2077 263 2125 retertur
278 2074 305 2122 ad
324 2073 394 2123 sciam
414 2072 576 2122 formationem
592 2074 692 2137 corporis
709 2073 813 2137 Christi,

64 2147 79 2191 2!
89 2148 251 2196 turmationem
262 2145 330 2194 simut
341 2159 393 2194 com
403 2144 555 2195 determinato
569 2152 690 2208 augmento
702 2159 774 2206 uscue
786 2147 815 2195 sd

54 2251 55 2256 ,
71 2215 815 2281 nspmtns.Unrtcsecuudirmrationcmiltiusnumerirticitpertici

53 2303 54 2326 1
75 2303 95 2335 ns
112 2303 197 2339 novem
215 2287 343 2346 meusium,
356 2301 401 2350 quo
414 2287 522 2336 Christus
536 2288 580 2336 run
593 2289 618 2336 in
628 2294 691 2338 utero
705 2288 815 2351 Virginis.

53 2362 71 2403 tt
84 2364 212 2412 *accinctum
225 2359 365 2420 dicendum,
378 2359 438 2422 qubct
457 2364 533 2408 mutus
547 2360 584 2408 iltc
600 2360 679 2409 locatis
695 2373 739 2409 non
753 2372 818 2408 com-

67 2434 148 2482 mutor
167 2431 234 2482 inira
256 2430 330 2496 ipsam
350 2429 541 2494 conceptionem,
562 2431 602 2480 scri
616 2434 651 2480 est
670 2428 818 2494 conceptioni

64 2505 163 2554 auritulus.

53 2576 71 2620 tt
90 2576 181 2626 tertium
208 2572 351 2634 dicendum,
371 2571 434 2634 qnbd
455 2585 503 2622 non
521 2575 557 2622 est
576 2571 695 2634 assignare
710 2571 818 2622 ultimum

54 2655 91 2695 uns
102 2650 123 2698 iu
137 2664 186 2712 quo
198 2647 299 2698 materia
309 2645 346 2694 itta
360 2647 402 2695 tuit
415 2646 523 2708 sanguis,
538 2646 579 2695 sed
593 2650 629 2694 est
640 2645 753 2707 assignare
765 2643 819 2693 utti-

57 2731 71 2762 u
85 2727 186 2787 trurtpus,
205 2719 269 2783 quod
282 2719 425 2768 continuatur
440 2721 504 2769 nautio
517 2718 686 2767 interveniente
699 2716 773 2766 medio
786 2715 817 2765 ad

65 2807 100 2839 um
112 2795 207 2844 instans
219 2791 244 2840 in
257 2803 305 2853 quc
315 2789 358 2838 tuit
367 2803 418 2840 carc
426 2791 513 2841 Christi
523 2789 627 2840 formata.
637 2789 665 2837 Et
675 2790 718 2838 boc
727 2789 819 2836 instans

54 2897 55 2900 ,
70 2865 171 2914 crocinus
183 2862 301 2926 temporis
315 2864 389 2912 motus
403 2861 484 2914 localis
500 2861 601 2911 materie
613 2859 642 2911 od
655 2860 729 2908 locum
740 2869 817 2921 penc-

53 2947 106 2985 raihta.
