1917 3317
124 112 170 159 556
310 120 373 159 enas
388 120 430 171 ιιι,
446 118 542 165 oum.
557 118 627 165 xxiv,
642 118 698 155 aar.
714 118 731 154 ι.

123 197 197 263 prinnb
213 197 305 262 quidem
318 196 406 247 ratione
423 193 555 255 communi3
570 207 618 245 nou
627 193 690 244 enin
702 192 806 244 ιίεἱιιιιε
825 196 912 242 natura·

124 271 222 335 aiicujus
238 268 409 334 praedestinari,
422 268 461 319 sed
474 267 550 331 ipsum
562 266 723 331 suppositum,
738 265 800 329 quin
810 266 899 330 prades

124 342 172 392 nari
190 346 225 391 est
239 340 303 403 dirigi
318 339 341 389 iu
355 340 464 401 sulutem,
484 340 546 402 qnod
557 338 649 401 quidem
663 342 701 389 est
714 336 834 401 supmsiti
847 350 892 399 apes

123 418 216 477 propter
227 410 374 463 beatitudinis
388 412 465 460 inem.
477 411 583 461 &eundo
597 410 687 460 ratione
696 409 811 473 speciali,
819 408 896 472 quiue·

124 484 205 534 Filium
229 482 270 533 bei
291 496 337 533 non
363 481 470 533 conuenit
487 483 596 533 bumana
615 485 721 543 naturae3
741 485 780 531 ast
801 481 886 531 eninr:

123 556 198 605 falsa:
214 557 331 605 Hurnuna
344 556 437 603 notura
451 556 489 603 est
502 554 588 603 Filios
602 555 650 603 Dei
658 567 666 613 ‚·
680 553 729 603 nisi
742 551 808 604 forte
818 552 870 615 quis
881 568 894 595 ι·

124 626 157 677 sic
165 638 277 689 exponere
285 624 373 677 extorti
382 625 525 689 expositione
535 640 565 674 2«
572 624 616 683 Qui
626 625 812 688 praedestinatns
820 624 890 675 esti

123 700 163 749 Dei
177 698 200 747 in
211 699 302 758 uirtute,
313 714 326 747 ιι
341 697 421 761 idest,
440 714 453 743 u
464 696 642 761 predestinatus
653 701 727 747 estid
739 698 847 748 humana
861 705 888 745 uu*

125 770 229 820 uniretur
246 770 306 820 Filio
325 770 365 819 bei
381 770 406 819 in
420 781 526 834 persona.
541 785 556 815 ιι
571 769 723 831 Relinquitur
736 768 867 833 emunata
878 782 894 830 rr

125 841 245 891 destinatio
258 841 392 891 attribuatur
405 853 509 905 persone
521 840 628 900 Christi,
642 854 691 891 nou
702 840 802 904 quidem
816 854 881 891 secun

125 925 163 974 se,
176 912 212 962 vel
226 910 350 963 secundun
361 910 421 975 qubd
432 911 536 961 subsistit
549 911 576 961 iu
585 910 665 961 diuina
678 916 783 975 natura,
803 913 848 962 sed
860 926 880 959 ss·

125 984 178 1035 diurn
197 983 257 1047 quod
281 983 384 1034 subsistit
397 982 421 1033 in
437 984 537 1033 bruniana
556 986 648 1033 natura.
667 982 830 1047 Unde,ei1n1
850 983 883 1033 diu

113 1054 245 1118 'Apostolus
256 1069 261 1103 :
274 1071 287 1101 u
296 1054 341 1111 Qui
354 1054 428 1104 iaetus
437 1058 472 1104 esi
484 1053 507 1104 ei
520 1066 549 1103 ex
562 1052 652 1104 semiue
663 1054 740 1103 Dauid
752 1054 879 1105 secundun

125 1138 189 1185 nem,
203 1140 216 1170 ιι
231 1124 369 1187 subjunxit:
386 1142 400 1171 n
414 1124 457 1183 Qui
474 1124 649 1189 praedestinatus
660 1127 699 1175 est
713 1125 793 1176 Filius
803 1128 848 1175 Dei
861 1127 895 1172 iu·

124 1199 186 1257 tute,
200 1211 213 1241 ιι
224 1199 249 1245 ut
263 1197 328 1247 daret
337 1196 463 1261 intelligere
476 1195 537 1260 qubd
546 1196 674 1246 seeundbm
682 1198 733 1247 boe
742 1199 808 1262 qubd
822 1202 860 1248 est
869 1199 907 1244 ιμ’

124 1283 153 1319 eu
170 1266 257 1318 semine
269 1267 340 1319 bavid
354 1268 478 1319 secuudbm
492 1281 599 1330 samem,
610 1271 647 1318 est
665 1270 856 1332 praedestinatus
871 1270 898 1317 i..

125 1339 165 1390 liei
180 1338 202 1387 in
214 1338 304 1389 virtute.
318 1340 426 1399 Quamvis
439 1340 501 1389 enim
514 1338 545 1388 sit
558 1338 663 1388 naturale
677 1338 715 1387 iili
730 1352 844 1404 persone
856 1352 899 1389 εει.

125 1409 178 1461 tun
191 1423 216 1461 se
230 1411 383 1473 consideratu,
398 1410 458 1474 qubd
466 1410 496 1461 sit
505 1410 579 1460 Filius
592 1408 635 1459 Dei
646 1410 674 1459 in
683 1410 788 1475 uirtute,
802 1426 854 1463 non
865 1416 903 1460 tsn-

125 1487 161 1534 ast
175 1482 196 1533 ei
210 1482 310 1532 naturale
322 1480 448 1533 secundum
459 1484 583 1533 humanam
595 1485 720 1545 naturam,
734 1483 903 1544 secundianus·

126 1556 169 1607 boo
186 1554 229 1605 sibi
246 1553 350 1605 conuenit
362 1566 403 1617 per
418 1554 514 1617 gratiam
525 1551 627 1603 unionis.

158 1626 192 1677 td
213 1626 304 1676 tertium
326 1624 446 1675 uisendum
454 1632 472 1688 ,1'
484 1624 544 1688 quod
568 1623 679 1687 Origenes
701 1639 781 1690 super
799 1629 885 1692 Epist.
902 1643 921 1666 ι·

126 1701 207 1753 Rom„
220 1698 276 1747 dicit
289 1699 349 1747 banc
358 1710 409 1747 esse
419 1698 518 1747 litterani
531 1696 633 1761 apostoii
642 1696 678 1759 (¹)
697 1712 703 1745 :
726 1715 743 1745 u
755 1699 805 1757 Qui
816 1699 906 1749 destini·

127 1772 163 1819 est
179 1768 250 1818 Filius
271 1770 311 1819 bei
325 1770 350 1819 in
365 1768 467 1829 uirtute,
488 1784 503 1815 ιι
518 1769 550 1817 ita
563 1767 625 1832 quod
638 1781 687 1817 non
709 1768 858 1833 designetur
869 1773 906 1819 sire

126 1839 268 1901 antecessi03
282 1840 347 1889 etsie
358 1840 416 1890 nibil
427 1840 496 1890 habet
506 1838 656 1889 difficultatis.
667 1837 713 1887 dlii
724 1840 787 1890 verb
802 1847 904 1891 anteon:

127 1926 179 1963 nem
195 1926 245 1975 quae
264 1912 395 1977 designatur
410 1913 434 1963 in
453 1915 498 1963 boe
509 1911 629 1977 participio
643 1911 873 1975 predestinatus,
886 1930 906 1962 ιι

126 1986 192 2047 runt,
207 1998 252 2035 nou
266 1985 293 2033 ad
308 1984 331 2033 id
345 1986 406 2049 quod
419 1988 454 2036 est
468 1998 520 2035 esse
533 1983 616 2033 Filium
630 1982 686 2046 bei,
701 1986 745 2033 sed
762 1986 794 2035 ad
807 1987 863 2051 ejus
875 2003 899 2034 nr.

126 2054 285 2117 testationem,
300 2056 426 2106 secundina
439 2056 504 2106 iilum
523 2059 658 2106 consuetum
676 2056 776 2105 modum
793 2058 902 2121 loquenl

127 2126 320 2191 scripturisque
337 2137 374 2175 res
390 2126 495 2177 dicuntur
505 2126 566 2189 fieri,
579 2126 670 2189 qnando
680 2124 858 2189 innotescunt,
877 2141 896 2176 u·

127 2210 208 2249 sensus
231 2196 408 2259 quodcirristus
427 2198 627 2261 prudentissume
645 2199 683 2246 est
702 2198 860 2250 manifestari
877 2202 890 2248 i

127 2268 176 2318 bei.
191 2268 236 2317 Sed
245 2268 279 2317 sio
292 2282 338 2318 non
349 2267 441 2331 proprie
457 2266 627 2332 predestinatio
640 2267 772 2332 accipitur3
788 2284 849 2321 nanu
862 2271 889 2320 nii
919 2281 921 2286 ·

129 2338 211 2389 dieitur
227 2338 318 2402 proprie
329 2338 488 2403 predestinari
498 2337 622 2389 secundom
633 2337 697 2401 qubd
708 2339 825 2403 dirigitur
839 2343 890 2393 inii
919 2343 921 2352 '

127 2407 281 2460 beatitudinis.
297 2410 416 2461 Beatitudo
432 2414 509 2461 autem
522 2409 610 2459 Christi
625 2422 672 2461 uon
687 2411 811 2473 dependet
828 2427 860 2464 ex
872 2429 905 2461 ιιι-ι

129 2481 267 2546 cognitione.
283 2482 312 2531 iit
322 2482 373 2533 idao
386 2481 467 2533 nebus
480 2482 599 2533 dieeudurn
618 2485 655 2532 est
669 2482 731 2545 qubd
750 2484 794 2534 iiia
812 2491 902 2536 antene-

128 2566 197 2618 quam
212 2553 320 2618 importat
334 2555 378 2603 boo
388 2553 532 2619 participium
544 2552 764 2618 proedestinatus,
778 2568 831 2607 nou
851 2559 903 2607 reie-

163 2706 194 2768 (1)
209 2711 244 2755 Ειι
255 2720 329 2766 grune
347 2720 430 2764 nempe
443 2708 582 2773 ὺρισιειτος,
597 2708 661 2764 quod
675 2708 817 2765 simplieiter
833 2713 906 2757 desiit

131 2783 182 2821 tum
199 2780 235 2823 vei
258 2778 387 2835 definitum
399 2777 530 2837 signifieat,
549 2784 576 2824 nt
589 2779 668 2825 videre
688 2786 727 2826 est
745 2780 771 2826 iu
789 2794 850 2841 oap.
872 2789 893 2829 ι.

131 2832 212 2891 Rom„
222 2850 269 2885 uun
283 2845 309 2885 ut
327 2839 390 2897 prins
402 2840 444 2885 [ΙΙ.
