1917 3317
263 162 423 206 oxrassmrm
436 163 543 204 verirrrsrr.
761 157 806 206 tta

18 275 38 299 .,
53 242 82 301 2,
102 251 142 302 qu.
159 241 203 303 dt,
218 243 261 290 art.
279 244 292 290 t
307 243 373 304 ets,
386 254 433 294 non
452 242 578 294 secundum
596 245 746 305 quantitatem
760 243 803 307 rei,

19 311 47 361 ed
59 309 185 362 secundum
196 311 347 375 quantitatem
359 315 522 379 proportionis,
536 319 560 365 ut
576 313 661 366 scilicet
674 315 810 378 passionen

19 383 102 433 xcedat
125 383 227 446 reguiam
249 383 352 436 rationis.
374 387 403 435 m
425 387 478 450 quia
499 386 566 436 stoici
592 387 728 450 reputabant
748 386 809 450 qudd

18 455 68 504 rutla
86 453 181 506 tristitia
195 462 257 507 esset
278 457 306 507 ad
328 457 417 522 aliquid
437 458 521 521 utilis,
536 459 586 509 ideo
609 458 732 508 credebant
748 457 808 520 qudd

18 527 133 577 otaiitera
149 528 238 579 ratione
254 527 408 593 discordaret,
424 534 447 581 et
463 543 505 595 per
522 542 664 593 consequens
675 529 735 593 quod
747 533 808 580 tota·

18 597 59 648 iter
72 603 134 650 esset
146 599 245 662 sapienti
257 600 360 652 vitanda.
375 603 419 652 Sed
436 600 561 653 secuudirm
578 601 611 651 rei
623 601 743 652 ueritatem
757 602 808 652 tris·

18 667 57 718 itia
79 670 152 733 aliqua
165 671 285 721 laudabitis
299 674 347 736 est,
359 676 385 722 ut
398 673 539 737 Augustinus
553 672 634 736 prohat
651 673 675 722 in
695 673 754 722 er.
771 675 809 723 De

18 742 59 791 tto
78 743 134 799 Dei,
149 756 200 808 cap.
215 747 230 792 a
233 744 341 805 ,quando
359 743 448 795 scilicet
464 745 567 808 procedit
580 757 608 795 ex
622 747 700 795 sancto
718 757 807 808 amore3

18 812 88 876 rtpotd
105 827 158 864 cum
178 815 260 878 aliquis
275 815 378 865 tristatur
389 816 418 866 de
438 815 540 879 peccatis
556 816 655 881 propriis
667 816 705 867 rei
715 817 806 867 alienis.

18 883 138 934 issumitur
153 886 222 935 etiam
235 890 261 936 ut
274 886 335 936 utitis
346 887 374 937 ad
388 888 457 937 tinem
467 887 631 938 satisfactionis
648 901 690 951 pro
702 891 805 952 peccato,

19 955 133 1006 ecunddm
150 957 206 1008 iliud
220 957 325 1022 apostoli
334 959 365 1008 11
380 961 415 1008 od
427 960 497 1016 Cor„
512 960 572 1009 vll:
587 959 673 1018 «Quae
684 959 808 1010 secundirm

18 1032 79 1078 teum
102 1032 137 1078 est
155 1029 456 1093 tristitia,poenitentiam
449 1045 473 1080 ιιι
492 1031 588 1082 salutem
607 1031 710 1081 stabilem
729 1044 809 1094 opera-

18 1098 98 1163 ur(1t.
109 1101 154 1150 »Et
167 1101 219 1151 ideo
228 1101 344 1164 Christus,
352 1106 378 1151 ut
390 1101 532 1153 satisfaceret
544 1101 695 1166 propeccatis
708 1101 809 1152 omnium

18 1170 138 1234 rominum,
150 1173 273 1237 assumpsit
290 1172 415 1234 tristitiam,
434 1173 555 1223 maximam
571 1173 663 1236 quidem
680 1173 807 1236 quantitate

21 1243 127 1305 insoluta,
144 1258 192 1295 non
209 1249 285 1296 tamen
299 1247 446 1297 excedentem
465 1244 566 1309 reguiam
583 1244 687 1296 rationis.
706 1245 808 1296 Dolorem

21 1319 85 1365 utem
100 1317 236 1368 exteriorem
251 1331 348 1382 sensns,
363 1318 436 1368 virtus
454 1317 546 1368 moralis
558 1315 642 1368 directe
657 1330 703 1368 non
717 1315 808 1380 minuit;

18 1388 61 1450 quia
75 1387 128 1437 talis
141 1389 204 1440 dolor
217 1402 264 1440 non
279 1390 356 1441 obedit
374 1390 471 1452 rationi,
488 1389 527 1440 sed
540 1389 642 1452 sequitur
655 1389 756 1452 corporis
766 1401 811 1438 na-

18 1471 90 1507 uram.
109 1457 220 1510 liiminuit
232 1464 310 1510 tamen
322 1461 399 1524 ipsum
412 1459 536 1518 indirecte,
552 1472 593 1522 per
606 1457 778 1510 redundantiam
794 1458 807 1509 a

18 1530 166 1592 superioribus
177 1531 263 1582 viribus
276 1531 300 1580 in
321 1531 456 1596 interiores3
472 1532 533 1596 quod
553 1531 576 1580 in
594 1531 685 1582 Christo
699 1543 744 1580 non
756 1531 808 1592 tuit,
851 1575 856 1586 ,

18 1605 35 1650 rt
58 1601 201 1654 dictumest.

40 1676 74 1723 ad
85 1675 178 1725 tertium
189 1675 318 1737 dicendum,
333 1673 395 1738 qndd
405 1675 469 1726 dolor
481 1674 561 1725 animae
572 1677 682 1739 separatae
690 1673 807 1737 patientis,

18 1745 108 1795 rertiuet
130 1749 157 1798 ad
179 1750 263 1797 statum
281 1745 364 1797 future
381 1745 548 1809 damnationis3
564 1761 614 1810 quae
632 1745 723 1797 excedit
742 1758 808 1796 omne

18 1816 94 1866 nalum
114 1819 184 1884 hujus
196 1817 265 1880 vitae,
279 1817 338 1868 sicut
351 1821 479 1868 sanctorum
501 1817 571 1882 gioria
585 1818 675 1870 excedit
689 1831 755 1870 omne
769 1817 809 1868 tro·

18 1900 64 1938 rum
79 1891 197 1954 presentis
210 1891 273 1940 rite.
286 1891 360 1954 Unde,
370 1890 422 1940 cium
439 1890 538 1941 dicimus
549 1889 634 1940 Christi
644 1891 744 1942 dolorem
758 1902 809 1940 esse

18 1961 148 2024 maximum,
161 1975 207 2013 non
229 1975 389 2026 comparamus
408 1962 483 2027 ipsum
499 1962 570 2013 dolori
590 1961 671 2012 anima
689 1965 808 2026 separatae.

18 2033 99 2095 :orpus
119 2035 266 2086 artemide
284 2035 331 2098 pati
352 2049 398 2086 non
420 2038 510 2099 poterat
529 2035 575 2085 nisi
592 2038 710 2098 peccaret,
732 2039 755 2084 et
778 2033 811 2084 sic

18 2102 76 2153 ieret
95 2106 189 2157 mortale
203 2110 226 2156 et
239 2106 363 2171 passibile,
382 2111 406 2157 et
426 2106 504 2156 minus
524 2106 610 2157 doleret
622 2105 727 2169 patiens,
742 2103 810 2168 quam

18 2187 92 2238 orpus
109 2177 193 2228 Christi
211 2182 303 2242 propter
323 2178 423 2229 rationes
440 2177 567 2242 predictas.
583 2177 618 2226 Ex
639 2176 721 2240 quihus
741 2175 810 2226 etiam

18 2252 116 2311 rpparet,
130 2248 189 2312 quttd
203 2249 293 2300 etiamsi
303 2262 343 2314 per
358 2248 614 2313 impossihile-ponatur
624 2247 684 2311 qaod
701 2247 772 2297 Adam
785 2245 809 2296 irr

18 2322 74 2368 statu
93 2320 232 2372 innocentie
248 2334 332 2385 passus
352 2321 451 2385 fuisset,
469 2319 544 2370 minor
563 2319 645 2370 inisset
661 2319 723 2371 dolor
745 2322 809 2381 etus,

18 2392 79 2455 quarn
96 2392 191 2442 Christi.

41 2465 75 2514 dd
90 2470 195 2528 quartum
208 2464 326 2516 dicendum
334 2463 413 2528 ,qudd
425 2463 530 2515 Christus
541 2476 586 2514 non
600 2462 673 2514 solium
687 2463 759 2514 doluit
770 2475 810 2526 pro

18 2536 81 2586 imis
73 2535 133 2588 ione
147 2538 201 2588 ritae
211 2537 335 2609 corporatis
342 2537 448 2602 proprie,
464 2535 586 2586 sedetiam
600 2548 641 2600 pro
654 2533 754 2599 peccatis
762 2547 811 2584 om-

19 2606 74 2658 rium
92 2607 201 2660 aliorum·
195 2610 257 2674 ,qui
271 2597 354 2660 dolor'
347 2623 372 2659 m
389 2608 482 2659 christo
499 2606 599 2658 excessit
610 2618 701 2657 omnem
711 2606 810 2656 dolorem

18 2681 176 2745 :ujuscumque
195 2649 299 2744 contriti,
315 2685 364 2731 tum
377 2681 431 2744 quia
445 2693 475 2731 ex
488 2678 570 2743 majori
591 2677 703 2742 sapientia
719 2680 743 2727 et
756 2677 809 2726 otra-

43 2825 75 2888 (1)
97 2827 149 2873 Sire
167 2827 350 2886 dmpoerriterrtr'o
369 2825 592 2896 (ἀμεταμέλητων),
607 2823 668 2882 (11¹⁰d
691 2821 757 2880 &qut
779 2823 808 2870 fid

18 2898 108 2945 satutem
122 2911 149 2945 ac
163 2900 192 2945 ad
209 2900 367 2958 paenitentiam
378 2897 460 2945 referri
473 2903 564 2956 potest.
