1917 3317
118 143 165 189 692
305 153 365 190 rans
381 154 422 200 ru,
438 153 531 197 punse.
549 152 623 201 mv,
640 152 696 189 ana.
712 152 736 188 v.

119 228 174 277 duas
184 242 273 291 puroque
287 229 366 277 eadem
387 228 475 277 ratione
488 226 609 276 filiationes
626 241 677 277 esse
692 238 781 276 neeesse
795 226 837 286 est,
845 234 899 270 unam

119 304 242 358 aeternam,
257 301 325 349 aliam
341 299 397 351 vend
411 299 573 361 temporalem3
592 299 645 361 quia
657 304 732 349 antem
753 310 822 347 nuum
831 296 900 344 tanllu

119 378 154 421 est
171 374 287 422 filiationis
298 373 439 435 subjeetum,
451 385 550 437 persona
568 372 656 422 scilieet
671 372 761 434 divina,
774 384 819 420 una
832 378 898 433 quoni¹

118 445 191 493 inille
204 446 282 494 tiliatio
296 445 359 507 est.)

150 515 286 578 llespondeo
304 516 442 577 dicendum,
461 514 521 577 qndd
543 515 605 564 cirea
620 515 667 563 hoe
689 517 744 563 sunt
757 513 850 562 diversa
865 524 898 561 ut·-

120 585 207 636 niuues.
224 588 319 645 Quidam
333 588 393 636 enim
409 588 554 636 attendentes
569 588 596 635 ad
616 600 710 635 cansam
732 583 844 633 filiationis
855 622 860 641 ,
870 596 883 640 p

121 661 157 707 est
168 657 284 718 nativitas,
299 662 387 720 ponunt
401 658 423 705 in
438 657 531 706 christo
542 659 599 705 eluas
609 657 743 717 filiationes,
757 656 816 704 sieut
831 660 852 703 et
867 657 900 698 ur«

123 729 264 778 nativitates.
285 730 330 778 alti
349 729 404 779 vend
428 732 570 779 attendentes
594 730 624 778 ad
646 730 777 791 subjeetum
801 727 892 775 liliolus.—

123 802 182 862 quod
199 805 234 849 est
243 815 342 862 persona
352 803 390 850 rel
401 802 530 864 hypostasis
540 801 593 850 Filii
603 836 609 853 .
622 806 715 863 ponunt
725 802 750 848 in
760 800 849 849 Christo
858 809 899 842 uuir

122 870 213 919 tantirm
233 872 378 934 filiationem,
393 872 486 921 sieutet
502 885 570 921 eruam
585 872 735 935 hypostasim
749 872 787 920 uel
803 879 894 933 persora:

125 940 206 990 Unitas
219 942 280 991 euim
294 943 410 993 relationis
422 946 459 995 vet
475 943 527 1006 ejus
544 942 677 1005 pluralitas¹
695 954 744 991 non
759 940 894 990 attenditui

126 1011 223 1060 cundiam
240 1014 365 1075 terminos,
381 1016 422 1064 sed
446 1014 570 1065 secundnm
588 1026 685 1062 oausam
702 1013 741 1062 vel
759 1013 901 1074 subjeetum·

124 1083 187 1133 enim
200 1084 323 1133 secundini
334 1086 445 1136 terminos
459 1086 624 1145 attenderetur,
635 1087 756 1147 oporteret
769 1084 829 1147 qudd
839 1080 884 1143 quil

125 1155 195 1203 horno
208 1155 231 1203 in
247 1169 272 1204 se
287 1156 343 1205 duas
359 1157 479 1207 filiationes
496 1157 606 1219 liaberet,
621 1168 696 1204 uuam
710 1168 758 1217 qua
773 1156 881 1205 referretur
894 1185 898 1193 .

126 1229 212 1290 patrem
223 1264 230 1285 ‚
243 1230 266 1275 et
280 1227 347 1277 aliam
362 1241 406 1291 pua
428 1228 552 1279 referretur
564 1228 594 1277 ad
606 1232 713 1277 matrem.
727 1228 774 1277 Sed
788 1224 847 1275 reete
860 1236 897 1269 rm·

126 1296 215 1345 deranti
239 1304 334 1362 apparet
355 1302 434 1349 eadem
456 1300 566 1349 relatione
590 1298 669 1349 reterri
694 1306 877 1361 unumquemque

126 1378 194 1417 snum
210 1374 295 1432 patrem
306 1374 328 1419 et
343 1376 439 1420 matrem
452 1375 545 1435 propter
553 1370 665 1419 unitatem
675 1382 772 1431 eausae;
789 1369 862 1417 eadem
871 1378 887 1411 e

126 1438 246 1489 nativitate
259 1442 327 1489 homo
340 1443 440 1491 naseitur
450 1456 479 1491 ex
488 1446 553 1505 patre
568 1446 592 1489 et
604 1443 685 1489 matre.
702 1440 772 1489 Unde
786 1439 861 1489 eaden
876 1447 891 1481 u

127 1510 191 1559 tione
208 1513 235 1561 ad
251 1516 372 1574 utrumque
389 1513 496 1562 refertur.
518 1513 546 1561 Et
562 1512 642 1562 eadem
658 1510 716 1561 ratio
738 1516 776 1561 est
790 1512 818 1559 de
831 1522 890 1567 magr

126 1583 166 1644 qui
181 1584 247 1633 docet
258 1585 341 1634 multoe
351 1583 475 1648 discipulos
488 1583 567 1634 eddem
579 1582 702 1643 destord,
717 1586 742 1633 et
757 1584 788 1633 de
799 1583 880 1632 domiuo
895 1615 897 1623 .

128 1655 239 1715 gubernat
253 1656 356 1705 diuersos
365 1657 481 1719 subjectos
495 1654 574 1705 eldem
587 1658 713 1717 potestate.
728 1653 757 1703 Si
776 1652 831 1703 uerit
841 1653 892 1699 siuti

128 1738 201 1775 versae
215 1741 290 1777 causa.
302 1727 378 1790 speeie
389 1728 528 1787 differentes,
540 1740 567 1777 ex
581 1726 733 1789 consequenti
749 1726 857 1775 videntur
869 1726 884 1768 d

129 1796 251 1846 relationes
274 1799 350 1861 speeie
370 1798 470 1848 dillerre.
489 1799 553 1848 Unde
572 1798 630 1847 nihil
651 1796 762 1860 prohibet
782 1796 859 1859 plures
879 1802 893 1839 tt

128 1866 252 1917 relationes
272 1870 346 1919 eidem
360 1868 451 1932 inesse,
467 1869 527 1918 sieut
541 1869 561 1919 si
579 1868 663 1931 aliquis
683 1872 720 1918 est
739 1868 869 1931 aliquorum
885 1878 894 1909 t

129 1937 200 2000 gister
214 1940 236 1987 iu
249 1942 409 2002 grammatino,
421 1945 444 1991 et
460 1940 555 1989 aliorum
569 1942 593 1990 in
603 1940 695 2003 logica,
710 1939 756 1989 alia
772 1942 808 1989 est
824 1939 876 1987 mtto
891 1972 896 1979 .

130 2011 218 2073 gislerii
230 2013 355 2075 utriusque.
371 2013 400 2061 Et
414 2013 465 2062 ideo
483 2012 629 2061 relationibus
644 2010 744 2061 diuersis
763 2024 826 2061 unus
845 2014 865 2058 el
877 2008 896 2052 p

129 2082 198 2130 homo
208 2087 283 2145 potest
293 2096 344 2132 esse
361 2085 467 2146 magister
480 2082 518 2133 vel
531 2083 689 2144 diversorum,
701 2082 740 2131 uel
756 2082 902 2131 eorumden-

129 2152 227 2200 cundirm
240 2153 342 2203 diversas
362 2155 485 2205 doctrinas.
501 2154 617 2216 Contingit
635 2157 715 2202 autem
728 2153 866 2215 quaudoque
877 2164 886 2207 p

129 2222 210 2285 aliquis
220 2225 288 2275 habet
299 2226 431 2276 relationem
443 2228 472 2276 ad
486 2226 562 2291 plures
575 2224 703 2275 seeundum
720 2224 827 2274 diversas
843 2235 899 2271 rausi

129 2294 232 2356 ejusdem
242 2299 319 2347 tamen
330 2297 428 2361 speeiei3
441 2299 501 2347 siout
510 2296 560 2347 cum
574 2296 658 2359 aliquis
669 2298 705 2346 est
713 2300 783 2359 pater
795 2295 900 2345 diversor

128 2364 226 2415 liliorum
246 2368 369 2418 serundirm
388 2370 491 2420 diversos
512 2366 667 2432 generationis
685 2371 766 2429 aetus3
783 2367 843 2417 unde
862 2373 899 2427 pl*

128 2437 188 2487 nitas
199 2451 244 2488 non
262 2444 336 2503 potest
348 2442 425 2505 speeie
437 2441 543 2501 differre,
556 2439 608 2490 einrn
624 2444 689 2489 aelus
703 2438 874 2501 generationum
888 2460 900 2481 =.

129 2508 198 2559 iidem
207 2511 293 2573 speeie.
305 2513 334 2561 Et
342 2513 395 2575 quia
404 2514 482 2575 plures
492 2513 570 2563 forma
579 2512 683 2575 ejusdem
693 2510 781 2575 speciei
789 2521 888 2573 nonpus=

129 2583 197 2632 simul
209 2584 284 2634 inesse
298 2584 373 2635 eidem
385 2586 497 2649 subjecto,
508 2590 600 2635 nonest
613 2582 725 2647 possibile
735 2582 799 2647 pund
808 2583 852 2633 sint
864 2581 882 2641 pi

129 2655 276 2716 paternitates
290 2655 314 2705 in
331 2670 359 2705 eo
371 2656 412 2720 qui
427 2663 462 2707 est
478 2661 542 2721 pater
555 2655 706 2719 plurimorum
721 2654 823 2705 liliorum
839 2663 897 2716 geue.

129 2802 185 2851 ren..
198 2806 222 2858 1,
237 2813 280 2849 arr.
294 2807 325 2859 ες
341 2813 365 2852 et
382 2808 508 2864 emutat„
522 2809 554 2855 1x
569 2838 575 2867 ,
591 2821 633 2865 qu.
643 2808 668 2865 a,
684 2815 730 2855 art.
749 2810 780 2863 δι
796 2814 822 2855 et
836 2808 903 2864 Oret

128 2863 179 2921 ιιι,
193 2877 249 2922 cap.
261 2866 316 2911 219.
