1917 3317
258 222 289 256 nn
305 221 395 258 oraru
411 221 520 273 conisus,
537 220 590 259 nnn.
788 212 832 259 ³31

42 290 152 369 edsdin
162 294 188 345 de
198 296 253 358 beo,
262 296 374 347 itaetianr
384 310 447 361 spes,
461 297 486 346 in
502 300 614 361 quantum
623 299 659 349 est
673 295 748 345 virtus
762 296 829 347 tbco-

42 374 112 442 lgm·
119 401 124 423 2
132 365 194 416 habet
204 380 246 431 pro
254 367 347 432 objecto
353 367 431 431 ipsum
440 368 512 419 benni
521 384 528 431 3
537 369 605 432 cujus
616 366 746 417 fruitionem
756 367 827 419 bonno

42 434 182 497 ›rinopatiter
199 440 306 503 expectat
322 451 365 502 per
378 439 430 503 spei
441 439 559 489 virtutem.
574 438 619 490 Sed
633 450 662 489 ex
676 438 829 503 consequenti

45 503 130 584 lle'qni
142 507 205 557 babet
217 509 326 559 virtutem
343 510 411 573 spei,
424 513 502 574 potest
521 510 589 559 ctiam
611 509 636 558 in
654 508 706 559 aliis
725 508 829 559 divinum

42 576 141 657 uptun
151 585 272 643 expectare,
288 582 350 631 sient
362 584 387 631 et
399 582 438 633 ille
453 582 493 645 qui
507 582 575 632 babet
588 580 766 644 virtutemnon,
778 592 826 631 non

41 647 115 694 ulum
125 650 184 699 crodit
196 652 241 703 lieo
258 654 287 703 de
303 652 372 703 rebns
384 652 483 714 divinis,
496 652 537 703 sed
550 652 620 703 etium
634 652 662 703 de
676 650 829 715 quibuscum-

42 729 90 777 que
106 717 144 768 aliis
154 721 255 774 divinitus
274 723 320 774 sibi
333 723 448 773 revelatis.
464 723 569 773 Christus
588 726 663 775 nutem
683 721 697 773 i
712 722 826 787 principio

42 799 91 837 sne
105 796 236 857 conceptionis
249 794 319 859 plene
330 793 413 844 babuit
423 795 554 845 inditionem
565 794 674 857 divinum,
687 798 714 843 nt
724 793 784 843 iniri
792 794 828 843 di·
918 822 919 825 =

42 861 151 925 cetnrlqn.
161 867 197 925 tt,
211 870 254 915 art.
272 864 312 929 t):
330 868 354 915 et
367 865 419 915 ideo
429 865 536 915 uirtutem
547 866 597 929 spei
612 878 658 915 non
671 864 760 916 babuit.
776 864 827 915 lln-

42 931 87 979 iuuit
97 934 226 999 tanenspem
236 941 346 1001 respecto
356 936 482 999 aliquorum
495 951 544 1000 quae
552 937 652 987 nondum
663 938 711 987 erat
718 936 824 999 adeptus.
918 932 919 937 ’

44 1002 98 1053 ,icet
111 1016 150 1077 non
162 1007 264 1058 babuerit
277 1009 347 1057 iidem
359 1011 468 1071 respectu
483 1021 688 1070 quorumcumque,
701 1007 754 1069 quia
771 1006 826 1057 licet

51 1074 100 1125 tend
113 1082 247 1139 cognosceret
256 1078 343 1138 omnia,
354 1091 397 1141 per
407 1078 467 1141 quod
479 1078 580 1129 totaliter
592 1078 649 1128 fides
663 1077 827 1128 excludebatur

42 1149 62 1192 ib
79 1159 116 1206 oo¹
128 1160 169 1197 non
181 1152 258 1199 tamen
272 1150 348 1199 adbuc
366 1147 435 1211 plene
455 1149 555 1199 babebat
567 1148 645 1199 omnia
661 1161 712 1211 quae
725 1148 754 1197 ad
774 1146 826 1211 ejus

45 1216 184 1269 urlectionem
196 1220 358 1284 pertinebant,
370 1219 427 1283 puti
437 1217 631 1271 immortalitatem
640 1222 662 1269 et
671 1218 766 1283 gloriam
774 1230 826 1268 cor-

41 1289 100 1347 ⁴roris,
114 1303 174 1353 prm
187 1294 276 1355 poterat
288 1303 392 1354 sperare.

63 1361 93 1407 ,td
103 1362 191 1423 prinum
201 1375 256 1425 ergo
270 1362 407 1425 dicendum,
420 1362 479 1427 qnbd
490 1364 589 1413 hocnon
603 1359 686 1410 dicitur
695 1360 723 1410 de
733 1358 824 1409 Christo

42 1431 150 1481 ÷ecnnddn
167 1446 248 1497 spem,
266 1446 317 1496 qne
337 1436 374 1483 est
392 1433 466 1482 uirtus
486 1432 632 1495 theologica,
657 1431 697 1480 scd
716 1443 743 1480 eo
767 1428 828 1493 quod

44 1503 130 1562 predam
142 1505 181 1554 alia
194 1504 298 1568 pererit
311 1506 412 1553 nondum
425 1505 512 1567 habita,
528 1504 588 1554 sicut
601 1501 686 1551 dictum
706 1503 751 1552 est.

66 1574 96 1621 lid
107 1576 226 1625 mundum
241 1574 378 1639 dicendum,
391 1574 451 1637 qood
468 1574 540 1638 gloria
555 1572 657 1636 corporis
669 1584 716 1621 non
724 1570 824 1634 pertinet
918 1578 919 1583 ’

42 1645 64 1692 nl
75 1644 232 1709 bcabtndinem,
245 1646 306 1696 sicut
315 1646 342 1695 in
353 1659 399 1708 quo
408 1646 567 1710 principaliter
577 1642 695 1693 beatitudo
707 1640 824 1704 consistat,
918 1690 919 1693 ,

42 1718 71 1764 ed
83 1730 121 1779 per
131 1718 251 1781 qnamdam
265 1716 540 1781 redundantiamlgloria
555 1714 650 1773 anime,
664 1712 720 1762 utin
729 1714 756 1762 lt.
765 1714 824 1777 part.

42 1788 155 1839 :ictunrest
168 1791 215 1853 (1,
230 1793 260 1852 2,
276 1802 316 1851 qn.
333 1791 360 1849 t,
379 1791 424 1837 art.
437 1792 468 1847 6,
482 1790 506 1837 et
518 1802 557 1850 qu.
579 1791 622 1847 67,
638 1788 680 1835 art.
697 1784 739 1848 l).
758 1782 824 1833 Unde

42 1872 80 1920 ecs
93 1860 212 1911 seconddm
226 1855 289 1923 qnbd
303 1862 339 1909 est
351 1858 426 1908 virtus
438 1858 574 1923 theologica,
590 1869 637 1907 non
645 1854 740 1919 respicit
753 1852 828 1903 beati·

42 1932 121 1982 illinon
140 1932 256 1996 corporis,
271 1931 314 1981 sed
330 1929 497 1981 beatitudinem
519 1929 617 1991 nnimae,
635 1940 686 1991 qoae
702 1926 726 1975 in
747 1924 826 1975 divina
918 1988 919 1997 ἵ

42 2002 125 2055 fruitione
140 2002 258 2054 consistit.
918 2034 919 2043 ,

65 2075 183 2126 ldtertinm
193 2073 335 2132 dicendnnn,
348 2070 410 2134 qubd
421 2070 540 2121 aedidcatio
554 2068 662 2119 Ecclesiae
676 2082 718 2132 per
731 2078 827 2116 conuer-
918 2080 919 2083 ¹

46 2142 107 2195 «lunen
120 2147 240 2208 fidelium,
253 2158 302 2194 non
318 2143 420 2207 pertinet
433 2144 461 2192 ad
475 2142 637 2207 perlectionem
651 2138 735 2189 Christi
745 2150 790 2201 qna
802 2136 829 2186 in
918 2196 919 2213 χ

50 2225 66 2260 t
78 2219 175 2276 perlectus
189 2221 240 2280 est,
256 2217 298 2266 sed
310 2213 437 2265 secundinus
448 2214 509 2277 quod
522 2213 579 2263 ulios
589 2213 616 2261 ad
627 2209 829 2275 participationem

50 2290 226 2350 securioris
239 2287 339 2336 inducit.
351 2288 381 2335 Et
395 2284 449 2349 qnia
461 2299 514 2349 spes
526 2283 610 2333 dicitur
622 2280 713 2346 proprie
722 2282 829 2343 respectu

52 2361 116 2421 un'ps
129 2363 189 2427 qnod
208 2363 349 2424 expectatur
369 2358 397 2407 ab
415 2356 465 2420 ipso
489 2357 595 2421 sperante
614 2354 760 2413 habendum,
783 2360 830 2397 non

50 2434 110 2492 stiunt
124 2440 197 2501 potest
212 2432 261 2483 dici
283 2429 346 2495 qnod
361 2428 437 2478 virtus
451 2428 501 2493 spei
521 2426 610 2477 cbristo
629 2424 718 2475 ratione
732 2416 829 2471 inducti
918 2420 919 2493 ᾗ

53 2507 147 2559 furseum,
918 2504 919 2529 t
