1917 3317
111 203 139 240 or
153 199 347 242 contrariosa
361 201 427 240 vrrra
442 199 538 244 amium
552 202 585 242 ro
600 201 765 246 commun.
807 197 839 246 te

74 279 101 328 ld
117 279 212 344 primum
225 292 282 342 ergo
302 278 515 343 dicendum,un
532 280 581 331 vita
593 283 766 347 contemplativa
788 298 836 336 non

50 351 147 401 ordinatur
160 353 188 402 ad
207 351 401 416 qualemcumque
419 351 564 405 dilectionem
577 352 632 414 liei,
646 356 686 405 sed
701 356 730 406 ad
747 359 836 421 perfec·

48 426 98 484 tan;
112 425 148 472 sed
165 423 214 473 vita
236 422 314 473 activa
332 425 368 472 est
383 423 512 474 necessaria
529 425 557 475 ad
577 425 720 476 dilectionem
738 429 835 492 proximi

44 495 228 560 qualemcumque.
257 495 324 546 Unde
346 495 466 552 Gregorius
488 496 545 546 dicit
565 497 590 546 in
610 497 648 548 tlt.
672 499 729 550 tlon
760 515 837 566 super

48 567 145 616 Erret:
160 585 174 614 u
184 567 241 618 Sine
256 566 434 632 contemplativa
447 565 494 617 vita
507 568 589 618 intrare
600 572 697 632 possunt
709 572 738 621 ad
754 573 835 624 coeles-

52 641 92 686 tem
106 638 210 703 mutam,
229 638 270 703 qui
284 637 344 689 bona
357 653 408 702 quae
421 643 517 703 possunt
530 639 632 704 operari,
642 654 688 691 uon
704 643 836 708 negligunt;

48 707 90 758 sine
100 710 168 760 activa
176 715 256 760 antem
267 709 354 761 intrare
369 723 414 762 non
423 715 534 774 pqssunt,
546 711 566 762 si
581 712 698 776 negligunt
711 715 770 765 bona
782 730 838 780 ope·

47 781 82 832 rari
92 795 135 843 qua
145 784 254 845 possunt.
265 798 280 828 n
295 782 330 830 Ex
341 795 386 845 quo
399 782 468 832 etiam
482 786 544 847 patet
557 782 616 849 qudd
630 783 677 834 vita
690 787 763 836 activa
779 800 836 851 praa-

43 851 95 901 cedit
105 853 323 918 contemplativam,
340 853 400 903 sicut
418 852 440 903 id
457 854 517 918 quod
538 859 574 904 est
589 869 708 906 commune
722 856 836 922 omnium,

40 925 139 986 praecedit
147 924 173 974 in
181 926 222 975 via
234 924 392 988 generationis
401 925 423 975 id
432 925 491 988 quod
503 930 538 976 est
549 926 665 990 proprium
675 929 835 992 perfectorum.

68 997 100 1046 ld
109 998 237 1048 secundum
255 997 395 1059 dicendum,
410 996 470 1060 qudd
483 996 497 1046 i
511 997 558 1047 vite
575 997 651 1048 activa
666 1000 795 1062 proceditur
808 1001 836 1051 ad
867 1026 907 1055 w

38 1068 104 1118 vilaro
115 1068 318 1132 contemplativam
333 1068 458 1118 secundum
470 1069 571 1119 ordinem
581 1070 747 1134 generationis3
763 1071 776 1122 t
790 1072 839 1122 vita

38 1145 110 1189 autem
119 1139 298 1203 contemplativa
311 1138 399 1189 reditur
412 1139 440 1188 ad
449 1138 518 1192 vitam
532 1140 629 1191 activam
643 1139 752 1204 perviam
764 1143 838 1192 direc-

35 1211 114 1274 tionis,
129 1215 153 1262 ut
164 1212 254 1262 scilicet
264 1210 313 1260 vila
329 1210 407 1261 activa
420 1225 461 1274 per
474 1213 689 1276 contemplationem
706 1211 814 1276 dirigatur
829 1230 835 1264 :

39 1284 94 1332 sicut
104 1284 173 1334 etiarn
182 1296 224 1347 per
238 1281 384 1346 operationes
398 1283 632 1346 acquiriturhabitus,
645 1287 669 1335 et
683 1285 836 1347 pertraditum

38 1355 166 1418 acquisitum
180 1353 307 1418 perfectius
320 1353 402 1418 aliquis
418 1358 537 1417 operatur,
546 1355 660 1405 utdicitur
672 1355 697 1406 in
706 1357 736 1406 11.
752 1356 835 1406 utute.

66 1428 99 1477 ad
117 1427 208 1478 tertium
217 1426 352 1485 dicendum,
361 1424 420 1488 quod
432 1425 465 1475 illi
475 1426 515 1490 qui
524 1430 577 1476 sunt
588 1426 654 1491 proni
667 1428 694 1477 ad
708 1428 835 1492 passiones,

38 1503 124 1562 propter
139 1511 219 1551 earum
234 1497 348 1561 impetum
366 1497 395 1546 ad
409 1497 538 1560 agendum,
550 1502 603 1547 sunt
619 1497 751 1562 simpliciter
765 1499 836 1563 magis

42 1572 84 1632 apti
96 1571 122 1620 ad
131 1572 204 1620 vitam
219 1569 336 1632 activam,
351 1572 445 1634 propter
462 1570 557 1633 spiritis
567 1570 757 1635 inquietudinem.
773 1573 837 1624 Unde

40 1642 90 1692 dicit
103 1641 223 1706 Gregorius
238 1641 264 1690 in
280 1642 319 1690 vt.
339 1640 431 1690 morat.
452 1641 499 1706 (ut
514 1641 583 1704 supra
594 1646 618 1702 t,
632 1642 692 1706 qudd
707 1660 721 1691 u
735 1644 838 1694 nonnulli

35 1715 62 1764 ita
79 1715 176 1780 inquieti
191 1716 264 1776 sunt,
276 1718 301 1763 ut
319 1712 345 1764 si·
353 1711 494 1764 vacationem
505 1713 588 1765 laboris
601 1713 735 1774 habuerint,
746 1713 838 1778 gravide

33 1787 144 1850 laborent,
155 1787 211 1852 quia
222 1783 290 1836 tantd
299 1784 423 1835 deteriores
437 1785 511 1835 cordis
519 1785 629 1834 tumultus
636 1785 740 1848 tolerant,
751 1785 839 1848 quantt¹

32 1860 62 1908 ris
72 1859 182 1911 licemiirs
195 1860 224 1910 ad
238 1857 392 1922 cogitationes
405 1861 479 1906 vacat.
494 1873 508 1903 u
523 1857 618 1917 Quidam
630 1855 781 1907 vestratem
794 1871 837 1907 na·

33 1934 134 1984 turalitcr
147 1925 221 1983 animi
238 1930 364 1995 puritatem
381 1932 404 1980 ct
422 1929 534 1993 quietem,
549 1943 589 1994 per
606 1943 675 1993 quam
692 1931 720 1980 ad
736 1933 837 1980 contem-

33 2005 154 2067 plalionem
176 2007 232 2054 sunt
254 2001 319 2066 apti;
336 2000 375 2066 qui
394 1999 416 2049 si
433 2000 532 2050 totaliter
545 1992 671 2050 actionibus
686 2000 837 2064 deputentur,

34 2079 192 2128 detrimentum
205 2074 363 2126 sustinebunt.
378 2071 441 2122 Unde
455 2073 576 2136 Gregorius
586 2073 641 2123 dicit
654 2072 679 2123 in
693 2073 731 2123 vr.
743 2073 835 2124 Morul.

37 2148 183 2214 (utsupra),
201 2146 294 2212 quddu
312 2145 461 2209 quorumdam
478 2144 597 2194 hominum
609 2144 643 2194 ita
657 2145 734 2196 otiosae
750 2149 839 2196 mentes

37 2227 90 2284 siant,
98 2225 126 2271 ut
135 2221 155 2271 si
163 2233 206 2272 eos
215 2217 281 2268 tabor
290 2215 446 2280 occupationis
453 2215 560 2279 excipiat,
571 2215 595 2265 in
604 2215 653 2280 ipse
664 2216 738 2281 operis
746 2217 839 2268 inchoa·

38 2293 88 2344 tione
107 2292 273 2344 succumbant.
290 2305 305 2336 o
323 2287 369 2338 Sed
390 2287 449 2338 sicut
470 2287 521 2351 ipse
543 2292 623 2353 postea
642 2288 716 2340 suddit
730 2290 794 2353 (cap.
807 2293 839 2338 26

42 2366 69 2414 nl
80 2367 119 2430 tl)
141 2383 147 2418 :
166 2383 182 2415 u
193 2361 265 2428 Sept
282 2365 306 2413 et
322 2362 498 2425 pigrasmcntes
515 2373 579 2412 amor
592 2361 621 2410 ad
631 2374 693 2428 opus
702 2360 800 2424 excitat,
814 2365 838 2410 et

46 2435 139 2497 urmes
152 2439 179 2489 in
190 2433 390 2499 contemplatione
402 2432 470 2484 timor
481 2433 594 2484 retraenat.
603 2449 618 2480 o
633 2432 697 2483 Unde
716 2437 739 2485 ct
750 2431 782 2481 illi
799 2433 839 2496 qui

48 2511 167 2576 surtnagis
182 2508 236 2574 apli
250 2509 280 2559 ad
292 2505 391 2558 activam
405 2505 484 2568 vitam,
495 2508 590 2569 possunt
604 2519 645 2570 per
656 2504 787 2555 exercitium
801 2518 839 2554 ac·

46 2581 88 2633 u'vu
105 2587 131 2635 ad
149 2579 359 2646 contemplativam
379 2575 516 2642 praeparari3
539 2581 562 2628 et
581 2577 616 2629 illi
634 2577 782 2628 nihilominus
799 2577 839 2640 qui

46 2660 87 2704 mut
102 2659 175 2726 magis
194 2655 225 2706 ad
243 2649 450 2714 contemplativam
469 2651 531 2715 apti,
546 2653 644 2714 possunt
662 2647 768 2699 exercitia
785 2647 840 2698 vitae

46 2728 111 2779 activa
123 2717 220 2792 subire,
233 2729 262 2776 ut
277 2737 320 2790 per
331 2721 376 2772 hoc
388 2722 416 2772 ad
427 2721 644 2787 contemplationem
655 2719 780 2784 paratiores
789 2719 839 2769 red-

49 2805 121 2851 cantur.
