1917 3317
93 112 140 163 ate
283 124 344 161 raas
360 125 400 173 ιιι,
416 124 510 168 eumer.
528 125 576 173 vri,
593 126 647 164 aar.
666 127 699 163 rr.

384 305 544 356 hahebitis
560 307 601 357 lx.

219 429 304 474 Utrbm
312 429 340 472 iu
349 429 530 485 Cbra'stosuerlt
538 432 662 488 plenitudo
671 433 767 489 qratia.

122 556 157 606 hd
177 568 261 605 nonum
283 554 316 604 sia
333 555 463 618 proceditur
471 556 516 620 (1).
540 557 634 608 Videtur
651 557 713 620 qudd
728 573 773 610 neu
791 559 860 612 tuerit
871 561 898 616 in

91 626 181 678 Christe
191 627 270 688 gralia
281 626 407 690 plenitudo.
424 626 523 690 hgratia
537 627 598 679 enirn
610 628 739 679 derivantur
754 627 859 692 virtutes,
871 637 897 685 ul

90 698 115 748 in
129 699 159 748 11.
170 702 229 761 part.
240 697 325 746 dietum
337 701 373 748 est
388 698 422 760 (1,
433 702 457 758 2,
472 713 512 761 qu.
529 702 584 762 tlh,
595 703 637 750 art.
656 699 691 764 t).
707 701 751 752 Sed
765 701 788 750 in
801 703 896 756 Christo

91 783 138 822 nun
151 771 242 819 luerunt
255 781 335 818 omnes
350 769 462 833 virtutes3
478 783 525 818 nun
541 769 603 820 enirn
614 771 657 822 fuit
670 771 695 822 iu
709 785 735 824 ee
752 772 806 822 tides
818 786 894 837 nequa

90 855 159 904 spes,
172 844 197 890 ut
208 843 324 892 ustemum
340 843 384 890 est.
400 841 459 903 Erga
473 839 498 890 iu
511 840 601 892 Christo
616 855 660 893 nen
673 843 715 892 tuit
729 842 806 906 gratie
818 845 894 906 pleni·

92 913 157 964 tude.

125 988 150 1033 1.
169 985 295 1044 Praeterea,
310 983 369 1032 sieut
381 986 445 1047 patet
457 997 485 1032 err
498 984 534 1033 his
548 998 598 1048 quae
610 983 636 1033 in
650 985 678 1034 ll.
695 989 754 1048 part.
769 987 897 1040 dictasunt

92 1054 131 1118 (t,
142 1059 167 1113 t,
182 1069 221 1117 qu.
232 1057 286 1115 111,
302 1058 346 1104 art.
357 1054 396 1117 2),
412 1054 484 1116 gratia
498 1055 606 1106 dividitur
617 1054 641 1104 in
653 1061 785 1118 operantem
803 1063 826 1108 et
839 1071 893 1110 eao-

90 1129 216 1187 perantem.
232 1127 333 1189 operans
350 1129 425 1174 autem
436 1125 510 1188 gratia
523 1126 613 1187 dicitnr,
629 1141 744 1190 perquam
755 1128 894 1190 justificatur

90 1194 189 1260 impius3
201 1197 261 1260 quud
274 1196 365 1260 quidem
378 1209 423 1246 non
442 1197 522 1246 habuit
535 1196 608 1248 lucum
622 1197 647 1246 in
658 1199 762 1261 Christo,
777 1200 817 1262 qui
831 1215 891 1252 nun-

90 1281 159 1329 quam
168 1268 282 1331 subjacuit
294 1267 362 1318 aliem
372 1271 475 1331 peccatu.
486 1271 545 1332 Ergo
560 1269 585 1318 in
600 1269 690 1320 Christo
701 1283 748 1320 nau
761 1271 803 1320 luit
814 1271 889 1334 pleni·

90 1339 241 1400 tudugratiae.

122 1414 145 1458 3.
159 1411 278 1472 Praeterea,
288 1413 353 1468 lec..
366 1411 396 1471 ll,
406 1410 500 1459 dieitur:
515 1426 528 1456 «
544 1412 615 1460 Omne
632 1411 708 1460 datum
725 1412 853 1476 optimum,
866 1416 892 1466 et

90 1493 157 1532 amne
168 1482 251 1532 dunum
260 1482 402 1546 perlectum,
412 1482 529 1530 desursum
545 1486 582 1532 est
595 1483 734 1532 descendens
747 1483 761 1532 b
775 1485 842 1534 Patre
856 1484 894 1536 lu-

90 1553 213 1604 minum.»
230 1555 275 1604 Sed
292 1555 353 1617 quod
369 1553 500 1615 deseendit,
513 1553 608 1604 habetur
624 1555 789 1617 particulariter
802 1559 825 1604 et
845 1569 893 1608 non

89 1623 166 1687 plene.
182 1625 241 1688 Ergo
256 1625 319 1675 nulla
331 1627 446 1685 ereatura,
460 1637 503 1674 nee
518 1624 587 1674 etiam
607 1625 682 1676 aniam
698 1625 799 1689 Christi,
815 1630 894 1688 potest

89 1695 174 1745 habere
192 1696 358 1758 plenitudinem
371 1697 482 1746 deirorum
496 1695 582 1758 gratiae.

122 1764 168 1816 Sed
181 1770 259 1816 eontra
273 1771 320 1831 est,
335 1768 395 1831 quud
406 1767 489 1817 dieitur
500 1767 584 1824 Ionia,
594 1769 605 1816 1
617 1782 623 1816 :
640 1785 653 1816 a
662 1767 765 1818 Vidimus
777 1781 831 1818 eum
843 1767 894 1832 ple·

90 1849 145 1886 num
158 1839 236 1900 gratie
247 1840 270 1888 et
278 1837 388 1888 veritatis.
401 1854 415 1884 »

126 1909 134 1970 (
141 1910 286 1959 Condrusm.
295 1937 326 1946 —
334 1909 391 1959 Clnu
400 1908 476 1959 anima
490 1909 574 1960 Christi
585 1908 599 1958 a
610 1909 722 1973 principie
739 1923 785 1960 sue
797 1922 896 1974 tuncep-

90 1977 161 2030 tionis
177 1981 245 2030 lueril
257 1979 370 2030 divinitati
385 1981 462 2042 unita,
484 1984 508 2030 et
524 1979 651 2033 uniuersale
669 1979 806 2044 principium
825 1980 897 2032 tuerit

91 2050 192 2099 amnium
209 2051 339 2101 habentium
358 2051 468 2116 gratiam,
483 2051 507 2100 in
523 2064 550 2100 ea
564 2051 636 2102 luisse
655 2051 823 2116 plenitudinem
843 2064 893 2102 om·

91 2120 156 2171 nium
170 2121 291 2184 gratiarum
306 2122 458 2172 necessarium
469 2121 532 2182 init.)

122 2193 256 2256 Respoudeu
275 2193 413 2254 dicendum,
427 2191 487 2255 qubd
501 2191 569 2256 plenb
580 2192 659 2244 dicitur
675 2192 753 2242 haberi
763 2192 824 2255 quod
840 2206 891 2260 per·

90 2261 150 2313 tecte
170 2268 193 2314 et
205 2265 304 2314 totaliter
315 2265 420 2314 hahetur.
430 2263 539 2313 totalitas
555 2267 631 2314 autern
645 2269 669 2314 et
686 2264 793 2328 perfectio
813 2268 891 2328 potest

91 2336 177 2385 attendi
194 2336 334 2398 dupliciter:
351 2335 488 2395 anamodo,
506 2338 614 2398 quantum
632 2337 659 2385 ad
674 2335 824 2398 quantitatem
840 2335 892 2400 eiua

90 2405 242 2468 intensivum,
256 2406 312 2470 puta
325 2407 346 2456 si
359 2407 433 2457 dicam
451 2406 551 2469 aliquem
569 2406 636 2470 plenb
651 2407 735 2458 habere
748 2406 888 2470 albedinem,
955 2429 956 2432 ¹

91 2479 113 2526 si
129 2480 211 2528 habeat
226 2482 273 2527 tarn
287 2484 494 2543 quantumcumque
510 2483 564 2529 nala
577 2483 612 2528 est
631 2477 722 2542 haberi3
744 2479 789 2528 aliu
809 2480 890 2544 modo,

91 2548 215 2598 secundina
225 2549 331 2599 virtutem
341 2588 347 2611 ‚
358 2550 412 2613 puta
422 2551 442 2600 si
452 2549 536 2614 aliquis
545 2550 633 2600 dicatur
642 2549 709 2614 plene
718 2550 801 2600 hahere
811 2549 889 2616 viam,

4 2671 6 2681 ¹
89 2619 143 2682 quia
155 2619 224 2668 habet
241 2632 291 2668 eam
305 2619 428 2670 secundum
445 2634 524 2672 amnes
540 2621 634 2671 allectus
644 2620 682 2670 vel
693 2633 768 2684 upera
782 2621 849 2684 vita3
864 2624 887 2671 et

4 2683 5 2723 1
90 2690 124 2739 sie
136 2690 205 2739 habet
221 2688 289 2753 plene
304 2692 373 2742 uitam
387 2693 469 2753 hemo,
484 2706 530 2744 non
551 2696 627 2743 aulem
643 2693 733 2742 brutum
755 2691 839 2743 animal
853 2691 888 2743 vel

123 2832 156 2896 (l)
171 2837 203 2880 De
220 2835 256 2880 bis
272 2835 342 2881 etiam
363 2836 435 2897 intra,
451 2841 494 2884 art.
518 2837 546 2884 10
563 2835 645 2892 et125
663 2843 687 2882 et
707 2839 755 2896 111,
771 2836 823 2882 dist.
843 2835 886 2896 ta,
