1917 3317
521 82 524 87 ⁸
559 104 654 152 m
965 110 1085 150 rm
1117 111 1200 160 m,
1234 110 1423 156 cumr.
1456 110 1506 159 1,
1540 109 1651 149 Aur.
1687 110 1757 150 tv.

558 189 766 241 habitum
801 190 870 239 est
900 187 990 251 (1).
1020 186 1146 237 Nihil
1176 190 1332 236 autem
1363 186 1573 251 prohibet
1601 187 1659 237 ad
1696 186 1863 251 aliquid
1887 198 1917 234 u

560 272 743 311 manain
779 262 986 311 naturam
1028 259 1289 322 perductam
1316 272 1419 309 esse
1456 261 1562 322 post
1591 262 1860 323 peccatum,
1884 258 1917 306 D

561 332 782 397 permittit
808 331 926 380 mala
948 329 1073 391 fleri,
1097 334 1145 378 ut
1178 329 1285 380 inde
1314 331 1483 394 aliquid
1514 330 1684 380 melius
1725 330 1873 380 eliciat
1905 330 1917 391 (

564 403 728 454 dicitur
746 404 906 454 Rom..
926 403 1012 452 lv:
1042 418 1069 448 «
1089 401 1176 452 Ubi
1193 401 1444 452 abundavit
1465 402 1696 463 delictum,
1723 400 1917 465 superas

565 474 729 537 gratia.
753 489 782 521 ι)
803 474 932 525 Unde
960 474 1080 523 etin
1103 472 1424 523 benedictione
1450 473 1568 523 cerei
1595 473 1833 523 Paschalis
1848 473 1917 523 dic

564 546 677 598 felix
697 546 849 609 culpa,
863 557 965 608 quae
982 544 1119 594 talem
1133 556 1186 593 ac
1199 546 1376 594 tantum
1396 545 1561 595 meruit
1573 545 1743 595 habere
1766 546 1915 595 redem

632 618 700 668 Ad
737 621 947 681 quartum
988 613 1227 665 dicendum
1243 653 1257 675 ‚
1301 615 1421 679 quod
1466 616 1809 679 praedestinatio
1866 629 1917 680 pr

571 689 906 755 praescieutiam
934 688 1203 738 mturorum.
1233 688 1290 737 Et
1314 687 1444 749 ideo,
1479 688 1599 738 sicut
1638 690 1761 738 Deus
1788 688 1917 751 prande

572 764 714 814 lutem
741 760 935 824 alicujus
951 759 1153 811 hominis
1181 772 1264 823 per
1292 761 1521 810 orationes
1550 760 1743 811 aliorum
1772 759 1917 824 implet

571 833 710 885 etiam
744 831 1087 895 pradestinavit
1123 844 1237 895 opus
1267 832 1593 883 lucaruationis
1624 832 1672 882 in
1699 832 1917 882 remediat

583 904 786 970 peccati.

639 976 708 1027 Ad
739 975 946 1040 quintum
984 975 1225 1026 dicendum
1242 1014 1255 1037 ‚
1283 975 1407 1041 quod
1439 975 1556 1026 nihil
1578 976 1792 1040 prohibet
1818 976 1917 1026 alici

576 1049 792 1100 effectum
807 1087 821 1109 ,
839 1047 913 1098 cui
938 1061 1033 1098 nou
1054 1048 1281 1099 revelatur
1312 1062 1472 1112 causa;
1504 1048 1655 1113 potuit
1679 1048 1822 1113 igitur
1839 1048 1917 1113 prii

577 1119 770 1171 revelari
793 1119 1129 1171 lucar-nationis
1158 1120 1446 1184 mysterium,
1488 1120 1588 1169 sine
1618 1122 1707 1171 hoo
1754 1120 1877 1183 quod

579 1192 704 1243 scius
729 1192 802 1243 sui
824 1205 993 1255 casus;
1020 1204 1113 1243 non
1133 1191 1258 1242 enim
1276 1192 1551 1257 quicumque
1578 1192 1818 1256 cognoscit
1847 1191 1917 1243 eff<

582 1262 737 1327 gnosit
756 1267 805 1314 et
824 1275 1025 1314 causam.

1170 1378 1492 1431 ARTICULUS
1522 1380 1600 1431 IV.

642 1507 812 1552 Utrum
838 1505 1156 1563 principalius
1190 1504 1370 1550 Christi
1414 1504 1689 1549 incarnatio
1712 1506 1856 1561 sacta
1886 1506 1917 1561 j

800 1570 1064 1615 tollendum
1086 1571 1326 1624 peccatum
1346 1567 1583 1624 oriyinale
1600 1580 1746 1625 quam
1768 1573 1917 1612 actua

650 1698 718 1749 Ad
747 1698 956 1760 quartum
983 1694 1051 1746 sic
1072 1697 1330 1761 proceditur
1359 1696 1448 1762 (3).
1466 1694 1653 1745 Videtur
1687 1694 1805 1758 quod
1829 1696 1917 1745 Deu

585 1770 679 1820 lius
713 1771 975 1818 incarnatus
1020 1766 1157 1818 suerit
1200 1768 1247 1818 in
1296 1767 1543 1817 remedium
1585 1766 1829 1816 actualium
1875 1781 1917 1831 [κ

587 1838 723 1904 quam
756 1838 804 1887 in
832 1839 1083 1888 remedium
1118 1838 1353 1901 originalis
1382 1836 1573 1901 peccati.
1601 1838 1780 1897 Quanto
1800 1836 1917 1887 enim

585 1915 656 1962 est
681 1910 891 1975 gravius,
920 1914 1049 1961 tanto
1085 1911 1231 1973 magis
1264 1911 1475 1960 humanae
1511 1909 1647 1959 saluti
1681 1909 1917 1960 adver-satu

586 1995 721 2046 quam
752 1983 871 2033 Deus
896 1985 967 2032 est
1001 1982 1279 2032 incarnatus.
1307 1982 1393 2031 Sed
1420 1985 1659 2045 peccatum
1692 1981 1873 2031 actuale
1900 1996 1917 2045 g

586 2067 720 2117 quam
747 2052 968 2116 originale
998 2058 1266 2117 peccatum3
1296 2052 1485 2102 minima
1513 2052 1637 2102 enim
1674 2064 1811 2115 poena
1837 2053 1917 2103 del]

586 2124 680 2175 nali
707 2128 919 2187 peccato,
943 2128 996 2173 ut
1028 2124 1309 2188 Augustinus
1346 2124 1454 2174 dicit
1474 2126 1630 2175 contra
1655 2123 1898 2173 lulianum.

585 2194 776 2259 cipalius
807 2196 1061 2246 incarnatio
1099 2195 1267 2245 Christi
1298 2195 1529 2245 ordinatur
1558 2195 1613 2245 ad
1644 2194 1917 2248 deletionem

586 2272 870 2332 peccatorum
887 2305 900 2327 ,
923 2280 1060 2331 quam
1094 2269 1150 2317 ad
1177 2266 1447 2317 deletionem
1478 2266 1711 2331 originalis
1738 2267 1917 2331 peccati

649 2343 698 2389 2.
728 2341 950 2389 Praeterea
968 2376 981 2399 ‚
1010 2342 1198 2402 peccato
1230 2337 1439 2401 originali
1475 2351 1569 2388 non
1604 2338 1794 2389 debetur
1832 2352 1917 2403 poei

588 2410 668 2460 sed
709 2409 854 2459 solum
888 2421 1025 2472 poeua
1058 2409 1236 2472 damni,
1263 2413 1316 2459 ut
1356 2410 1403 2458 in
1438 2410 1640 2460 secundo
1666 2409 1871 2460 habitum
1892 2422 1917 2461 e

658 2514 720 2581 (1)
753 2521 842 2564 Seu
868 2520 907 2563 Ι.
925 2523 1071 2576 part„
1100 2531 1181 2576 qu.
1200 2518 1287 2579 25,
1319 2525 1409 2565 art.
1431 2518 1480 2579 5,
1507 2525 1555 2565 et
1583 2532 1664 2576 qu.
1701 2517 1812 2579 105,
1843 2525 1914 2565 art

553 2576 567 2591 '
656 2586 820 2650 (2)·Ἐι
845 2591 1090 2648 Augustini
1115 2591 1405 2643 Euchirid„
1434 2602 1540 2647 cap.
1567 2589 1622 2635 11
1676 2586 1682 2588 ’

659 2658 722 2723 (3)
752 2662 879 2707 Idem
902 2663 1001 2718 111,
1027 2662 1136 2707 dist.
1158 2661 1193 2707 ‘1
1212 2696 1224 2719 ‚
1251 2675 1334 2719 qu.
1367 2661 1413 2719 1,
1438 2668 1526 2707 art.
1560 2662 1609 2719 2,
1638 2662 1695 2707 ad
1726 2662 1788 2717 6;
1820 2667 1869 2707 et
1896 2663 1917 2706 ί

591 2736 696 2781 cap.
721 2722 804 2776 18;
836 2730 884 2769 et
913 2725 1116 2783 opusc„
1140 2727 1232 2782 XI,
1254 2731 1342 2770 art.
1360 2725 1443 2779 2:3;
1478 2732 1526 2770 et
1559 2727 1762 2785 opusc„
1777 2726 1917 2771 XXXI

660 2792 705 2855 (4
757 2795 932 2851 Nempe
955 2796 1041 2839 lib.
1070 2796 1133 2839 11.
1164 2796 1319 2844 Sene..
1343 2796 1447 2841 dist.
1473 2794 1553 2855 33,
1584 2808 1664 2854 qu.
1704 2796 1753 2855 2,
1784 2801 1871 2843 art.
1915 2804 1917 2811 ·

590 2856 699 2911 plen
750 2868 804 2903 ao
831 2870 889 2903 ex
912 2857 1127 2915 professo
1156 2858 1393 2903 astruitur.
