1917 3317
238 158 271 200 nn
286 158 353 200 uooo
369 157 492 200 rasaroms
505 157 610 200 ommni.
777 153 825 204 880

33 235 102 300 nodi,
113 234 153 287 sed
165 234 239 288 dando
252 237 275 288 id
286 239 347 302 quod
357 237 401 288 tuit
410 238 544 302 marimum,
558 237 661 302 seipsum
676 235 774 302 seilicet,
784 254 824 304 pro

33 308 101 358 robis.
119 309 146 358 Et
164 307 216 360 ideo
229 311 307 374 passio
320 310 407 361 Christi
426 311 509 362 dicitur
526 323 577 361 esse
594 314 669 361 nostra
688 310 824 376 redemptio.

57 379 91 430 nd
112 381 211 443 primum
229 395 282 447 ergo
300 382 434 445 dicendum,
449 381 510 447 qubd
528 384 597 434 homo
618 382 699 432 dicitur
717 395 766 434 esse
784 385 825 434 bei

32 451 163 515 dupliciter:
176 453 225 502 Uno
239 453 321 518 modo,
336 454 361 502 irr
371 453 484 518 quantdm
497 451 615 518 subjicitur
630 454 738 518 potestati
758 455 822 520 ejus;

31 526 45 572 t
67 524 110 573 boc
126 523 194 573 modo
207 536 322 587 nunquam
339 526 408 576 bomo
421 524 490 576 desiit
503 525 544 576 Dei
554 538 618 588 esse,
633 524 758 576 secunddm
770 526 825 578 illud

31 594 135 651 boniet,
155 595 187 645 lV
205 610 211 643 z
229 595 393 647 «nommetur
412 598 516 648 excelsus
533 597 558 648 in
572 609 642 660 regno
656 596 789 660 bominum,
802 601 825 648 et

30 665 159 730 :uicumque
178 667 276 718 uoluerit
294 667 357 718 dabit
374 667 438 719 illud.
457 684 472 715 n
486 667 536 720 ntio
557 669 636 730 modo,
656 681 697 732 per
716 668 825 719 unionem

30 737 144 789 :baritatis
156 739 185 788 ad
205 752 274 804 euru,
288 738 413 790 secundini
424 741 484 804 qnod
500 739 583 790 dicitur
595 741 676 797 Rom„
686 739 735 790 Vlll
751 753 758 788 ε
773 737 825 788 «Si

29 808 76 871 puis
91 808 199 874 Spiritum
215 811 299 861 Christi
313 824 360 862 non
375 811 443 862 babet
450 849 459 876 ,
476 811 516 862 bio
531 814 625 862 nonest
642 811 701 875 ejus.
718 825 732 858 u
749 809 825 862 Primo

29 892 79 942 ergo
101 882 183 945 modo,
201 895 315 946 nunquam
333 884 402 934 bomo
422 883 490 933 desiit
505 895 556 934 esse
579 882 629 932 Dei.
648 882 751 934 Secumo
769 881 824 932 verb

29 952 110 1013 nodo,
128 952 197 1004 desiit
214 968 265 1006 esse
283 955 325 1005 bei
344 968 385 1018 per
403 957 531 1019 peecatum.
553 955 582 1004 nt
598 955 661 1016 ideo,
676 953 701 1004 in
713 954 823 1018 qnantum

28 1022 69 1072 uit
82 1037 95 1072 a
109 1029 202 1087 peccato
220 1025 344 1087 liberatus,
362 1026 455 1078 cbristo
473 1039 541 1090 passo
560 1025 727 1090 satisfaciente,
743 1026 824 1078 dicitur

27 1106 67 1144 rer
79 1095 208 1158 passionem
219 1097 304 1148 Christi
317 1111 366 1149 esse
375 1098 517 1162 redemptus.

54 1165 90 1215 nd
109 1167 234 1218 secundum
251 1167 385 1232 dicendum,
406 1167 467 1237 qubd
494 1171 562 1220 bomo
580 1169 694 1234 peccando
712 1168 843 1236 obligatus¹

26 1241 72 1288 erat
90 1237 138 1288 Deo
152 1244 176 1289 et
190 1239 288 1293 diabolo.
303 1239 416 1301 Quantim
434 1240 497 1290 enim
510 1242 536 1292 ad
549 1241 654 1306 culpam,
669 1239 740 1290 mum
752 1239 825 1292 odeu-

25 1311 103 1369 terat‚
113 1313 137 1360 et
151 1309 241 1362 diabolo
253 1325 277 1362 se
288 1312 430 1376 subdiderat,
445 1312 467 1364 ei
475 1311 635 1375 consentiens3
648 1311 722 1374 uude,
737 1310 823 1362 ratione

25 1381 112 1444 eulpa,
126 1395 172 1432 non
181 1387 229 1433 erat
243 1383 316 1435 iactos
328 1383 477 1446 servusdei,
496 1384 536 1436 sed
550 1383 627 1448 potius
639 1381 652 1433 d
666 1381 825 1434 beiserritutc

24 1453 153 1516 recedens,
164 1454 248 1506 diaboii
268 1456 400 1508 servitutem
412 1456 554 1519 incurrerat,
570 1457 616 1508 beo
626 1455 688 1519 juste
705 1455 750 1505 boc
769 1465 826 1518 per-

24 1525 145 1589 mittente,
158 1530 251 1591 propter
265 1527 374 1578 offensam
387 1527 412 1577 in
426 1541 451 1578 se
470 1529 624 1578 commissam.
638 1527 697 1589 Sed,
715 1523 825 1590 quentin

23 1599 50 1649 ud
68 1610 158 1659 poeuam
173 1597 327 1662 principaliter
337 1599 406 1650 bomo
419 1604 468 1650 erat
484 1600 530 1651 Deo
544 1600 656 1662 obligatus
672 1598 732 1649 sicut
742 1595 824 1661 judici,

23 1670 114 1720 diabolo
130 1675 207 1720 autem
224 1674 332 1734 tanquam
347 1669 435 1733 tortori,
449 1669 574 1722 secuuddm
591 1670 647 1720 iliud
666 1671 770 1726 Mattio..
786 1669 824 1718 V:

23 1758 37 1789 u
49 1741 86 1791 Ne
100 1740 158 1792 forte
172 1742 247 1792 tradat
263 1745 286 1792 te
300 1741 443 1791 adversarius
456 1745 510 1802 uuus
526 1741 615 1804 judici,
630 1745 654 1791 et
664 1741 737 1805 judex
751 1740 824 1790 tradat

23 1828 44 1864 ue
66 1812 168 1864 ministro
182 1813 215 1878 (id
229 1813 288 1878 est),
302 1814 388 1877 bugeio
406 1826 525 1878 poenarum
535 1814 659 1878 crudeli,o
675 1818 699 1863 ut
713 1813 824 1878 Cbrpsos-

23 1890 103 1936 tomus
117 1885 174 1935 dicit
191 1885 236 1951 (1).
246 1884 354 1945 Quamvis
364 1885 432 1950 igitur
445 1885 548 1936 diabolus
561 1885 660 1952 injuste,
675 1884 784 1949 quantiam
798 1885 823 1936 in

23 1958 78 2020 ipso
91 1960 148 2016 erat,
164 1955 279 2008 bominem
290 1970 332 2008 sua
344 1956 423 2008 fraude
442 1957 561 2021 deceptum
576 1957 618 2007 sub
632 1955 743 2008 servitute
755 1961 824 2006 tene-

23 2029 76 2088 ret,
91 2029 114 2077 et
127 2027 235 2090 montium
254 2030 282 2079 ad
300 2029 389 2092 culpam
407 2031 429 2078 et
443 2032 553 2092 quantum
572 2031 600 2080 ad
621 2040 724 2093 poenam,
734 2027 822 2091 justum

23 2105 105 2148 tamen
116 2102 164 2150 erat
176 2102 219 2152 boc
234 2101 350 2151 bominem
363 2101 428 2164 pati,
442 2101 488 2151 beo
501 2099 646 2166 permittente
658 2101 702 2150 boc
714 2099 824 2164 quantdm

23 2171 53 2221 ud
67 2169 172 2236 culpam,
184 2177 208 2223 et
225 2173 344 2224 ordinante
361 2171 472 2236 quantum
491 2174 519 2223 ad
540 2185 640 2236 poenam.
652 2173 680 2221 Et
698 2171 764 2235 ideo,
782 2183 823 2235 per

23 2245 157 2306 respectum
174 2245 295 2308 addeum,
303 2245 393 2308 justitia
403 2244 507 2308 erigebat
517 2243 578 2306 qudd
588 2244 656 2294 homo
668 2242 824 2306 redimeretur,

23 2328 75 2366 non
92 2319 177 2376 autem,
194 2329 235 2380 per
247 2320 375 2380 respectum
385 2318 413 2367 ad
423 2317 545 2367 diabolum,

60 2389 95 2438 bd
110 2389 203 2439 tertium
213 2390 332 2440 dicendum
342 2428 348 2451 ,
359 2389 419 2454 qubd
433 2390 487 2454 quia
496 2389 620 2453 redemptio
635 2389 789 2454 requirebatur
799 2389 828 2438 ad

23 2460 130 2514 bominis
144 2461 303 2513 liberationem
314 2473 356 2527 per
367 2465 497 2526 respectum
508 2462 536 2512 ad
550 2463 629 2523 Deum,
640 2475 687 2513 uon
698 2466 773 2511 annm
788 2473 830 2524 per

23 2537 157 2598 respectum
168 2533 196 2583 ad
211 2533 338 2596 diabolum,
352 2548 399 2586 nou
411 2536 461 2586 erat
473 2534 572 2598 pretium
581 2535 717 2587 solvendum
726 2531 829 2596 diabolo,

23 2607 71 2658 sed
85 2607 144 2656 beo.
158 2606 188 2655 Et
200 2605 252 2656 ideo
267 2605 373 2656 cbristus
386 2605 523 2669 sanguinem
536 2619 617 2670 suum,
632 2604 672 2670 qui
685 2608 720 2656 est
733 2603 833 2667 pretium

23 2681 115 2731 nostre
131 2676 294 2742 redemptionis
305 2715 312 2741 ,
323 2691 370 2730 nou
389 2677 471 2729 dicitur
485 2677 595 2730 obtulisse
608 2676 711 2740 diabolo,
726 2677 765 2726 sed
776 2677 832 2726 beo.

64 2831 97 2895 (1)
113 2833 164 2880 siue
185 2839 264 2880 auctor
276 2833 353 2893 operis
372 2831 501 2890 imperfecti
524 2831 569 2884 snb
583 2831 739 2891 Gbrpsostomi
753 2843 833 2878 emon-

23 2902 73 2948 tito
82 2895 176 2943 nomine
187 2931 194 2957 ,
205 2895 291 2944 Homil.
302 2897 343 2944 xl.
360 2896 384 2942 in
394 2895 479 2942 nouo.

697 2997 741 3050 bb*
