1917 3317
259 184 291 222 li!
304 182 363 224 vlu
379 183 592 224 contmurtvn.
801 178 844 226 18'

51 257 126 319 aprima
142 260 305 324 mntemplatio
324 262 361 312 ort
384 260 504 311 admiratio
521 262 663 326 majestatis3
677 264 776 315 wenedi
798 268 833 316 est

46 327 161 388 judiciorum
174 333 228 394 bei,
240 331 307 386 tertia
320 335 357 382 est
371 331 534 382 beneficiorum
547 333 633 395 ipsius3
641 337 720 397 quarta
729 339 764 384 est
779 348 831 399 pro·

47 399 156 450 nummu.
167 419 181 448 n
194 403 239 454 Sed
254 404 316 452 inter
331 404 384 454 haec
395 407 491 465 quatuor
499 404 572 454 solnm
582 404 679 467 primum
694 405 792 469 pertinet
803 409 832 458 nd

44 470 130 521 dininam
142 475 277 536 ueritatem,
289 475 335 524 alia
350 487 405 525 uero
416 475 459 526 tria
475 476 591 538 pertnent
602 477 631 526 ad
641 477 736 528 edemus
748 476 829 541 ipsius.

44 541 93 603 Ergo
103 544 146 596 rita
158 545 332 608 contemplativa
344 558 392 596 non
405 545 479 596 solum
493 547 599 598 consistit
612 547 637 598 in
650 548 831 602 consideratione

46 612 115 672 divine
129 618 245 679 veritatis,
259 616 383 670 sedetiam
404 617 428 668 in
449 619 629 671 consideratione
647 619 751 672 vertutis
767 622 830 672 circs

48 684 121 736 diuinos
131 689 230 741 electus.

73 762 91 805 ³-
104 761 363 826 cenomannensium
374 763 402 812 de
416 762 441 812 S.
456 763 547 814 Victore
562 761 620 825 (lib.
631 764 656 824 1,
669 765 706 814 De
720 767 833 814 condem-

43 828 107 891 plnt„
121 847 171 898 cap.
193 834 236 898 6),
253 834 373 897 distinguit
392 847 432 886 sex
454 835 585 899 species(l)
606 835 830 898 contemplationum.

42 901 126 957 Quarum
142 906 216 969 prima
237 909 275 956 est
288 923 302 953 ιι
320 906 447 956 secuudum
466 907 538 956 solam
555 907 754 970 imaginationem,
776 907 831 956 dum

41 975 164 1027 attendimus
183 991 221 1028 res
238 978 376 1042 corporales.
391 994 405 1026 u
421 979 525 1028 Secunda
542 982 618 1029 sutem
631 981 692 1030 ests
706 978 732 1028 in
743 977 829 1036 imagi-

40 1047 119 1098 ustione
130 1051 255 1102 oecnndnm
267 1049 392 1107 rationem,
403 1051 469 1113 prout
479 1050 565 1100 scilicet
574 1049 714 1101 sensibilium
726 1049 828 1101 ordinem

41 1120 60 1163 et
70 1118 234 1182 dispositionem
252 1121 432 1173 consideramus.
449 1138 462 1169 u
478 1121 555 1172 Tertia
568 1126 605 1172 est
623 1138 637 1169 ιι
650 1121 675 1171 in
688 1120 777 1170 ratione
791 1134 832 1170 se-

40 1190 125 1242 cundum
138 1192 342 1257 imaginationem,
357 1194 447 1256 quondo
460 1193 548 1243 scilieet
563 1205 603 1256 per
616 1192 781 1256 inspectionem
796 1204 851 1263 re·

41 1274 82 1308 rum
98 1262 221 1316 nisbilinm
238 1265 269 1315 ad
281 1264 407 1314 invisibilia
420 1265 573 1316 sublevamur.
588 1282 602 1312 ι)
614 1264 696 1322 Quarta
703 1267 786 1314 'antem
798 1267 834 1315 est

43 1348 54 1375 u
65 1331 85 1380 in
100 1336 183 1386 ratione
205 1337 334 1388 secundum
347 1335 470 1398 rationem,
482 1337 574 1400 qnando
587 1336 674 1386 scilicet
691 1335 781 1386 anirnus
794 1335 833 1384 in·

42 1406 101 1455 tendit
113 1407 269 1458 invisibilibus
284 1422 336 1471 quae
349 1407 483 1470 imaginatio
494 1422 541 1459 non
551 1407 624 1458 norit.
634 1423 648 1454 u
659 1407 742 1466 Quinta
757 1410 836 1456 autem

41 1481 90 1525 ests
102 1480 167 1544 snpra
181 1481 299 1534 rationem
310 1480 371 1544 (non
385 1483 460 1530 tamen
472 1479 554 1544 pistor
566 1479 690 1541 rationem)
700 1478 792 1542 qnando
804 1492 834 1530 ex

43 1547 104 1600 diuina
117 1552 258 1602 revelatione
273 1551 429 1614 cognoscimus
443 1565 471 1602 ea
485 1565 536 1615 qne
553 1552 649 1600 bumana
666 1550 753 1600 ratione
767 1563 833 1599 com·

43 1621 136 1679 prehendi
152 1637 200 1674 non
214 1625 349 1687 possunt.»
365 1622 435 1674 Serta
452 1627 529 1673 antem
543 1626 579 1672 est
593 1638 607 1669 ιι
623 1621 692 1684 suprir
700 1620 831 1682 rationem,

41 1694 59 1738 ct
73 1696 142 1752 umor
157 1693 286 1754 rationem,
302 1694 392 1756 qnando
411 1693 497 1744 scilicet
516 1707 546 1750 ex
567 1693 645 1744 diuina
661 1692 828 1744 illuminatione

39 1765 182 1824 cognoscimus
196 1779 227 1816 es
238 1779 293 1827 que
302 1767 407 1817 bnmann
417 1767 500 1816 rationi
509 1763 635 1830 repugnare
645 1765 758 1824 uidentur,
769 1763 831 1814 sient
873 1802 884 1829 0

39 1846 61 1880 ea
73 1837 236 1897 predicantur
251 1839 281 1888 de
292 1836 399 1900 mysterio
415 1837 539 1888 Trinitatis·
556 1836 625 1887 »Sed
639 1836 711 1886 solnm
725 1836 830 1886 ultimum

39 1905 116 1958 ridetur
134 1909 160 1959 ad
184 1909 292 1959 &vinam
309 1906 427 1958 veritatem
449 1908 571 1972 pertinere.
588 1908 647 1970 Ergo
669 1904 831 1969 contemplatio

38 1979 127 2030 ueritatis
141 1994 187 2030 uon
198 1981 277 2030 solnm
287 1979 381 2042 respicit
391 1979 490 2030 divinam
500 1979 635 2040 uentatem,
647 1979 687 2028 sed
701 1977 770 2027 etiam
780 1989 831 2027 eam

39 2050 114 2108 quein
127 2051 240 2102 creaturis
253 2050 419 2101 consideratur.

65 2123 84 2172 ι.
103 2122 230 2185 Praeterea,
249 2121 277 2172 in
294 2121 343 2170 vita
358 2121 533 2185 connmplatira
545 2121 655 2184 quaentur
675 2119 831 2183 contemplatio
858 2152 863 2163 -

40 2192 139 2256 renutu,
151 2194 175 2244 in
193 2197 309 2256 quantum
320 2194 356 2242 est
370 2193 479 2255 perlectio
493 2191 600 2243 bominis.
613 2192 657 2242 Sed
670 2190 778 2254 qnalibet
791 2204 831 2240 re·

42 2262 86 2311 ritas
97 2268 130 2315 est
143 2265 257 2330 perfectio
277 2263 373 2312 numani
388 2263 524 2314 intellectis.
545 2265 604 2327 Ergo
621 2265 645 2313 in
661 2262 761 2326 qnalibet
773 2275 832 2312 con-

43 2337 173 2399 supensus
189 2337 298 2389 ueritatis
311 2336 414 2386 consistit
429 2339 476 2388 vita
490 2336 675 2400 contemplativa.

68 2407 103 2458 Sed
115 2412 257 2468 enutrirent,
270 2407 333 2470 qnod
347 2407 466 2472 Gregorius
477 2409 532 2458 dicit
543 2407 569 2460 in
583 2408 620 2459 Vl.
636 2407 728 2457 dierat.
739 2407 784 2472 (nt
793 2421 832 2458 su-

50 2474 97 2560 llll²
107 2481 165 2545 qnbd
182 2497 197 2528 ιι
215 2479 242 2530 in
256 2480 449 2542 contemplatione
469 2479 619 2544 principium,
630 2480 690 2543 qsrod
702 2479 762 2528 oeus
781 2483 831 2542 est,

47 2556 221 2680 offirmo.
230 2619 348 2672 -Primd
363 2625 386 2673 et
401 2622 557 2687 principaliter
567 2622 649 2673 dirinae
663 2620 767 2672 sericatis
776 2633 832 2670 rou·

73 2779 98 2839 (ll
112 2788 153 2832 Vel
174 2799 222 2832 rem
238 2799 346 2844 umora,
360 2791 386 2831 ut
398 2789 514 2846 appellat,
527 2789 568 2833 sed
577 2788 602 2832 in
617 2787 722 2832 eumdem
739 2797 832 2830 sursum

50 2853 106 2894 leons
119 2850 258 2908 accipiendo
278 2862 321 2908 pro
336 2851 427 2909 speeie,
439 2857 465 2896 ut
484 2852 508 2896 iu
528 2851 657 2896 bosemont
675 2849 832 2896 locutionibus

54 2915 168 2960 llborretum
184 2920 238 2974 est,
253 2913 365 2975 stupauld
381 2914 486 2972 superius
497 2919 603 2973 usurpat.
