1917 3317
524 128 614 173 ἣτε
915 133 1038 172 rans
1068 129 1151 184 m,
1185 134 1372 179 Qum.
1406 136 1494 185 m,
1527 135 1642 172 aar.
1678 137 1730 176 v.

524 213 635 260 Tres
658 207 781 258 enim
806 220 1016 271 personae
1056 207 1262 257 fecerunt
1292 211 1345 256 ut
1370 208 1574 257 humana
1609 211 1771 258 natura
1804 205 1917 257 uni:

524 294 730 345 personat
757 280 878 329 Filii.

588 353 653 402 Ad
675 352 868 416 primum
888 364 996 413 ergo
1014 351 1256 401 dicendum
1269 388 1284 412 ,
1312 351 1432 413 quod
1451 350 1566 401 ratio
1588 352 1668 402 illa
1696 352 1915 416 procedit

524 424 833 485 operationis3
861 427 907 472 et
933 428 1196 485 sequeretur
1222 424 1484 485 conclusio,
1514 423 1554 473 si
1583 424 1728 473 solam
1756 424 1894 475 illam

528 508 629 545 nem
653 496 914 558 importaret
941 495 1109 556 absque
1129 494 1325 544 termino
1347 531 1358 552 ,
1376 495 1453 555 qui
1474 498 1548 543 est
1575 508 1794 557 persona.

588 568 656 616 Ad
675 568 919 616 secundum
942 566 1184 614 dicendum
1199 603 1213 626 ,
1242 565 1363 628 quod
1387 570 1547 614 natura
1569 566 1734 616 dicitur
1764 570 1917 618 incar

528 644 606 689 cat
625 643 671 689 et
692 654 974 697 assumetur,
994 638 1169 686 ratione
1190 651 1395 701 personae
1422 639 1476 686 ad
1505 652 1642 701 quam
1667 641 1917 691 terminata

535 713 670 773 [sieut
690 711 861 760 dictum
883 714 1000 769 est),
1029 723 1120 759 non
1150 714 1301 758 autem
1327 713 1465 772 prout
1481 714 1555 759 est
1578 712 1844 762 eommunis
1869 717 1917 763 tr

532 781 666 830 arnis.
700 782 870 830 Dicitur
887 785 1040 830 autem
1064 784 1160 830 tota
1177 785 1338 829 natura
1356 781 1514 830 divina
1536 782 1774 833 incarnata
1789 822 1803 843 ,
1827 797 1917 834 nor

532 857 761 902 incarnata
785 854 832 902 in
858 854 1071 903 omnibus
1086 853 1323 916 per-soum,
1347 854 1428 902 sed
1447 854 1554 916 quia
1575 854 1691 903 nihil
1714 855 1850 905 deest
1887 857 1917 907 d

536 929 652 974 tinne
685 925 848 973 divinae
876 931 1050 974 naturae
1082 939 1285 987 persona:
1309 924 1575 974 incarnatae.

595 997 664 1044 Ad
691 996 871 1045 tertium
903 996 1142 1044 dicendum
1160 1034 1174 1055 ‚
1205 994 1326 1057 quod
1354 996 1605 1059 assumptio
1632 1010 1738 1059 quae
1775 998 1831 1047 fit
1852 1013 1917 1063 pe

536 1081 556 1113 a
568 1066 808 1129 domionis,
820 1067 1090 1116 terminatur
1109 1067 1166 1115 ad
1182 1068 1423 1129 quamdam
1441 1067 1854 1131 participationem
1885 1071 1915 1119 d

539 1145 663 1200 tnrae,
693 1137 939 1187 secundum
967 1138 1208 1201 quamdam
1237 1138 1612 1188 assimilationem
1637 1140 1695 1189 ad
1726 1140 1917 1191 bonitai

540 1209 785 1259 secundum
804 1210 911 1258 iilud
929 1211 987 1258 ΙΙ.
1006 1212 1199 1265 Peri-„l
1218 1225 1230 1259 t
1254 1211 1350 1259 «Ut
1364 1211 1533 1260 divinae
1547 1216 1791 1262 consortes
1804 1217 1917 1263 natu

540 1285 593 1330 Et
630 1280 733 1330 ideo
767 1282 1032 1343 hujusmodi
1060 1282 1309 1345 assumptio
1343 1282 1599 1331 communis
1624 1286 1698 1331 est
1729 1283 1891 1335 tribus

540 1357 584 1401 et
610 1366 668 1402 ex
693 1357 822 1415 parte
850 1353 1064 1417 principii
1098 1359 1147 1403 et
1171 1366 1230 1403 ex
1254 1359 1383 1418 parte
1411 1354 1614 1404 termini.
1636 1354 1728 1404 Sed
1766 1369 1917 1406 assun

540 1428 611 1474 eat
632 1438 713 1487 per
731 1425 920 1487 gratiam
944 1425 1159 1489 unionis,
1183 1430 1254 1475 est
1273 1426 1531 1475 communis
1558 1438 1618 1475 ex
1634 1430 1769 1489 parte
1796 1427 1917 1491 prim

540 1501 690 1547 autem
710 1510 768 1548 ex
787 1501 913 1561 parte
932 1500 1118 1548 termini
1138 1537 1151 1562 ,
1176 1502 1227 1547 ut-
1252 1497 1422 1547 dictum
1443 1503 1513 1549 est
1541 1497 1658 1562 (art.
1682 1498 1766 1560 2).

1140 1673 1469 1725 ARTICULUS
1496 1673 1550 1721 V.

556 1794 724 1838 Utrum
743 1794 963 1850 quolibet
988 1806 1189 1850 persona
1208 1794 1373 1837 divina
1394 1791 1605 1848 potuerit
1627 1792 1914 1840 humanam

1210 1869 1465 1901 assumere.

607 1981 673 2029 Ad
694 1979 901 2042 quintum
926 1979 994 2029 sic
1014 1979 1272 2042 proceditur
1292 1978 1380 2042 (1).
1410 1977 1600 2027 Videtur
1625 1976 1753 2040 quod
1783 1980 1917 2032 nulla

548 2067 654 2102 sona
673 2052 828 2101 divina
846 2052 1046 2115 potuerit
1066 2053 1308 2100 humanam
1329 2056 1533 2099 naturam
1561 2063 1797 2100 assumere
1819 2090 1836 2112 ‚
1857 2067 1917 2116 pr

551 2137 706 2173 sonam
746 2123 865 2171 Filii.
902 2124 989 2173 Per
1015 2123 1278 2185 hujusmodi
1312 2122 1434 2171 enim
1470 2119 1842 2185 assumptionem
1877 2123 1917 2173 fa

548 2196 667 2261 quod
692 2198 812 2245 Deus
850 2196 911 2244 sit
942 2196 1085 2244 Filius
1123 2194 1339 2244 hominis.
1376 2194 1464 2243 Sed
1500 2192 1843 2243 inconveniens
1878 2209 1917 2245 e:

548 2281 647 2318 esse
676 2268 837 2317 Filium
861 2267 1058 2316 hominis
1083 2267 1349 2315 conveniret
1374 2265 1501 2313 Patri
1527 2265 1600 2314 vel
1624 2263 1824 2327 Spiritui
1844 2280 1917 2317 sai

548 2341 671 2390 euim
706 2344 913 2401 vergeret
944 2338 995 2386 in
1024 2337 1340 2388 confusionem
1380 2337 1638 2386 divinarum
1679 2350 1916 2399 personat

552 2413 684 2461 Pater
711 2411 785 2460 vel
811 2410 1007 2475 Spiritus
1037 2414 1219 2458 sauctus
1244 2422 1428 2458 carnem
1456 2421 1688 2458 assumere
1724 2421 1824 2458 non
1852 2424 1917 2473 po

611 2486 659 2530 2.
701 2483 959 2542 Praeterea,
990 2494 1070 2544 per
1103 2481 1471 2530 lucarnationem
1510 2478 1715 2528 divinam
1734 2517 1750 2543 ,
1777 2480 1917 2530 homi

552 2554 642 2602 nuti
673 2557 780 2601 sunt
813 2554 1100 2616 adoptionem
1124 2550 1347 2610 filiorum,
1377 2548 1626 2600 secundum
1657 2549 1773 2599 iilud
1803 2552 1917 2600 Ron

556 2641 580 2669 a
607 2624 708 2673 Non
741 2622 982 2687 accepistis
1003 2622 1207 2686 spiritum
1231 2622 1465 2671 servitutis
1489 2621 1654 2669 iterum
1673 2619 1724 2669 in
1746 2620 1917 2673 timore

556 2697 689 2746 ritum
707 2694 964 2759 adoptionis
985 2693 1178 2743 filiorum
1199 2693 1288 2757 (2).
1324 2709 1353 2740 υ
1381 2693 1471 2743 Sed
1498 2690 1656 2741 filiatio
1674 2691 1899 2757 adoptiva

620 2803 687 2866 (1)
717 2807 782 2849 De
806 2803 878 2848 his
903 2802 1043 2847 etiam
1070 2802 1155 2856 ΠΙ,
1181 2800 1338 2849 Sem..
1365 2800 1474 2845 dist.
1498 2798 1544 2857 1,
1572 2812 1655 2857 qu.
1677 2798 1729 2857 2,
1759 2807 1853 2846 art.
1876 2801 1908 2846 3

622 2874 685 2936 (2)
712 2875 801 2920 Vel
836 2875 901 2919 ad
944 2874 1127 2922 Galat„
1154 2874 1250 2930 IV,
1283 2872 1545 2929 expressius
1572 2889 1585 2915 ι
1622 2870 1760 2917 Misit
1805 2874 1917 2920 Deu
