1917 3317
166 173 353 221 permenius
369 174 492 222 ressensis
505 180 614 225 cnrnrr.
742 166 787 225 stt

43 257 158 318 esmndeo
170 257 307 322 dicendum,
321 258 382 324 quod
395 260 472 325 passio
486 260 569 312 curisti
581 265 618 312 est
629 274 698 313 unsa
708 276 789 315 recen

44 326 109 379 tionis
123 332 212 381 nostre
225 330 254 380 ad
266 330 338 381 Deum
349 331 483 395 dupliciter:
492 332 543 383 lino
554 332 630 395 modo,
639 334 666 382 in
678 338 788 397 quntum

42 404 88 449 oret
108 404 245 465 peceatum,
257 414 298 466 per
316 405 376 466 quod
398 402 503 454 homiues
518 404 687 455 constituuntur
702 405 792 456 inimici

60 470 189 521 secundum
204 471 261 522 illud
280 474 351 537 Sap„
367 474 437 524 iiiii:
454 474 590 525 «Similiter
605 474 658 526 odio
673 479 727 525 sunt
742 476 791 527 deo

46 556 71 591 us
84 546 107 593 et
119 543 229 608 impietas
243 545 335 609 ejus3e
349 550 373 596 et
384 545 408 596 iu
423 545 517 595 Psutm.
529 546 559 595 Vl
578 546 698 627 :prodisti
711 558 792 598 omues

42 618 166 676 operantur
175 614 327 679 iniquitatem.
340 632 353 664 o
369 616 511 681 diomede,
523 617 667 682 inquantum
676 621 712 669 est
721 618 790 669 secri-

43 698 77 743 rn,
93 686 142 737 lieo
159 686 343 751 acceptissimum
360 692 403 739 est.
419 688 460 739 use
475 688 538 739 enim
557 690 601 739 troc
612 686 704 753 proprie
721 688 791 739 sacri-

49 757 163 818 ellectns,
178 758 204 807 ut
216 770 257 821 per
266 757 341 823 ipsum
352 758 452 823 placetur
466 758 543 824 Deus3
557 758 618 809 sieut
635 758 703 809 eliam
720 761 790 811 durno

42 841 97 877 isam
109 830 135 877 in
148 840 174 879 se
188 828 332 881 commissam
346 829 441 881 remittit
453 833 546 895 propter
556 830 646 895 aliquod
656 830 789 894 obsequium

42 904 121 961 plum,
141 901 203 963 quod
217 898 239 951 ei
252 900 380 952 exhibetur.
397 900 462 953 Unde
478 901 560 951 dicitur
571 902 590 952 l.
605 903 674 966 llep„
692 902 763 953 xxti
780 916 787 951 ε

51 971 161 1021 dominns
170 970 252 1021 incitat
265 976 288 1023 le
302 970 421 1023 adversim
434 984 472 1023 me
482 1010 488 1033 ,
498 971 605 1023 odorem
614 972 759 1023 sacdficium.
773 985 788 1020 e

41 1042 239 1105 mittendarium
248 1044 333 1095 bunum
342 1044 385 1094 init
394 1042 700 1109 quddclnistusucinutarit
708 1056 789 1109 passus

50 1114 108 1176 qudd
127 1118 222 1179 propter
240 1116 285 1165 hoc
297 1115 382 1166 honour
401 1114 425 1165 iu
441 1119 523 1165 natura
540 1116 641 1165 humana
655 1115 787 1180 inventum,

61 1186 168 1247 placatus
186 1188 301 1249 estsuper
312 1186 375 1236 omui
388 1186 475 1237 offensa
489 1184 579 1249 generis
591 1185 685 1234 humani
691 1222 700 1248 ,
713 1194 788 1249 quau-

50 1258 77 1305 ad
91 1270 135 1308 eos
149 1257 190 1320 qui
200 1256 293 1308 Christe
303 1270 371 1323 passu
385 1258 555 1322 conjunguntur
564 1254 688 1307 sccunddnr
698 1258 789 1307 modum

39 1341 143 1378 nissum.

41 1400 52 1447 d
67 1400 170 1463 primunr
179 1412 233 1464 erpo
248 1399 377 1464 dicendum,
391 1399 452 1464 qudd
465 1400 525 1451 Deus
537 1398 612 1463 diligit
623 1410 703 1450 omnes
711 1399 791 1450 tremi-

51 1476 163 1535 quanlnm
180 1473 209 1523 ad
227 1476 346 1536 naturam,
357 1486 424 1536 quam
445 1473 495 1538 ipse
513 1472 577 1524 tecit.
592 1473 645 1523 Odit
658 1476 735 1523 tamen
751 1485 792 1523 cos

38 1548 98 1593 olum
117 1544 149 1594 ad
163 1544 267 1607 cudpam,
281 1556 349 1608 piram
363 1546 441 1595 contra
455 1556 507 1595 enm
518 1543 621 1594 homiues
632 1544 790 1604 committunt,

37 1614 116 1664 inddur
128 1612 188 1665 illud
199 1613 305 1672 decies„
320 1614 378 1665 illl:
394 1613 549 1665 «ditissimus
565 1613 617 1665 odic
627 1614 696 1665 habet
705 1626 791 1679 pecca·

39 1700 58 1733 S.
68 1702 82 1733 tt

37 1758 53 1805 d
71 1756 201 1808 secuudum
219 1754 357 1819 dicendum,
368 1755 428 1821 quod
446 1736 530 1821 passio
541 1755 627 1807 trunti
648 1769 694 1807 non
708 1756 792 1808 dicitnr

37 1832 102 1878 olum
112 1828 141 1877 ad
153 1828 195 1879 hcc
204 1826 249 1878 ileo
260 1840 301 1879 nos
311 1826 480 1889 reconciliasse,
489 1826 549 1891 qudd
557 1827 585 1878 de
595 1840 654 1878 nevo
663 1840 705 1879 nos
713 1840 789 1879 amare

38 1902 114 1961 peret,
126 1896 179 1947 edm
192 1897 299 1962 seriptum
308 1898 338 1949 sit
350 1900 453 1955 ierem„
465 1898 526 1948 XXX
537 1913 544 1947 ε
561 1898 610 1947 clu
618 1898 729 1948 charitate
737 1910 790 1963 per-

37 1984 57 2019 ra
74 1970 149 2021 dilexi
164 1973 202 2027 tce
215 1986 229 2017 o
242 1970 283 2020 sed
292 1970 345 2033 quie
355 1982 398 2034 per
411 1970 541 2033 passionem
555 1968 640 2019 Christi
650 1967 737 2020 mbiata
752 1972 790 2020 est

47 2054 135 2104 causa,
147 2044 196 2091 turn
205 2054 247 2105 per
255 2041 390 2092 ablationem
404 2040 507 2107 peccati,
517 2045 566 2091 tum
578 2054 619 2105 per
627 2049 788 2106 recompensa-

37 2126 76 2162 onu
96 2110 277 2176 acceptabilioris
290 2112 403 2164 beneficii.

37 2186 55 2233 oi
72 2184 167 2235 tertium
180 2182 316 2248 dicendum,
325 2184 385 2247 qudd
396 2184 455 2234 sicut
468 2183 580 2235 occisores
591 2182 676 2235 Christ
685 2184 790 2234 homiues

37 2260 102 2320 unt,
117 2255 151 2307 ita
173 2258 197 2306 el
215 2255 321 2307 Christus
337 2255 433 2307 occisus.
452 2256 524 2319 llejor
536 2260 612 2305 eutem
631 2255 675 2306 tuit
692 2254 797 2305 chartas·

37 2328 77 2376 isti
96 2326 205 2392 patientis
225 2326 292 2391 quim
315 2324 426 2391 iniquitas
444 2327 584 2390 censorum
600 2331 623 2378 et
644 2327 696 2378 ideo
715 2326 793 2391 passio

37 2400 79 2448 isli
100 2396 176 2463 magis
197 2398 270 2449 valuit
286 2398 314 2449 ad
331 2398 524 2449 reconciliandum
542 2398 614 2449 ileum
633 2400 677 2450 toti
692 2398 794 2449 hnmano

37 2472 73 2521 ,eri
89 2471 161 2536 quam
176 2470 205 2523 ad
217 2472 387 2537 provocandum
400 2470 428 2521 ad
442 2470 510 2521 uam.
