1917 3317
260 182 292 219 aa
306 182 452 221 narranaam
466 184 570 224 uniam.
772 176 820 227 tlt

40 255 78 304 iiiii
91 256 198 307 nmnrali.
209 257 284 309 Secus
294 263 372 309 autem
383 263 454 322 esset,
469 261 490 310 'si
503 265 565 311 esset
578 263 644 325 pater
657 261 726 311 unias
743 276 816 324 gene·

44 328 96 378 none
108 329 223 392 naturali,
237 334 261 380 et
269 330 361 381 alterim
371 345 412 394 per
421 330 575 394 adoptionem.
585 331 731 381 Manifestum
740 336 819 385 autem

40 405 50 445 t
62 400 118 462 quilii
135 414 182 449 nou
201 402 250 451 unt
266 407 289 452 et
306 402 386 452 etalem
400 403 520 453 nativitate
534 403 637 453 Christus
658 408 694 455 est
708 409 776 455 uatus
788 418 820 455 ex

40 476 77 519 iile
89 472 118 520 atr
135 475 223 523 aeterrm
233 512 240 533 ,
251 477 276 524 et
289 488 318 524 er
337 478 407 523 matre
421 489 450 525 ex
465 478 583 538 tempore,
599 488 641 525 uec
663 475 769 526 nativitas
782 478 819 527 est

41 543 79 590 ius
96 543 194 607 speciei.
221 545 285 594 Unde
306 550 418 609 quautmn
442 548 471 596 ad
498 548 541 596 hoo
561 551 676 610 oporteret
696 546 773 597 dicere
792 548 818 599 in

40 615 100 663 nisio
119 628 173 665 esse
192 616 299 666 divorsas
313 617 446 680 filiationes,
462 632 532 667 unam
548 618 695 682 temporalem
710 621 733 668 et
749 619 818 669 aliana

40 695 127 735 cernam.
147 686 194 735 Sed
211 686 266 749 quia
287 688 415 748 subjectum
434 688 550 739 filiationis
564 702 610 739 nou
628 693 664 741 est
683 694 764 739 natura
778 693 819 741 aut

40 768 168 820 trinutum,
183 759 224 808 sed
236 756 310 807 solium
320 772 418 822 persona
427 760 464 809 vel
475 760 617 825 hypostasis,
630 760 654 809 in
669 760 763 811 Christo
775 773 819 809 an-

42 841 58 872 n
72 842 113 877 non
130 833 169 879 cst
183 830 315 893 hypostasis
327 832 364 880 vel
382 845 496 894 persona,
509 832 553 881 uisi
568 837 666 896 eterna,
678 846 725 883 nou
740 836 819 897 potest

52 901 136 953 Christo
150 914 207 951 esse
217 901 396 963 aliquantulo,
406 904 508 967 nisique
519 904 583 954 sitin
596 904 713 968 hypostasi
721 908 816 955 aterna.

49 972 86 1019 nis
104 974 187 1022 autem
211 972 292 1022 relatio
312 987 363 1037 qnae
380 988 411 1023 ex
431 979 533 1039 tompore
551 976 579 1025 do
601 976 646 1025 ileo
666 975 756 1036 dicitur,
772 987 818 1025 nou

41 1042 72 1088 nit
84 1043 174 1108 inipso
189 1043 238 1093 ileo
250 1048 338 1094 aeterno
350 1045 435 1108 aliquid
452 1046 577 1096 secundnm
593 1059 658 1108 rem,
676 1047 717 1097 sed
731 1059 819 1096 secuu-

45 1128 61 1160 ἰι
74 1115 188 1165 rationem
203 1114 307 1176 urtam,
324 1114 385 1164 siout
405 1115 430 1166 in
445 1118 464 1166 l.
479 1120 538 1180 part.
555 1117 586 1177 (l)
603 1117 705 1167 habitum
721 1120 764 1167 est.
786 1118 816 1167 lit

40 1198 61 1232 »so
83 1187 163 1237 tiliatio
184 1199 231 1249 qua
250 1186 357 1236 Christus
379 1188 477 1238 retertur
494 1188 522 1238 ad
544 1189 654 1249 Matrem,
675 1200 722 1237 non
740 1191 819 1251 potest

42 1269 61 1303 sc
78 1256 146 1307 realis
171 1256 271 1319 relatio,
292 1258 333 1307 scd
354 1256 427 1307 solium
449 1257 574 1309 secantium
594 1259 714 1309 rationem.
738 1258 767 1307 Et
784 1258 818 1309 sio

46 1333 114 1377 'rutum
126 1329 157 1377 ad
172 1328 261 1391 aliquid
275 1331 371 1392 utraque
384 1330 462 1392 opinio
473 1343 552 1380 verum
564 1328 631 1379 dicit:
643 1342 695 1379 uam
708 1328 728 1378 si
744 1332 818 1379 ahan-

50 1412 85 1447 nns
96 1400 126 1448 ad
136 1399 257 1463 periectas
266 1400 368 1449 rationes
378 1399 502 1463 filiationis,
513 1403 602 1463 oportet
612 1399 685 1449 dicere
695 1400 752 1449 dnae
761 1400 818 1451 tilia-

46 1483 86 1531 πε,
98 1468 231 1520 secontiam
242 1469 377 1520 dualitatem
386 1470 530 1521 nativitatum
540 1485 547 1531 3
559 1469 580 1519 si
589 1475 665 1519 autem
674 1470 817 1520 attendamus

53 1542 180 1605 subjectum
195 1541 322 1603 filiationis,
332 1544 393 1605 quod
407 1556 452 1594 non
463 1545 539 1606 potest
553 1554 604 1592 esse
617 1540 662 1589 nisi
673 1540 818 1604 suppositum

55 1627 128 1677 inum,
138 1627 188 1665 non
201 1617 277 1677 potest
286 1614 311 1664 in
322 1613 414 1664 Christo
422 1627 472 1664 esse
482 1612 573 1663 realiter
584 1612 628 1663 nisi
636 1611 714 1663 filiatio
722 1616 817 1661 aeterna.

50 1689 86 1731 tur
98 1689 182 1735 tamen
195 1682 291 1734 relative
303 1683 365 1734 hlius
379 1685 407 1734 ad
421 1688 527 1747 matrem,
538 1684 647 1733 relatione
662 1696 712 1745 que
721 1682 818 1733 cointel-

51 1761 80 1803 tur
95 1755 208 1807 relationi
223 1755 376 1806 maternitatis
395 1758 423 1805 ad
437 1756 553 1807 Christum
565 1771 572 1818 ;
586 1756 647 1805 sicut
666 1755 734 1805 etiam
755 1754 816 1805 Deus

48 1825 85 1875 itur
99 1828 251 1886 Dominus,
264 1827 377 1876 relatione
395 1840 447 1891 que
465 1826 629 1889 cointelligitur
642 1824 698 1875 reali
711 1824 818 1875 relationi

48 1911 54 1941 r
69 1903 176 1947 creatura
191 1897 314 1961 suhjinitm
327 1898 388 1961 ileo3
406 1901 429 1947 et
442 1896 547 1961 quamvis
560 1896 641 1947 relatio
655 1895 751 1947 dominii
771 1908 819 1947 non

55 1968 116 2019 realis
135 1970 164 2019 in
178 1969 244 2029 ileo,
259 1968 343 2019 dicitur
361 1971 439 2018 tamen
458 1968 549 2019 realiter
560 1968 703 2023 Dominus,
719 1981 747 2019 ex
763 1966 821 2017 reali

51 2040 147 2094 tatione
169 2043 283 2089 creaturas
300 2040 330 2089 acl
344 2040 429 2102 ipsum.
444 2040 473 2088 Et
488 2038 594 2089 simililer
608 2038 715 2087 Christus
733 2036 819 2089 dicitur

51 2122 95 2160 ‚iter
111 2113 180 2162 illins
198 2110 301 2173 Virginis
315 2110 409 2173 mauis,
427 2124 457 2161 ex
472 2112 581 2165 relatione
593 2110 649 2161 reali
663 2109 819 2161 maternitatis

51 2182 177 2236 christum.

49 2255 71 2301 tl
85 2256 188 2317 primum
202 2254 409 2318 engotismam,
423 2253 485 2316 until
502 2252 610 2305 nativitas
622 2252 752 2317 temporalis
761 2265 818 2301 cau-

50 2331 66 2372 .-t
80 2327 105 2375 in
120 2326 221 2377 Ghrmto
239 2325 389 2389 temporalem
407 2324 541 2374 filiationem
555 2323 654 2387 realem,
673 2322 768 2375 sieaeet
785 2322 819 2373 iot

53 2458 69 2512 ll
84 2464 173 2515 Quaest.
197 2459 243 2518 13,
258 2466 303 2505 art.
321 2459 352 2517 7,
365 2472 395 2505 ex
410 2460 532 2517 professo,
550 2458 590 2504 ubi
603 2459 713 2515 quaritur
735 2458 814 2503 utrum

50 2524 97 2568 rina
111 2536 167 2580 quae
182 2524 313 2579 important
323 2522 459 2567 relationem
474 2522 503 2566 ad
514 2528 648 2578 creaturas,
663 2522 769 2567 dicantur
783 2532 813 2565 ex

49 2598 103 2639 pore
113 2589 144 2631 ile
154 2589 220 2642 lieo,
230 2592 255 2630 et
264 2584 409 2630 concluditur
420 2584 482 2641 quod
490 2584 523 2628 sic
533 2596 561 2628 au
575 2584 705 2639 exemptum
716 2582 814 2628 affertur

57 2649 156 2694 nomime
183 2648 303 2698 Domini,
317 2660 346 2692 cx
366 2647 511 2705 Augustino,
527 2646 568 2691 lib.
587 2647 630 2690 tv.
650 2646 684 2689 De
709 2644 813 2692 Trintt„

43 2720 61 2749 u.
71 2709 111 2763 to.
120 2712 165 2756 ubi
180 2711 217 2756 sic
229 2711 263 2755 ait
273 2726 280 2753 z
292 2710 321 2755 si
334 2720 386 2753 avon
399 2708 496 2753 dicitvr
510 2709 627 2754 hominus
638 2709 690 2752 vviri
702 2708 757 2751 cum
769 2706 813 2749 in·

40 2773 67 2821 „ir
88 2773 179 2819 natm
201 2785 319 2821 sernum,
336 2771 410 2815 etium
432 2773 480 2815 isia
497 2771 630 2827 appretiatio
653 2770 757 2813 relation
780 2776 813 2811 w

48 2842 156 2887 ponem
172 2836 239 2889 Deo;
254 2847 306 2879 rvorv
320 2834 388 2879 enim
402 2834 551 2892 sempiterne
563 2836 596 2878 est
610 2835 724 2877 ereatura
737 2830 812 2885 oreiam

40 2911 42 2933 i
56 2899 92 2943 iiie
104 2899 244 2949 dominos,
259 2900 304 2943 etc.
