1917 3317
132 172 163 209 os
178 171 366 211 summanus
381 171 555 211 suornm
571 174 597 210 m
613 172 726 211 onusto.
785 166 832 214 tot

45 249 110 309 lysios
119 245 181 299 ioll.
196 260 249 313 esp.
263 248 301 297 De
315 248 368 298 dio.
383 250 506 299 Nomio..-
519 265 535 298 a
549 249 640 299 llisorta
651 253 729 300 autum
744 252 781 301 ast
792 250 833 303 lto-

58 318 162 381 'yulssima
175 332 229 383 arga
240 333 285 371 nos
293 319 336 370 llti
348 319 451 385 operalio
459 358 466 381 ‚
475 334 518 383 por
526 322 571 371 hoo
581 320 642 384 qudd
653 321 779 372 uruuduu
789 334 833 374 nos

53 390 226 455 iuohisiutogrd
235 390 335 455 rmdquo
345 392 497 441 humanatum
504 396 540 443 est
548 392 649 443 Verbum
657 393 835 456 supersubstan-

49 464 96 524 ule‚
109 466 259 527 stuperatum
268 466 293 513 et
306 475 399 525 passum
412 476 562 527 quacumque
574 464 680 514 humana
688 469 739 527 ojus
745 465 833 518 dirius

58 535 152 586 urationi
169 538 316 597 oongmunt3
330 550 344 580 u
358 533 399 583 uhi
411 546 480 583 uuam
496 535 653 598 operationem
671 537 775 588 nominat
789 539 835 588 tu-

55 623 127 656 uruum
140 610 162 657 el
172 606 302 663 diuinum,
314 619 367 669 quu
376 605 402 654 in
411 618 483 669 groco
492 606 577 656 dicitur
588 606 752 665 tlreuodrira,
762 608 787 659 id
796 613 834 662 ast

56 682 79 723 ¹:2¹
96 676 191 727 uirilis.
207 677 304 727 Videtur
324 676 394 739 igitar
413 689 464 727 essa
484 690 531 727 uno
549 678 651 741 operatio
665 677 792 743 composita
808 682 834 731 in

61 750 124 799 rislo.

64 825 83 868 1.
97 823 226 883 Platorem
242 818 377 884 prludpalls
387 819 475 883 agents
487 824 512 870 ot
522 820 670 871 instrumenti
679 825 716 872 ost
728 834 775 872 oua
784 822 834 874 sola

57 894 135 944 trado.
147 893 194 944 Sed
212 894 404 942 humananatura
417 892 442 941 in
450 892 542 942 Christo
556 892 601 941 luit
611 892 786 945 instrumentum
796 896 833 946 ll-

60 980 96 1027 as,
113 968 140 1016 nt
152 963 226 1029 suprd
238 962 330 1013 dietum
338 967 374 1013 ast
383 964 392 1028 (
400 978 441 1027 qu.
461 967 503 1023 13,
516 966 640 1015 1111111
652 965 670 1027 ).
682 966 742 1030 Ergo
752 968 833 1018 eadam

55 1046 59 1058 ⁴
73 1036 156 1087 «litium
169 1041 196 1087 et
209 1036 320 1085 humanu
331 1038 419 1085 uatum
432 1034 457 1083 iu
469 1034 559 1085 Christo
569 1037 680 1099 operatio.

58 1114 78 1157 3.
93 1112 220 1169 Praeterea,
233 1106 287 1157 oium
296 1106 322 1157 iu
332 1106 422 1157 Christo
433 1105 479 1156 aiot
492 1108 639 1158 manatura
651 1107 676 1157 in
685 1122 733 1158 uua
745 1110 832 1173 hypos-

52 1184 70 1226 -l
81 1183 114 1231 rel
135 1191 255 1246 persona,
271 1177 427 1231 usmssarium
439 1182 476 1229 ost
490 1192 562 1229 umam
579 1182 603 1229 et
616 1178 676 1230 idem
696 1193 763 1242 asse,
776 1181 833 1232 illul

60 1253 196 1317 «adpertinet
209 1252 241 1301 ad
252 1250 396 1315 hypostasim
405 1250 443 1301 rel
456 1263 586 1314 personam.
606 1250 651 1301 Sed
664 1252 766 1315 oparatio
780 1265 833 1316 par·

55 1330 80 1372 ut
92 1328 118 1376 ad
132 1323 289 1391 hypostasim
307 1322 345 1372 rol
360 1336 496 1386 porsonam
510 1323 568 1373 nihil
586 1320 647 1373 enim
666 1328 772 1387 operatur
786 1324 834 1375 uisi

61 1398 163 1459 positum
173 1394 323 1457 subsistoos3
335 1392 538 1456 irasmundum
553 1394 730 1458 Philosophum,
742 1400 833 1447 «artus

56 1479 71 1516 u
88 1467 249 1533 singularium
265 1466 310 1531 (ll.
327 1480 343 1513 u
362 1466 422 1527 ldrgo
440 1464 465 1517 iu
481 1465 571 1515 Christo
592 1468 629 1515 est
644 1479 690 1517 uno
709 1472 733 1518 st
753 1468 834 1519 dadau

48 1544 119 1592 ⁴»ratio
130 1539 272 1593 divinitatis
283 1541 306 1589 et
318 1536 476 1587 humanitatis.

55 1618 73 1662 t.
86 1616 219 1673 Praeterea,
234 1609 304 1661 meoli
314 1624 365 1659 esse
372 1612 408 1659 est
417 1608 547 1673 hypostasis
556 1608 714 1671 subsistentis,
724 1607 756 1657 ita
764 1609 835 1661 otiam

49 1688 130 1735 erari.
145 1684 195 1736 Sed
203 1684 304 1747 propter
315 1680 425 1731 unitatem
434 1680 567 1745 hypostasis
578 1685 614 1730 est
627 1680 652 1730 in
660 1680 752 1730 Christo
761 1694 833 1732 mum

46 1774 78 1813 rr,
93 1756 210 1820 utsupra
225 1752 424 1816 dictumesttqu.
433 1755 473 1815 ll,
488 1756 532 1802 art.
541 1754 577 1814 1),
592 1754 650 1815 Ergo
660 1752 730 1802 otiam
740 1755 834 1817 proptor

57 1834 116 1881 ulam
127 1830 270 1885 unitatem,
282 1828 318 1875 est
329 1824 354 1873 iu
367 1823 457 1875 Christo
469 1825 632 1889 uuaoperatio.

54 1927 68 1951 l.
85 1906 221 1960 Praeterea,
237 1897 280 1947 uhi
289 1901 325 1947 est
337 1908 409 1945 unum
422 1901 551 1961 operatum,
565 1896 597 1944 ihi
610 1899 645 1946 ost
661 1910 707 1947 uua
720 1896 830 1961 operatio.

71 1976 132 2025 idem
148 1975 284 2037 operatum
297 1972 345 2018 erat
360 1968 486 2019 divinitatis
505 1971 528 2018 et
539 1967 704 2031 humanitatis,
720 1969 779 2017 sicut
795 1980 833 2017 sa·

61 2068 73 2095 o
90 2044 185 2111 leprosi
205 2039 248 2091 vel
276 2039 393 2090 suscitatio
414 2039 507 2089 mortui.
530 2039 590 2101 Ergo
610 2039 702 2089 ridetur
721 2039 795 2103 qudd·
807 2039 832 2088 iu

68 2124 101 2167 sto
116 2119 152 2169 sit
165 2127 220 2166 una
236 2110 329 2161 tantum
342 2111 444 2175 operatio
457 2110 583 2160 divinitatis
599 2114 623 2159 et
633 2111 790 2162 humanitatis.

64 2193 85 2241 .·l
105 2193 198 2243 contra
218 2186 276 2247 ost,
289 2184 351 2247 quod
366 2183 498 2235 Ambrosius
513 2183 569 2233 dicit
584 2181 611 2231 io
623 2183 651 2232 ll.
667 2182 704 2232 od
729 2184 835 2233 Grotiu-

52 2280 71 2309 ,s
92 2263 297 2329 Imperatorem
319 2258 388 2320 (cap.
411 2255 458 2318 tl)
478 2271 484 2305 ι
503 2271 519 2303 u
536 2256 731 2315 Quemadmodum
755 2256 835 2307 radam

47 2338 112 2387 ulio
127 2337 241 2387 dirersae
263 2330 327 2379 esset
340 2328 481 2393 potestatis?
495 2326 609 2391 Numquid
623 2326 656 2377 sic
674 2330 751 2391 potest
763 2328 837 2378 munos

48 2409 215 2460 ·uudmodum
238 2400 316 2465 mayor
334 2400 444 2463 operari?
458 2402 503 2450 lut
516 2413 562 2450 uua
575 2400 679 2464 operatio
695 2402 837 2464 potestesse

65 2483 158 2531 diversa
174 2472 318 2529 substantia
330 2472 386 2522 ost?
396 2488 410 2520 o

44 2661 48 2670 ·
69 2646 88 2699 l,
100 2653 147 2691 art.
158 2645 190 2702 2,
204 2636 353 2699 qnoestlunc.
365 2634 389 2686 1,
400 2634 430 2680 ad
439 2632 466 2689 83
480 2640 505 2680 et
513 2635 568 2680 dist.
577 2632 624 2692 18,
635 2638 679 2679 art.
693 2634 723 2688 l;
739 2639 764 2679 et
779 2634 842 2679 Gors-

69 2711 150 2759 dart,
164 2706 215 2753 lib.
230 2703 279 2756 IV,
294 2710 350 2755 oop-
361 2697 407 2749 361
419 2703 445 2742 ot
456 2698 574 2756 durarit,
584 2709 626 2753 qn.
637 2697 677 2755 20,
694 2702 738 2743 art.
749 2695 842 2753 1,·1111

53 2773 77 2823 ιὼς
90 2778 114 2817 st
127 2772 161 2816 de
174 2767 274 2813 unione
285 2761 375 2819 Verbi,
390 2765 434 2805 art.
448 2759 471 2820 1,
484 2760 514 2805 ad
526 2759 565 2818 16,
574 2765 599 2805 ol
608 2765 653 2806 art.
665 2759 688 2813 53
702 2766 727 2804 ot
739 2759 843 2815 Opaon,

55 2830 227 2965 Ιῖὃὲοέιῗυι
239 2910 273 2947 ux
283 2898 306 2943 1.
319 2894 465 2955 mutulos„
473 2907 530 2953 rap.
540 2893 564 2955 t,
573 2894 616 2943 uhi
625 2888 734 2952 express&
744 2887 842 2947 quidam

119 3016 160 3055 η
703 2988 733 3035 aa
