1917 3317
257 249 290 286 ur
304 246 419 286 rrsssouu
435 244 538 285 cumam.
751 235 797 286 867

19 323 139 392 passibile
152 336 197 375 uou
212 326 288 389 potest
298 324 355 388 pati.
366 324 444 376 Passio
455 337 508 388 ergo
517 320 603 374 Christi
613 333 660 374 uou
667 321 799 386 pertinebat

28 400 91 463 ejus
106 396 262 448 divinitatem.

19 471 195 538 (Coumusro.
203 466 294 519 —Cbm
308 468 388 519 eadem
398 466 429 518 sit
436 467 461 517 in
474 465 564 518 Christo
574 465 690 532 utriusque
701 472 797 532 natura,

19 544 78 592 inae
93 540 183 591 seilicet
196 543 219 590 et
229 540 348 596 humane.
362 539 504 604 hypostasis,
516 537 613 604 pertinet
626 538 709 588 Christi
721 539 798 604 passio

29 614 123 665 divinar
145 615 230 662 naturae
250 611 412 675 suppositum,
428 624 473 661 uon
491 611 579 661 ratione
592 609 691 671 diuina,
704 611 744 661 sed
762 623 799 660 ra·

19 699 53 736 ne
71 687 182 734 humane
205 685 306 743 natura,
322 695 374 745 quae
390 681 438 734 sola
448 681 564 747 passibilis
581 680 657 746 erat.)

19 757 169 821 Respondeo
182 754 321 817 dicendum,
335 753 396 818 quhd
408 754 467 804 sieut
477 753 546 818 supr'a
558 753 642 806 dictum
657 758 693 805 est
705 754 758 821 (qu.
772 758 796 817 i,

20 867 31 880 „
49 831 104 878 het
114 830 128 875 3
137 825 159 890 ),
173 825 228 876 uuio
240 825 346 875 humauae
358 828 444 875 nature
456 827 481 874 et
494 824 577 876 diviua
588 825 648 876 taeta
658 829 694 876 est
711 825 735 875 iu
744 839 797 890 per-

19 912 47 949 ia
59 901 88 949 et
97 896 216 961 hypostasi
225 898 250 946 et
260 895 388 960 supposito,
399 897 505 946 manente
512 898 588 947 tauron
598 895 741 948 distinetione
753 909 797 948 ua-

19 983 116 1030 ·arum,
131 970 157 1018 ut
173 965 259 1017 scilieet
276 966 306 1016 sit
321 967 400 1017 eadem
419 979 518 1030 persona
532 969 555 1016 et
571 968 700 1033 hypostasis
714 967 799 1020 divine

27 1044 145 1091 humane
155 1040 250 1098 nature,
261 1037 413 1088 salvatamen
425 1037 542 1101 utriusque
551 1043 637 1089 uaturae
647 1040 796 1104 proprietate.

32 1114 107 1172 ideo,
124 1109 183 1159 siout
195 1109 262 1173 suprd
272 1109 357 1159 dietum
370 1112 406 1160 est
421 1109 471 1174 (qu.
482 1113 520 1166 is,
531 1113 574 1160 art.
585 1109 620 1172 ὃ),
633 1111 751 1175 supposito
764 1111 799 1162 di·

19 1197 54 1235 rae
70 1184 161 1231 nature
182 1180 326 1231 attribuenda
339 1183 374 1230 est
389 1180 478 1245 passio,
496 1193 542 1233 uon
555 1181 643 1232 ratioue
661 1182 744 1234 diviua
758 1195 799 1234 ua-

19 1269 59 1318 rae,
71 1266 126 1317 que
138 1255 172 1302 est
186 1249 347 1317 impassibilis,
360 1253 400 1302 sed
409 1251 496 1303 ratione
506 1252 610 1302 humane
627 1256 722 1304 naturae.
733 1253 797 1305 Unde

24 1323 149 1391 Epistola
165 1323 294 1389 synodali,
302 1323 398 1388 Curidius
408 1323 462 1374 dieii
474 1338 481 1372 t
494 1339 507 1371 a
518 1323 542 1373 Si
554 1323 606 1387 quis
618 1338 664 1375 nou
678 1324 799 1376 confitetur

19 1398 33 1448 ai
42 1395 148 1447 Verbum
158 1409 250 1460 passum
260 1408 338 1459 earne,
348 1395 509 1446 etorueifixum
519 1407 597 1459 carue,
606 1397 725 1447 anathema
735 1396 797 1446 sit.»

19 1469 105 1519 artiuet
123 1479 177 1531 ergo
198 1467 276 1532 passio
293 1466 377 1518 Christi
396 1467 423 1517 ad
436 1466 579 1531 suppositum
598 1465 680 1518 divine
694 1469 797 1530 nature,

19 1542 88 1591 tione
101 1542 188 1588 nature
199 1537 312 1601 passibilis
325 1541 456 1602 assumptae,
469 1550 516 1589 uon
525 1541 600 1589 autem
613 1539 700 1590 ratione
713 1538 798 1590 dirime

19 1615 86 1661 iture
98 1608 255 1673 impassibilis.

29 1685 63 1733 hd
85 1680 183 1746 primum
199 1692 253 1744 ergo
271 1680 408 1743 dicendum,
422 1679 482 1744 qudd
501 1679 607 1733 domiuus
621 1680 697 1745 gloriae
716 1681 797 1732 dieitur

20 1754 143 1815 uoiiixus,
157 1765 203 1803 uou
217 1751 341 1802 seeundum
355 1751 416 1815 quod
432 1756 467 1802 est
484 1751 587 1804 domiuus
605 1751 696 1816 gloria,
711 1753 750 1804 sed
763 1767 799 1805 se-

21 1827 100 1877 mdhm
118 1826 178 1889 quod
191 1828 240 1875 erat
252 1827 321 1876 homo
333 1823 457 1889 passibilis.

32 1899 67 1948 hd
78 1896 204 1948 seeundum
221 1896 357 1958 dicendum,
371 1894 432 1960 qudd
442 1897 503 1946 sieut
516 1895 597 1946 dieitur
610 1895 635 1946 iu
645 1896 742 1961 quedam
752 1909 800 1948 ser·

24 1981 70 2018 one
93 1966 203 2032 Ephesiui
222 1966 319 2019 Coueitii
337 1966 394 2032 (ita
411 1983 425 2013 a
441 1966 608 2030 htorsChristi,
623 1971 729 2032 tauquam
741 1969 800 2019 iacta

23 2052 66 2089 ors
80 2039 121 2088 Dei
133 2039 237 2104 (seilicet
255 2052 298 2104 per
309 2040 418 2089 unionem
432 2038 455 2087 iu
472 2051 569 2102 persona
578 2037 603 2102 )‚
617 2039 726 2089 destruxit
739 2053 799 2092 mor·

28 2123 63 2174 m;
79 2111 185 2176 quopiam
198 2111 257 2162 heus
271 2112 340 2162 homo
353 2113 402 2160 erat
416 2110 455 2173 qui
469 2110 604 2173 patiebatur.
619 2109 669 2160 Nou
683 2111 745 2161 euim
759 2123 800 2160 ua-

24 2196 54 2233 rra
64 2184 103 2234 hei
117 2183 231 2244 marest,
243 2184 284 2233 sed
297 2183 411 2244 humana,
421 2194 495 2244 neque
507 2179 631 2234 mutatione
645 2194 686 2232 sua
696 2183 799 2247 suscepit

25 2267 159 2307 essiones.»

36 2329 68 2377 hd
85 2326 177 2377 tertium
191 2325 324 2388 dicendum,
342 2325 403 2390 qubd
416 2325 474 2376 sieut
487 2325 590 2377 subditur
606 2325 706 2391 ibidem,
721 2343 734 2375 a
752 2339 798 2378 uon

26 2411 86 2448 urum
109 2397 222 2450 hominem
246 2397 407 2448 erucifixerunt
427 2397 521 2458 iudaei,
547 2398 585 2448 sed
608 2397 653 2448 beo
675 2397 800 2448 intulerunt

27 2469 200 2533 assumptiones.
223 2469 286 2519 Porro
299 2469 361 2519 enim
378 2469 507 2533 prinoipem
522 2469 584 2534 loqui
602 2481 642 2532 per
655 2469 765 2532 verbum,
777 2473 800 2520 et

28 2551 51 2589 oe
63 2540 153 2592 formari
168 2554 209 2604 per
223 2540 310 2591 litteras
326 2541 349 2590 iu
364 2542 440 2590 eharta
453 2539 529 2602 aliqua
543 2543 568 2590 et
581 2539 646 2604 dirigi
657 2540 799 2605 civitatibus,

28 2623 33 2657 2
49 2611 130 2676 aliquis
148 2611 293 2676 inobediens,
307 2613 407 2662 chartam
421 2611 560 2676 dismmpat‚
575 2613 602 2662 ad
617 2611 696 2663 mortis
708 2615 801 2662 senteu-

29 2693 63 2731 am
73 2684 252 2747 deducetmmou
260 2688 366 2748 tanquam
373 2684 473 2735 chartam
483 2682 633 2748 disrumpens,
642 2684 682 2734 sed
690 2687 798 2746 tauquam

44 2841 74 2905 ti]
87 2850 129 2894 Seu
141 2858 245 2895 sermone
262 2848 302 2906 qui
317 2848 345 2892 de
359 2847 435 2892 Natali
450 2847 575 2894 salvatoris
588 2847 601 2894 d
613 2847 735 2894 Theodoro
748 2849 798 2894 Au-

31 2912 198 3017 aenothahitus
211 2916 354 2970 recensetur,
363 2917 425 2968 part.
440 2911 596 2972 uidemini,
611 2917 637 2957 ut
649 2923 701 2968 cap.
714 2909 743 2956 10
758 2909 796 2960 vi·
814 2924 818 2934 ¹

77 2986 102 3020 es
112 3005 119 3021 .
