1917 3317
227 173 228 182 ι
275 163 309 201 aa
325 156 461 200 auosrross
474 154 577 195 enlm.
782 136 829 183 esa

36 264 71 298 um
85 244 190 297 diurnus
199 239 279 293 orturt
290 250 341 289 osse
355 234 448 296 Filium,
458 231 575 295 quiveris
583 233 620 279 εει
632 225 736 279 abiu.»
752 223 830 274 cbris-

37 336 54 367 ιι
70 323 151 370 autem
165 319 201 367 εει
218 326 286 364 verus
306 313 331 360 et
348 305 457 358 naturalis
471 303 511 353 Dei
528 301 614 363 Filius,
631 295 756 349 secuudirm
773 293 832 345 illud

35 431 39 437 .
57 395 146 445 lousa,
161 386 223 437 ultr:
242 384 296 434 «ιιι
310 380 381 431 simus
394 376 421 429 iu
436 388 490 426 roro
502 373 561 424 lilio
574 372 626 435 ejus
639 372 694 420 lesu
707 367 831 418 cbristo.»

53 478 81 526 30
96 450 361 519 obmurmurantibus
378 448 438 513 qubd
456 449 539 507 bomo,
554 457 602 496 mou
618 445 654 493 est
669 440 731 490 lilius
746 436 834 502 adopti-

70 596 318 657 maranum-clm
332 593 425 655 filiatio,
440 603 487 641 nou
505 593 604 647 nature,
615 586 656 637 sed
669 595 771 649 persuum
787 581 834 643 sit,

59 694 75 727 u
91 678 115 726 iu
130 672 228 725 Christo
245 669 315 719 uulua
332 669 368 715 est
383 669 406 716 et
417 664 534 722 increata,
548 656 673 710 secuudirm
683 668 751 719 quam
764 653 838 704 Filius

60 766 65 798 r
84 744 195 799 naturalis
214 741 310 803 dieitur,
326 752 379 788 eum
394 736 466 787 tilium
483 731 616 795 adoptiuum
630 741 682 779 esse
700 727 779 777 dicere
794 736 836 773 ue·

52 833 136 883 ¹rqrarm
152 814 240 878 licet.)

59 890 197 956 despondeo
213 884 351 945 dicendum,
368 876 515 944 uubdlilialio
526 871 617 939 proprie
631 869 741 922 conuenit
752 870 839 933 hypos-

44 968 67 1015 «ει
79 965 112 1015 rel
125 972 252 1028 pomona,
264 970 318 1007 nou.
327 956 402 1004 εειειε
417 953 521 1011 naturae3
537 947 596 996 uude
609 946 634 995 ει
647 942 671 992 iu
684 942 704 992 1.
715 945 773 1006 part.
789 940 839 989 dic·

46 1054 72 1087 ¹m
82 1040 116 1089 est
129 1038 179 1100 (ll,
194 1030 260 1097 qubd
275 1028 356 1079 filiatio
369 1029 405 1076 est
423 1021 551 1087 proprietas
559 1014 692 1082 pomonalis.
705 1014 731 1063 lu
744 1012 837 1063 Christo

50 1123 99 1161 :em
113 1121 165 1160 uon
178 1109 217 1155 est
234 1100 278 1152 alia
291 1096 436 1165 personaret
451 1089 583 1157 hypostasis
596 1087 665 1152 quim
679 1086 790 1147 increata,
800 1082 839 1133 eui

52 1180 134 1232 ureuit
152 1190 210 1229 εεεε
232 1173 318 1223 Filium
335 1183 377 1234 per
393 1170 506 1216 naturam.
521 1163 611 1213 biotam
629 1161 665 1210 eat
682 1158 757 1207 autem
771 1154 842 1219 supra

56 1255 87 1302 rid
108 1250 195 1303 filiatio
220 1242 352 1309 adoptionis
377 1242 412 1290 est
430 1235 563 1302 participata
582 1230 705 1282 similitudo
724 1227 839 1277 filiationis

54 1326 143 1375 riualis.
166 1323 224 1373 Nou
240 1319 317 1367 autem
327 1312 435 1375 recipitur
450 1306 535 1369 aliquid
545 1304 591 1355 diei
600 1298 773 1366 participative,
784 1297 845 1361 quod

50 1413 70 1445 «ε
82 1410 105 1446 se
117 1394 221 1446 dieitur.
239 1388 269 1437 Et
283 1385 335 1436 ideo
353 1382 469 1442 cbristus,
487 1377 526 1441 qui
536 1381 573 1426 est
587 1372 660 1423 Filius
670 1370 709 1421 liei
727 1368 845 1429 saturabo,

62 1471 88 1518 [lo
99 1468 174 1519 modo
190 1462 274 1529 potest
290 1454 404 1509 dioilllius
414 1449 544 1515 adoptivus.
564 1442 692 1497 Seruudbm
709 1444 785 1491 autem
795 1439 847 1490 illos

49 1558 67 1589 ur
77 1542 170 1603 pouuut
185 1535 213 1586 iu
227 1529 321 1582 Cbristo
335 1528 391 1577 duas
400 1536 517 1588 personas,
529 1520 568 1571 uel
581 1519 639 1567 duas
649 1516 793 1579 hypostases,
804 1523 847 1560 seu

45 1618 74 1663 lm
83 1609 228 1677 supposita,
245 1601 305 1652 nibil
321 1595 484 1649 rationabiliter
497 1591 631 1657 prohiberet
646 1586 760 1639 Christum
771 1581 849 1633 bomi-

51 1700 82 1734 εει
93 1684 141 1735 diei
158 1680 240 1731 filium
254 1671 396 1736 adoptivum.

65 1758 92 1806 td
103 1756 214 1821 primum
230 1758 288 1811 ergo
302 1742 423 1795 dicendum
435 1778 441 1801 ,
452 1736 514 1801 qubd
529 1733 590 1785 siout
602 1730 684 1782 filiatio
697 1740 744 1779 nou
759 1725 850 1791 proprie

54 1831 137 1881 mreail
152 1829 271 1883 maturat,
285 1819 318 1868 ita
336 1828 380 1867 ueo
391 1810 492 1875 adoptio.
509 1809 539 1858 Et
552 1808 615 1866 ideo,
627 1803 680 1855 oirm
694 1801 777 1852 dicitur
789 1798 851 1863 quod

61 1903 133 1952 ruruls
157 1893 292 1949 humilitas
314 1888 445 1951 adoptatur,
464 1899 477 1931 a
503 1877 627 1943 impropria
651 1872 805 1934 allocutio,
826 1875 852 1922 ει

52 1975 139 2038 ¹uiuitur
159 1970 198 2021 ibi
212 1962 335 2027 adoptatio
352 1970 395 2023 pro
408 1954 493 2006 unione
508 1953 613 2001 bumaue
631 1950 719 1997 nature
732 1945 760 1994 ad
774 1956 852 2009 perso·

54 2062 83 2093 sill
96 2045 163 2096 Filii.

67 2120 95 2167 ld
109 2113 250 2167 secuudum
266 2102 405 2161 meandum,
419 2095 480 2161 qubd
493 2092 618 2144 similitudo
627 2090 667 2139 illa
682 2086 804 2151 angustini
818 2087 854 2135 est

55 2188 186 2253 deligenda
202 2180 319 2247 quantum
334 2175 362 2224 ad
378 2167 530 2235 principium
543 2163 596 2227 quia
613 2160 710 2221 scilieet,
725 2159 786 2207 sicut
800 2155 851 2206 siue

58 2264 121 2313 vuitis
135 2257 249 2325 quilibet
265 2252 332 2300 bomo
345 2244 416 2295 babet
429 2244 455 2291 ut
469 2239 500 2289 ait
514 2235 652 2286 christianus
660 2268 668 2294 ,
682 2232 714 2280 ita
727 2228 772 2280 iste
784 2229 854 2277 bomo

63 2348 85 2384 ae
104 2331 202 2385 meritis
222 2320 310 2376 babuit
326 2322 352 2368 ut
372 2317 434 2367 esset
449 2311 561 2363 Christus.
574 2308 616 2357 list
631 2308 708 2355 umen
728 2298 857 2351 differentia

60 2413 145 2457 armum
160 2403 196 2455 ad
205 2394 347 2455 terminum
358 2388 413 2453 qaia
424 2384 515 2435 seilicet
525 2381 629 2433 cbristus
637 2390 679 2442 per
688 2374 783 2439 gratiam
792 2370 859 2421 uuio-

56 2481 117 2529 lsest
124 2480 194 2529 illius
205 2464 338 2525 naturalis,
349 2461 408 2512 alius
422 2462 499 2507 autem
511 2450 657 2519 pergratiam
673 2446 813 2498 habitualem
823 2446 859 2493 est

52 2564 99 2601 'rurus
113 2546 261 2615 adoptivus
279 2534 357 2585 Gratia
371 2533 447 2581 aulem
464 2524 588 2577 babitualis
601 2523 626 2572 iu
643 2520 733 2571 cbristo
748 2528 795 2566 uon
808 2513 863 2563 lacit

54 2636 73 2671 aa
87 2638 131 2674 uon
151 2621 206 2672 lilio
222 2612 302 2665 lilium
319 2604 465 2669 adoptiuum,
476 2599 517 2649 sed
536 2593 675 2659 estquidam
691 2590 786 2641 elieelus
805 2583 862 2634 lilia-

55 2698 110 2747 muis
128 2688 253 2747 naturalis
276 2684 302 2733 iu
320 2678 396 2731 anima
411 2672 509 2736 Christi,
524 2666 649 2721 seeundbm
661 2663 718 2713 illud
731 2656 837 2712 doun.,l
855 2670 860 2703 :

82 2851 109 2911 ill
123 2848 254 2909 dolligitur
269 2850 301 2885 ex
312 2848 353 2892 qu.
373 2830 405 2877 33
413 2862 419 2890 ,
434 2833 477 2875 urt.
497 2827 521 2884 Ξ,
535 2820 646 2881 implicite
658 2852 664 2878 ‚
676 2816 717 2863 sed
735 2808 866 2867 expressius

56 2922 92 2961 art.
104 2914 129 2962 31
215 2948 223 2961 ,
783 2904 787 2911 -
