1917 3317
174 162 206 201 uu
222 158 354 209 commem
371 160 463 203 omrem
477 156 651 206 emeremus.
767 160 813 210 961

32 238 128 291 luutale
139 236 210 289 desiit
224 238 252 291 ab
269 238 399 307 siscitari,
414 240 452 291 uel
466 254 494 293 eo
509 245 638 309 praesente,
653 242 692 295 rel
701 244 771 298 etiam
784 260 813 299 co

32 310 147 361 seedcute
161 309 271 360 velociter
285 320 326 375 per
341 310 417 361 dotem
432 310 552 375 agilitatis.

35 382 72 431 dd
88 380 183 431 tertium
199 380 336 445 dicendum,
353 382 412 447 quod
425 383 484 433 sieut
497 383 636 435 Seuerianus
650 384 707 437 dicit
719 386 743 438 iu
756 389 817 439 Ser-

32 466 75 505 me
94 453 227 511 catceati,
239 470 253 502 «
262 466 329 505 memo
338 458 405 517 putet
419 454 534 507 Christum
545 455 587 507 sud
599 457 765 510 resurrectione
780 459 816 512 sui

32 525 87 575 dtris
100 524 200 589 effigiem
212 530 393 577 commutasse.»
406 526 469 590 Quod
478 531 515 577 est
524 526 694 593 intellgendum
703 535 815 595 quantum

32 600 35 644 l
49 597 193 647 lineamenta
206 596 366 661 membrorum,
380 598 432 663 quia
443 598 502 649 nihil
511 600 664 651 inordinatum
675 605 699 651 et
711 601 814 657 deforme

33 669 118 719 eratin
133 682 227 737 corpore
237 669 323 721 Christi
334 683 375 735 per
385 670 493 735 Spiritum
507 677 610 723 sanctum
620 678 742 739 concepto,
753 676 815 739 quod

50 742 222 792 resurreetione
235 742 393 807 corrigendum
411 747 482 795 esset.
496 744 592 809 Accepit
605 748 681 797 tamen
694 746 720 797 iu
733 762 814 800 resur-

33 813 114 863 clioue
128 814 223 877 gloriam
236 812 360 877 claritatis;
376 816 436 867 uude
450 814 510 866 idem
525 816 610 867 ibidem
625 817 702 868 subdit
717 834 724 869 r
742 819 815 873 «sed

33 888 112 934 utatur
128 885 232 950 efligies,
247 886 301 935 duur
318 885 415 937 eflicitur
429 900 459 937 ex
468 888 558 937 mortali
570 888 718 952 immortalis,
732 894 759 940 ut
771 892 816 943 troc

32 958 38 1000 t
55 955 207 1019 acquisivisse
220 954 297 1005 vallils
308 956 417 1021 gloriam,
428 970 474 1009 uon
483 957 560 1008 uultis
574 958 725 1009 substantiam
739 960 816 1024 perdi·

32 1040 82 1077 sse.
99 1044 114 1075 o
130 1029 177 1079 Nec
189 1032 265 1079 tamen
279 1026 323 1079 illis
337 1028 455 1093 discipulis
467 1030 493 1080 iu
505 1030 581 1094 speeie
591 1030 687 1093 gloriosa
701 1032 814 1097 apparuit;
847 1025 853 1048 ¹

32 1098 64 1160 d,
80 1098 143 1150 sicut
156 1099 179 1149 iu
194 1102 309 1164 potestate
331 1100 381 1163 ejus
398 1105 446 1152 erat
463 1105 490 1151 ut
508 1114 591 1165 corpus
606 1115 674 1151 suum
690 1102 815 1167 rideretur,

32 1171 46 1219 el
61 1184 110 1222 non
121 1171 251 1233 uideretur,
262 1174 295 1223 ita
305 1172 329 1222 in
339 1177 452 1237 potestate
461 1173 513 1238 ejus
522 1177 571 1224 erat
581 1179 609 1223 ut
618 1186 648 1223 ex
661 1174 712 1239 ejus
720 1180 817 1239 aspectu

32 1248 149 1294 rmaretur
170 1243 195 1293 in
210 1243 281 1295 oculis
298 1244 434 1296 intuentium
453 1246 490 1297 vel
503 1246 576 1297 dorma
590 1245 699 1310 gloriosa,
713 1248 752 1297 uel
770 1262 817 1299 nou

32 1316 129 1378 coriosa,
140 1320 180 1367 aut
195 1315 262 1366 etiam
281 1317 410 1380 commixta,
421 1318 458 1368 uel
475 1317 670 1382 qualitercumque
681 1332 707 1369 se
719 1318 815 1371 hebens.

32 1386 101 1437 'edica
116 1390 194 1438 tamen
208 1387 336 1439 differentia
347 1388 432 1439 sullieit
445 1390 474 1441 ad
489 1390 534 1441 hoc
549 1389 609 1454 quod
623 1390 706 1455 aliquis
715 1390 818 1443 uideatur

32 1472 36 1505 ι
54 1460 130 1512 alicua
149 1460 225 1525 effigie
240 1474 357 1526 apparere.
683 1482 696 1513 ι

315 1642 473 1695 duciculus
488 1642 517 1693 ll.

132 1770 220 1815 Utrdm
228 1769 318 1815 Christi
326 1780 411 1826 corpus
424 1768 559 1814 reremeoeit
570 1768 705 1825 temperem

47 1899 81 1949 dd
92 1898 218 1951 secuudum
229 1897 264 1949 sic
272 1895 402 1961 proceditur
411 1895 455 1961 (1).
464 1894 559 1946 Videtur
568 1894 629 1960 quod
640 1908 723 1961 corpus
735 1893 823 1946 Christi

32 1982 64 2019 mu
85 1969 212 2023 resurrexit
229 1970 352 2033 integrum.
374 1970 432 2021 suut
448 1966 509 2017 euim
526 1968 554 2017 de
575 1967 707 2029 integritate
726 1967 822 2017 luumam

32 2046 119 2105 orporis
133 2054 186 2093 caro
198 2045 221 2091 et
236 2040 329 2103 sanguis
339 2074 346 2099 ,
358 2054 408 2103 quae
423 2039 530 2092 Christus
542 2050 587 2089 uon
601 2038 692 2090 ridetur
702 2037 820 2100 habuisse

32 2112 100 2164 licitur
116 2112 178 2165 enim
189 2114 207 2163 l.
222 2112 258 2163 od
270 2112 341 2169 Cor„
356 2112 413 2163 xl:
427 2130 440 2160 «
452 2114 512 2163 Caro
527 2115 552 2160 et
564 2109 659 2173 samguis
671 2122 767 2173 reguum
780 2109 823 2159 liei

32 2196 66 2233 rou
77 2185 235 2251 possidebunt.
251 2184 383 2235 »Christus
399 2188 474 2235 autem
490 2181 615 2238 resurrexit
634 2181 660 2231 iu
673 2181 744 2245 gloria
757 2180 823 2244 regui

32 2253 68 2305 lei.
87 2256 183 2307 Videtur
194 2268 247 2320 ergo
263 2254 324 2319 quod
338 2268 385 2305 uon
398 2252 504 2305 lrabuerit
518 2266 609 2304 caruem
625 2256 649 2302 et
661 2252 805 2317 sauguinem.

53 2332 75 2376 Ξ.
97 2330 226 2388 Praeterea,
246 2327 339 2391 sanguis
357 2330 395 2376 est
407 2340 466 2377 uuus
483 2326 512 2377 de
530 2328 627 2389 quatuor
639 2323 781 2374 humoribus.
800 2321 825 2372 Si

32 2407 74 2459 ugo
86 2400 194 2453 Christus
210 2398 292 2450 hahuit
311 2397 458 2462 sauguinem,
470 2395 521 2459 pari
533 2395 621 2446 radone
633 2394 712 2445 habuit
726 2396 750 2444 et
767 2393 825 2472 elios

32 2480 141 2537 tumores,
161 2471 286 2535 exquibus
302 2472 407 2521 causatur
426 2466 541 2530 corruptio
553 2466 577 2515 iu
596 2466 726 2531 corporibus
739 2476 826 2544 muma-

32 2538 86 2593 dum.
101 2544 205 2606 sicergo
219 2544 353 2605 sequeretur
362 2538 422 2605 quod
440 2551 524 2603 corpus
537 2536 625 2590 Christi
637 2536 826 2616 luerit'oorruptr-

32 2608 80 2678 lile3
91 2614 152 2681 quod
162 2620 197 2665 est
205 2612 382 2667 inconveniens.
390 2612 443 2663 Nou
453 2610 523 2675 igitur
533 2609 639 2661 Chrmtus
647 2608 728 2659 habuit
735 2618 827 2660 caruem

32 2686 50 2731 tl
66 2686 209 2751 sauguinem.

65 2838 95 2903 ll)
107 2846 139 2890 De
151 2845 187 2889 his
197 2844 268 2891 etiam
279 2841 406 2903 olimpii,
417 2843 465 2889 sire
477 2841 561 2890 iisdem
569 2838 629 2887 loeis
639 2837 680 2895 qul
693 2842 737 2886 art.
748 2831 761 2882 t
773 2835 823 2883 eti

34 2900 120 2953 iudicati
131 2912 195 2955 suut.

707 2995 752 3049 Ἠ*
