1917 3317
158 168 205 214 6⁴8
338 177 399 216 nens
415 177 455 229 m,
472 177 565 223 oum.
581 181 654 229 mr,
670 178 727 216 nnn.
741 180 777 218 m.

156 267 232 316 neuile
250 255 354 303 Christus
370 254 415 304 luit
435 255 458 304 in
476 255 547 302 Adam
562 259 586 304 et
604 256 719 304 lenham
733 253 851 305 seeunddm
863 246 906 312 elidi

156 326 287 388 sipontum,
301 331 323 375 et
336 329 415 376 eedem
429 325 516 375 ratione
532 339 574 374 uer
585 326 607 374 iu
621 326 674 375 aliis
686 327 795 389 putribus.

190 399 352 462 (Conclusio.
367 425 399 434 -
414 397 469 446 Cium
489 397 572 446 Christi
590 411 676 460 corpus
694 398 827 448 relationem
844 398 868 445 ad
879 395 902 442 li

156 472 180 518 et
196 474 288 516 emtores
303 473 377 529 patres
389 469 493 516 liubuerit
509 469 622 518 mediante
637 469 778 519 matrissuae
792 479 903 532 corporet

155 540 199 588 fuit
215 540 238 586 iu
253 540 298 588 illis
310 540 433 587 seeundum
447 539 532 601 aliquid
547 541 663 600 sipnetum
678 543 702 589 et
717 541 910 591 determinatum,-

155 610 280 661 neeundirm
299 611 425 672 originem,
440 610 500 659 sieut
511 614 535 658 ot
547 611 641 660 eliorum
656 611 778 659 hominurn
791 624 899 674 corporum

188 684 323 744 ltespoudeo
337 682 471 738 dicendum,
482 680 540 743 qudd
556 682 616 729 sieut
629 680 700 743 sopri
710 683 797 731 dietum
811 689 848 732 est
858 686 892 741 (art

157 753 250 802 materia
266 752 366 815 eorporis
381 751 465 800 Christi
477 765 522 800 non
537 751 580 799 luit
595 764 647 800 caro
661 757 685 800 et
701 766 729 802 os
748 755 775 802 B.
788 754 906 816 Virginis.-

156 824 240 886 eliquid
258 824 316 886 qrrod
330 822 397 872 luerit
412 827 464 872 ectu
483 836 535 885 pars
549 822 730 886 corporisque,
747 825 788 874 sed
803 825 896 886 sanguis.

158 898 195 944 est
212 895 234 941 iu
250 894 352 956 potentie
370 907 430 942 earo.
448 893 562 954 Quidquid
580 899 658 941 autem
678 895 723 943 luit
743 895 769 944 in
786 897 852 946 beate
871 896 907 940 tit.

157 975 171 1013 e
192 967 323 1028 perentibus
341 971 477 1028 acceptum,
491 963 534 1012 tuit
548 968 600 1012 netu
618 977 673 1027 pers
691 968 796 1028 eorporis
810 967 838 1016 B.
854 967 897 1024 t'irg

157 1037 221 1086 Unde
232 1037 285 1085 illud
300 1039 357 1099 quod
370 1038 414 1086 luit
423 1037 445 1084 in
458 1037 485 1085 B.
495 1035 587 1097 Virgine
598 1034 612 1083 l
623 1037 762 1097 parentinus
771 1044 894 1102 areeptmu,

157 1105 202 1154 fuit
211 1108 303 1156 materie
315 1108 415 1172 eorporis
424 1106 516 1156 Christi.
523 1107 551 1153 Et
559 1105 612 1154 ideo
621 1106 748 1155 dicendum
758 1112 805 1170 est,
815 1108 871 1170 qudo
881 1122 907 1153 ru·

157 1178 242 1228 Curiati
258 1193 303 1229 nou
318 1179 358 1228 luit
377 1179 401 1228 in
418 1181 489 1230 edem
504 1182 528 1227 et
546 1177 596 1226 aliis
611 1177 719 1241 patribus
737 1179 863 1228 mundium
880 1181 901 1224 ut:

159 1250 286 1310 sipontum,
303 1250 334 1300 ita
350 1251 437 1301 scilieet
451 1249 512 1314 quod
531 1249 606 1311 eliqua
619 1262 673 1312 pers
688 1251 796 1314 corporis
809 1253 862 1301 Adeo
873 1250 902 1297 νεὶ

158 1323 224 1383 eujus
237 1323 329 1372 ulterius
341 1327 418 1386 posset
430 1320 543 1385 designari
556 1319 721 1381 determinate,
737 1327 765 1370 ut
779 1323 891 1372 diceretur

157 1406 186 1442 ex
196 1395 237 1442 lieu
249 1395 341 1442 materia
350 1393 499 1443 determinate
509 1392 643 1442 formabitur
655 1405 746 1454 eorpus
758 1395 856 1454 Christi,
871 1394 903 1440 sui

157 1465 189 1514 ibi
199 1465 319 1514 seeundum
331 1466 457 1526 originem,
468 1465 527 1514 sieut
535 1468 559 1514 et
569 1476 620 1513 earo
629 1463 727 1512 eliorum
737 1466 870 1514 hominum.
880 1464 907 1511 lu

158 1538 217 1586 enim
237 1535 321 1585 Christi
337 1537 407 1584 hebet
418 1535 550 1585 relationem
566 1536 594 1584 ed
611 1535 683 1582 Adam
704 1538 730 1584 et
747 1536 809 1585 elios
823 1541 896 1599 petius

158 1607 234 1658 dierrte
248 1619 342 1670 corpure
357 1606 433 1656 Matris
447 1608 505 1670 ejus.
521 1607 585 1655 Uude
598 1606 660 1654 nullo
675 1604 721 1655 alio
736 1609 810 1658 modo
829 1608 871 1656 luit
886 1606 903 1651 ir

157 1679 229 1728 tribus
239 1691 321 1741 eorpus
329 1677 423 1738 Christi,
435 1692 503 1742 quum
516 1691 599 1741 eorpus
612 1677 691 1726 ldatris
704 1679 777 1741 ejus3
790 1680 854 1743 quod
869 1694 902 1726 nu

157 1749 182 1798 in
195 1751 297 1812 patribus
312 1749 434 1799 seeundum
453 1749 569 1799 materiem
587 1749 719 1810 signatam,
737 1751 804 1800 sieut
816 1766 861 1801 neo
873 1766 903 1797 uu

157 1819 251 1869 eliorum
269 1821 400 1880 homiuum,
417 1825 442 1870 ut
455 1821 478 1870 iu
490 1821 508 1869 l.
523 1824 587 1883 perte
601 1820 740 1869 dictumest
753 1821 885 1884 (ubisnpri
899 1858 904 1865 .

191 1893 223 1940 Ad
237 1894 332 1954 primum
341 1905 394 1954 ergo
404 1892 533 1952 dicendum,
544 1890 604 1953 qudd
614 1904 667 1940 cum
679 1891 768 1940 dieitur
780 1893 855 1943 tuisne
867 1894 890 1940 iu
905 1900 911 1931 ἰ

159 1963 281 2012 secuudum
293 1963 464 2027 corpulentum
479 1962 660 2016 obstantium,
676 1975 725 2012 non
741 1968 780 2013 eet
796 1965 897 2025 intellige?

158 2033 202 2084 lroe
217 2036 297 2094 inodo,
311 2034 370 2097 qudd
386 2047 467 2097 corpus
480 2032 596 2083 christiin
612 2033 686 2081 ndum
700 2032 777 2083 luerit
790 2039 899 2098 quaednuu

159 2107 251 2168 putente
271 2104 414 2166 substantia,
432 2106 471 2154 sed
492 2103 545 2166 quia
565 2103 701 2166 corpulenta
716 2105 856 2155 substantia
877 2122 900 2154 o»

159 2177 252 2236 Christi,
265 2177 285 2226 id
296 2180 338 2232 est.
352 2176 445 2226 materia
456 2188 523 2238 quiam
534 2175 629 2237 sumpsit
638 2189 668 2223 ex
678 2175 794 2238 Virgine,
806 2178 854 2226 luit
867 2178 889 2225 iu
907 2186 911 2197 ·

159 2247 220 2296 sieut
234 2248 257 2295 iu
275 2247 386 2311 principio
408 2249 498 2307 eetlro,
514 2258 560 2296 non
573 2249 650 2294 eutem
663 2245 725 2295 sieut
738 2246 766 2295 iu
781 2251 900 2299 materiati

158 2319 232 2382 cipio,
248 2319 301 2380 quie
315 2319 400 2368 seilicet
414 2331 457 2381 peu
470 2318 576 2366 virtutem
588 2316 750 2378 generativam
763 2321 822 2368 Adue
839 2326 865 2369 et
883 2336 900 2367 ιιι

159 2389 187 2438 eb
199 2391 268 2439 ddum
280 2389 465 2438 descendentium
478 2400 550 2450 usque
565 2387 593 2436 ed
606 2387 632 2437 B.
648 2386 787 2450 Virginem,
800 2390 907 2440 lectum·

158 2459 196 2510 itta
211 2460 303 2510 materie
314 2466 478 2522 properaretur
491 2462 519 2509 ad
533 2462 667 2522 conceptum
685 2463 799 2523 eorporis
818 2465 890 2513 Cirris

159 2537 234 2582 autem
249 2532 292 2580 luit
302 2531 394 2581 rueterie
408 2533 445 2580 ille
458 2532 552 2580 formate
566 2531 589 2579 in
599 2544 684 2594 eorpus
694 2531 794 2588 Christi,
811 2549 860 2598 per
871 2550 899 2580 ru

157 2604 250 2654 seminis
264 2603 291 2652 el)
305 2605 375 2652 ddum
387 2603 521 2652 derivatum.
535 2603 563 2650 Et
576 2601 627 2650 ideo
637 2600 746 2651 Christus
757 2603 853 2654 dieitur
868 2609 909 2654 tm-

159 2677 230 2724 Adem
252 2674 401 2736 originaliter,
422 2672 548 2722 secuudum
572 2671 752 2736 corpulentum
778 2677 902 2726 substrui.

157 2758 205 2794 non
220 2749 293 2793 eutem
310 2743 433 2794 seeundum
447 2743 595 2792 seminalem
608 2743 734 2794 rationem.

191 2815 224 2862 Ad
241 2815 363 2864 seeundum
377 2814 514 2878 dicendum,
527 2815 587 2878 quod
600 2815 707 2877 quamvis
723 2829 814 2880 eorpus
827 2820 906 2869 Cirris

158 2883 226 2932 luerit
243 2885 267 2931 iu
280 2885 350 2933 Adam
373 2887 396 2933 et
414 2886 439 2934 in
456 2886 509 2935 eliis
525 2886 647 2950 patrituo,
662 2887 795 2938 seeundum
823 2905 896 2940 sem.
