1917 3317
136 114 145 141 ο
181 169 210 207 ns
224 168 293 206 mono
310 168 408 206 nunonis
423 168 495 207 vnum
510 166 651 207 munnam.
768 159 816 230 aot

49 242 100 300 llum,
108 246 149 306 cte,
158 244 314 295 udicitGlossa
325 259 331 293 :
341 259 355 291 o
364 242 407 294 llic
415 244 544 295 insinuatur
552 243 688 295 cimiterium
697 245 817 309 Prophetae

49 312 71 360 le
86 314 227 376 lucamatione,
243 320 267 367 ct
285 316 392 367 moritum
414 314 563 379 impletionis.
580 331 594 363 u
610 317 671 379 llrgo
691 316 817 368 incarnatio

49 384 97 433 uult
109 387 142 436 snb
154 389 235 439 merito.

74 461 91 505 ἓ.
99 458 200 524 Pretorea,
211 460 351 525 quicumque
364 463 464 511 meretur
474 460 574 523 aliquid,
587 464 686 512 meretur
694 461 750 511 illud
765 461 816 511 sine

48 542 83 588 uuo
98 529 140 581 illul
155 532 226 584 haberi
242 546 290 583 non
303 535 388 596 potest.
405 532 449 581 Sed
470 532 559 595 antiqui
578 536 654 595 patres
672 532 818 583 merebantur

47 601 103 649 ulan
114 607 211 666 eternam,
225 606 252 656 ad
265 617 336 669 quam
348 604 468 667 pertenire
481 618 527 654 non
541 608 658 668 poterant,
667 604 713 654 nisi
726 617 767 668 per
781 606 818 654 ln-

48 673 183 738 ‹frenationem
197 676 326 735 dicitenim
337 675 458 738 Gregorius
471 675 496 725 in
509 675 550 725 lib.
560 677 619 726 lllll.
635 676 729 725 Monet.
745 676 815 739 (cap.

50 743 102 803 eol:
116 747 194 811 ultioni
205 752 259 798 ante
271 746 359 797 Christi
371 748 495 798 adventum
509 748 534 796 in
547 748 609 797 huno
622 749 733 797 mundum
748 761 817 797 neue·

50 818 102 873 ruunt,
111 820 256 880 numumhbet
269 818 365 882 justitiae
379 818 487 869 uirtutem
501 819 624 880 haberent,
639 832 669 869 ex
685 819 818 881 corporibus

48 887 116 951 elueli,
127 889 145 939 in
159 894 231 941 sinum
241 890 345 941 caelestis
359 890 439 954 patria
453 890 530 941 statim
544 891 614 955 recipi
627 892 690 940 nullo
701 893 768 941 modo
777 905 818 954 no-

47 962 112 1021 tmnt,
122 962 167 1025 qula
176 964 276 1013 nondum
286 962 325 1012 ille
334 965 435 1020 venerat,
450 963 490 1024 uui
501 964 616 1026 justornm
631 963 718 1012 animas
731 962 756 1013 in
767 976 819 1027 per-

45 1035 97 1089 uetus
111 1034 155 1084 sede
167 1036 296 1086 collocaret.
310 1052 324 1081 n
340 1034 399 1098 Ergo
413 1034 505 1085 videtur
516 1034 577 1098 quod
594 1035 719 1085 meruerint
738 1036 819 1084 lucar-

46 1103 144 1155 tutionem.

70 1178 87 1221 ³.
100 1176 208 1239 Preterea,
220 1179 248 1229 de
266 1178 334 1227 beata
353 1176 445 1241 Virgine
463 1180 582 1239 cantatur,
598 1177 659 1242 quod
672 1193 686 1224 α
699 1177 820 1227 Dominum

57 1245 124 1295 mlum
135 1250 210 1301 meruit
220 1251 330 1315 portare,
346 1264 359 1295 u
373 1250 433 1311 quod
447 1250 539 1312 quidem
550 1249 634 1299 laetum
644 1252 680 1299 est
690 1262 732 1312 por
741 1249 821 1299 lucar·

48 1317 145 1368 ‚ntionem
159 1321 214 1383 Ergo
224 1318 354 1371 incarnatio
366 1320 427 1369 eadit
443 1321 485 1370 sub
495 1319 585 1370 merito.

70 1388 103 1437 Sel
114 1394 182 1441 contra
190 1395 235 1453 est,
250 1392 310 1455 quod
325 1390 465 1453 Augustinus
475 1391 530 1441 dicit
543 1391 567 1440 in
581 1390 622 1442 lib.
633 1392 669 1441 De
682 1392 821 1455 predesti-

54 1460 124 1509 natione
135 1464 281 1513 Sanctorum
294 1464 360 1525 (carr.
377 1464 421 1523 lt)
438 1477 443 1510 :
467 1479 480 1509 o
495 1462 602 1526 Quisquis
616 1462 728 1527 incapite
744 1467 822 1513 nostro

61 1534 172 1585 incolentia
193 1534 274 1585 merita
295 1532 417 1597 singularis
438 1534 499 1583 illius
516 1534 672 1598 generationis
693 1533 820 1596 invenerit,

49 1601 85 1661 {use
101 1604 119 1654 in
130 1607 190 1657 nolis
208 1605 317 1657 membris
334 1606 387 1668 ejus
402 1606 553 1669 precellentis
566 1605 647 1656 merita
668 1604 822 1668 multiplicate

47 1677 197 1734 afgenemtionis
211 1676 322 1741 mquirat.
332 1692 346 1721 u
359 1676 404 1725 Sed
414 1676 475 1726 nulla
486 1676 567 1727 merita
577 1681 743 1739 precesserunt
757 1690 822 1738 rege-

46 1748 160 1799 mulionem
172 1754 283 1811 nostram,
299 1747 424 1798 seeundum
436 1748 493 1799 illud
509 1748 544 1797 nd
562 1749 666 1806 Tit.„lll
684 1762 690 1796 z
708 1749 782 1797 «Nou
792 1761 822 1796 ex

51 1819 228 1884 neribusjuslitice
243 1833 296 1884 quae
308 1819 405 1870 lecimus
419 1832 470 1883 noo,
480 1820 522 1869 sed
535 1818 659 1869 secundum
674 1832 738 1868 suam
753 1818 822 1868 mise·

47 1890 139 1941 :inertiam
152 1894 225 1943 salvos
235 1906 278 1943 nos
293 1891 348 1941 fecit
358 1904 399 1955 per
411 1892 528 1940 lavacrum
538 1883 726 1953 regenerationis.
736 1906 750 1936 u
762 1891 822 1953 lingo

48 1974 76 2007 u
89 1964 141 2013 illam
153 1965 234 2015 Christi
248 1962 419 2027 generationem
430 1962 506 2025 aliqua
517 1963 595 2013 merita
610 1965 787 2026 precesserunt.

72 2035 211 2091 tllrucunsro.
219 2036 326 2085 -Nulla
337 2047 411 2097 neque
425 2034 524 2097 Christi,
539 2047 613 2097 neque
625 2034 720 2083 mictum
730 2035 821 2098 merita,

54 2101 122 2155 'ulnam
129 2108 194 2158 llertri
204 2106 317 2157 unionem
327 2109 501 2169 precesserunt,
513 2105 566 2155 elim
576 2119 604 2155 ea
614 2104 644 2154 sit
655 2118 723 2168 supra
731 2118 822 2155 omnem

53 2182 137 2227 :esuum
149 2180 256 2229 unionem
268 2180 292 2227 ct
307 2176 443 2240 principium
455 2176 530 2226 omnis
541 2176 629 2239 meriti3
643 2180 773 2226 meruerunt
784 2181 823 2227 ta-

54 2258 87 2292 un
99 2250 163 2299 sancti
176 2254 253 2315 patres
267 2260 297 2299 er
311 2260 411 2310 congruo
424 2247 620 2308 incarnationem,
635 2248 784 2298 desiderando
799 2252 824 2297 et

56 2319 147 2384 'zir?nd0‚)

75 2387 184 2453 Respondes
200 2390 340 2453 dicendum,
354 2388 414 2453 quod
428 2394 538 2453 quantum
558 2390 587 2439 ad
601 2390 677 2453 insum
691 2389 823 2451 Christum,

54 2462 162 2513 nullorum
177 2468 213 2515 est
227 2478 256 2514 ex
271 2461 396 2527 praemissis
404 2498 412 2524 ‚
425 2460 486 2525 quod
499 2462 562 2511 nulla
576 2462 628 2525 ejus
648 2462 729 2512 merita
742 2466 824 2525 potue-

55 2536 89 2577 :unt
96 2537 207 2595 precedere
221 2535 342 2585 unionem.
356 2534 407 2581 Non
418 2532 478 2581 enim
492 2533 599 2597 ponimus
613 2532 674 2595 quod
690 2536 743 2582 ante
752 2533 822 2582 luerit

56 2616 103 2673 {urus
111 2608 180 2673 homo,
191 2612 215 2658 et
223 2610 306 2671 postea
318 2617 359 2667 per
368 2603 473 2653 meritum
486 2605 627 2666 bonevitae,
639 2604 762 2655 obtinuerit
773 2618 824 2655 esse

57 2671 104 2722 llll
114 2678 157 2741 oei,
173 2679 235 2730 sicut
245 2676 325 2741 posuit
338 2676 463 2739 Photinus;
479 2677 519 2726 sed
533 2676 640 2739 ponimus
656 2676 716 2739 quod
730 2677 743 2724 a
758 2676 823 2738 prin-

68 2742 99 2802 llt
108 2761 142 2799 cue
156 2748 314 2814 conceptionis
327 2747 367 2797 ille
386 2748 454 2797 homo
470 2746 524 2797 vere
543 2747 614 2797 luerit
626 2747 698 2796 Filius
712 2747 770 2805 liei,
784 2748 821 2793 ut·

60 2820 231 2887 intercutaneus
243 2822 312 2873 aliam
323 2820 479 2886 hypostasim,
488 2819 555 2883 quim
569 2818 623 2869 Filii
635 2818 675 2869 Dei
684 2857 690 2879 ‚
699 2814 824 2867 secundum

59 2886 97 2935 ,lul
108 2891 199 2954 luel:
219 2912 234 2944 u
247 2894 313 2955 Quod
328 2906 357 2944 ex
373 2894 396 2943 te
412 2896 518 2943 nascetur
528 2895 630 2943 sanctum
641 2928 648 2955 ,
658 2885 824 2941 uocabiturli-
