1917 3317
459 185 544 231 130
607 193 824 233 SECUNDA
852 193 1100 245 Stemma,
1132 193 1318 239 Quaesr.
1351 194 1626 247 ctxxxvm,
1652 192 1762 232 ΛΒΤ.
1795 191 1879 231 vn.

455 273 491 329 ι]
499 269 570 320 uia
586 270 694 321 vero
718 271 1112 322 «instrumentum
1131 284 1222 321 uon
1239 275 1423 337 propter
1446 286 1495 324 se
1513 270 1743 335 quaeritur,
1762 269 1843 320 sed
1866 280 1917 330 pr

459 341 589 392 [luem
609 381 621 403 ,
645 359 672 390 n
698 356 789 394 non
813 342 938 393 tanto
981 343 1147 406 aliquid
1183 344 1231 392 fit
1255 343 1447 407 melius,
1477 343 1646 407 quanto
1681 340 1825 403 magis
1862 342 1917 389 est

455 418 777 478 strumentum,
797 415 876 465 sed
899 413 1065 478 quanto
1097 418 1168 465 est
1194 414 1338 478 magis
1372 415 1450 465 lini
1477 414 1871 480 proportionatum
1894 425 1905 458 ε

455 484 653 535 medicus
679 500 770 537 non
800 490 923 540 tanto
955 487 1099 550 magis
1127 490 1283 549 sanat,
1309 490 1477 550 quanto
1506 487 1718 551 majorem
1746 484 1823 534 dat
1864 494 1917 530 mr

455 571 582 623 nam,
615 558 696 609 sed
714 562 880 622 quanto
900 559 1122 608 medicina
1149 562 1217 609 est
1243 557 1387 621 magis
1411 558 1741 621 proportionata
1765 554 1917 605 morht

459 641 562 691 ergo
589 643 679 680 nou
709 633 882 694 oportet
918 628 1039 694 quod
1068 631 1228 694 religio
1255 630 1381 679 tanto
1406 630 1465 681 sit
1492 629 1727 695 perfectior
1755 624 1917 692 quanto

451 701 594 765 jurem
615 703 751 752 habet
771 706 1087 767 paupertatem
1105 741 1119 766 ,
1140 704 1219 753 sed
1244 701 1413 767 quanto
1430 702 1530 766 ejus
1553 703 1792 765 paupertas
1812 702 1881 749 est
1903 710 1917 745 1

459 774 789 837 proportionata
835 774 913 823 tini
951 774 1175 825 communi
1218 779 1262 825 et
1302 774 1503 838 speciali.
1548 775 1605 825 Et
1648 773 1687 823 si
1722 773 1899 822 daretur

459 857 670 898 excessus
689 845 967 909 paupertatis
985 845 1149 895 faceret
1172 846 1434 909 religionem
1456 845 1770 909 perfectiorem
1800 854 1917 892 secui

459 917 543 966 linc
570 917 690 980 quod
715 922 785 967 est
813 917 1078 982 pauperior,
1106 930 1198 967 non
1227 921 1376 967 tamen
1403 915 1575 968 faceret
1603 929 1703 967 eam
1728 910 1917 980 perlecti

459 988 749 1052 simpliciter3
772 993 930 1052 posset
947 988 1068 1038 enim
1096 1002 1193 1039 esse
1212 986 1331 1051 quod
1360 987 1446 1039 alia
1473 988 1631 1051 religio
1652 982 1917 1038 excedereti

463 1073 558 1121 quae
595 1061 824 1124 pertinent
860 1062 913 1110 ad
954 1059 1275 1111 continentiam
1304 1063 1352 1111 et
1386 1059 1719 1123 obedientiam,
1749 1062 1797 1108 et
1845 1055 1907 1107 sic

463 1130 728 1194 simpliciter
753 1131 1020 1195 perfectior,
1046 1132 1153 1196 quia
1185 1150 1212 1180 ε(
1237 1133 1356 1197 quod
1388 1132 1439 1182 in
1466 1131 1728 1182 melioribus
1756 1126 1917 1182 excedil

463 1202 726 1265 simpliciter
754 1202 933 1253 meliuS.
969 1221 995 1250 »

526 1274 592 1323 Ad
622 1273 866 1323 secundum
891 1274 1129 1325 dicendum
1148 1312 1162 1338 ‚
1191 1274 1309 1339 quod
1331 1287 1413 1339 per
1433 1276 1520 1325 hoc
1552 1274 1670 1338 quod
1697 1272 1913 1331 Dominus

463 1345 666 1402 Martii„
688 1346 743 1395 v1
772 1362 784 1396 :
815 1346 1009 1396 «Nolite
1028 1346 1209 1397 solliciti
1245 1342 1345 1397 esse
1380 1346 1428 1397 in
1460 1346 1727 1409 crastinum,
1753 1363 1782 1394 ι)
1808 1357 1897 1396 non

463 1417 616 1481 ligitur
644 1416 762 1481 quod
805 1417 921 1466 nihil
947 1426 1201 1469 reservetur
1244 1418 1293 1467 in
1332 1419 1562 1483 futurum3
1587 1420 1675 1469 hoc
1720 1417 1843 1469 enim
1878 1426 1917 1479 p<

463 1489 609 1539 lusum
627 1501 727 1539 esse
741 1490 898 1540 beatus
916 1490 1141 1540 Antonius
1158 1489 1207 1540 in
1229 1490 1594 1541 Collationibus
1613 1493 1827 1541 Patrum
1842 1491 1917 1540 ost«

463 1561 617 1610 dicens
647 1561 766 1625 quod
805 1578 832 1609 «
862 1561 1165 1626 privationem
1200 1562 1400 1612 omnium
1434 1561 1694 1612 facultatum
1727 1562 1795 1614 ita
1835 1561 1917 1611 secl

467 1636 515 1681 ut
543 1645 599 1681 ex
623 1632 734 1697 ipsis
760 1646 845 1683 nec
877 1633 1058 1696 quidem
1090 1633 1227 1683 unius
1250 1633 1341 1683 diei
1363 1633 1536 1683 victum
1558 1633 1743 1684 sibimet
1760 1644 1917 1684 unumt

467 1704 641 1753 narium
679 1718 915 1768 superesse
954 1709 1227 1769 paterentur,
1262 1708 1310 1756 et
1334 1704 1423 1754 alia
1443 1705 1706 1769 hujusmodi
1730 1706 1917 1757 faciente

467 1774 660 1826 *vidimus
693 1780 880 1841 repente
931 1777 1174 1840 deceptos,
1217 1781 1266 1827 ut
1299 1780 1523 1841 arreptum
1556 1790 1669 1841 opus
1697 1792 1792 1828 non
1836 1778 1917 1840 pota

467 1858 664 1910 congruo
685 1848 808 1898 exitu
838 1849 1095 1898 terminare.
1122 1864 1150 1895 »
1182 1849 1239 1898 Et
1274 1851 1324 1897 ut
1351 1848 1631 1911 Augustinus
1658 1848 1772 1899 dicit
1809 1849 1859 1899 in
1880 1844 1917 1895 lil

467 1920 697 1981 operibus
719 1922 943 1970 monach.
980 1919 1116 1985 (cap.
1147 1920 1260 1983 23),
1298 1936 1327 1968 «
1354 1920 1395 1971 si
1423 1921 1511 1970 hoc
1548 1919 1740 1969 verbum
1774 1918 1917 1971 Domit

467 1991 614 2041 Nolite
643 1991 823 2042 solliciti
850 2005 950 2042 esse
973 1992 1021 2042 in
1039 1992 1306 2055 crastinum,
1341 2009 1369 2040 «
1400 1992 1462 2041 ita
1497 1990 1776 2053 intelligatur
1802 1994 1854 2041 ut
1875 1988 1917 2040 ni

471 2063 716 2114 crastinum
759 2067 1033 2129 reponatur,
1075 2076 1167 2113 non
1204 2067 1421 2127 poterunt
1455 2062 1541 2113 ista
1577 2076 1761 2115 servare
1789 2063 1867 2129 qui
1905 2075 1917 2110 ε

471 2135 632 2185 multos
668 2134 764 2185 dies
792 2134 818 2185 a
848 2138 1099 2199 conspectu
1120 2134 1353 2185 homiuum
1384 2138 1615 2198 separatos
1636 2134 1875 2186 includunt
1896 2134 1917 2195 (1

471 2209 630 2257 rentes
663 2207 713 2256 in
749 2220 915 2271 magna
945 2207 1204 2258 intentione
1239 2206 1508 2257 orationum.
1546 2222 1573 2253 »
1603 2206 1662 2256 Et
1689 2211 1852 2269 postea
1876 2218 1917 2254 su

475 2297 503 2325 u
527 2280 596 2328 An
622 2277 738 2329 forte
771 2292 859 2342 quo
888 2282 995 2347 sunt
1034 2278 1313 2339 sanctiores,
1344 2292 1398 2329 eo
1437 2282 1546 2329 sunt
1583 2278 1843 2330 volueribus
1870 2276 1917 2327 di:

475 2349 625 2401 lioreS.
653 2367 680 2397 »
711 2351 768 2401 Et
798 2354 954 2415 postea
983 2351 1131 2401 subdit
1164 2366 1225 2400 ια
1247 2351 1295 2401 Si
1323 2350 1445 2402 enim
1464 2354 1712 2413 urgeantur
1741 2365 1801 2402 ex
1824 2352 1917 2401 Eva]

471 2425 520 2470 ut
548 2422 612 2471 nil
634 2426 857 2486 reponant
876 2423 925 2472 in
952 2424 1223 2487 crastinum,
1245 2422 1499 2474 rectissime
1519 2424 1828 2487 respondent:
1854 2424 1917 2472 Cul

473 2493 568 2557 ipse
590 2495 806 2546 Dominus
821 2494 997 2547 loculos
1014 2496 1172 2545 habuit
1188 2496 1266 2547 ubi
1287 2495 1528 2561 pecuniam
1548 2495 1779 2546 collectam
1800 2507 1917 2560 repoi

471 2565 561 2615 Eur
590 2569 714 2617 tauto
747 2570 848 2619 ante
859 2605 877 2631 ‚
908 2567 1028 2619 fame
1066 2568 1330 2619 imminente
1348 2607 1361 2631 ,
1399 2569 1624 2617 frumenta
1661 2568 1833 2619 sanctis
1864 2577 1917 2630 pa

542 2736 603 2801 (1)
632 2741 692 2786 Et
716 2741 852 2787 nulli
878 2740 941 2787 ad
962 2754 1010 2789 se
1034 2740 1293 2800 probantes
1320 2754 1581 2791 accessum,
1608 2742 1729 2787 sieut
1752 2743 1911 2789 addit:

471 2804 714 2861 facillima
737 2806 931 2862 quidem
956 2809 999 2851 et
1017 2806 1292 2855 vilissima,
1307 2805 1388 2850 aad
1412 2806 1628 2862 qnamdam
1655 2809 1817 2852 tamen
1836 2804 1917 2852 alio

475 2880 631 2911 recum
673 2868 929 2914 includere
970 2872 1350 2917 consueverunt,
1392 2880 1496 2926 quoe
1535 2868 1650 2916 illos
1687 2867 1790 2917 dies
1817 2864 1917 2929 quit

475 2930 614 2978 nullo
637 2935 913 2982 statuerumt
937 2932 1105 2979 videri
1127 2930 1389 2991 sufficiant.
