1917 3317
571 206 661 252 258
954 213 1080 253 rna
1112 214 1195 265 m,
1230 213 1421 258 οωιετ.
1454 214 1519 263 ιι,
1551 212 1663 251 Am.
1699 213 1806 253 vm.

567 295 638 343 est
676 290 861 342 realiter
900 290 952 341 in
985 292 1118 352 Deo,
1148 290 1227 340 sed
1274 289 1528 340 secundum
1571 288 1796 341 rationem
1836 292 1917 340 tant

571 378 657 416 non
691 362 937 413 innascitur
969 362 1219 413 secuudum
1248 360 1546 412 mutationem
1568 362 1669 411 Dei.
1701 362 1781 412 Sic
1800 375 1895 425 ergo

567 439 636 487 est
673 434 799 500 quod
825 436 925 486 haee
955 434 1066 485 unio
1090 435 1145 484 de
1175 446 1265 497 qua
1288 432 1531 496 loquimur,
1561 446 1654 483 non
1678 438 1749 483 est
1776 434 1821 483 in
1854 434 1917 483 De<

567 508 645 559 sed
686 508 936 558 secundum
973 506 1199 557 rationem
1236 509 1446 567 tantum3
1478 504 1529 553 in
1565 506 1771 556 humana
1799 512 1917 556 auter

567 592 667 643 quae
695 582 902 629 creatura
922 579 1130 641 quaedam
1154 580 1251 639 est,
1283 575 1465 626 realiter
1490 579 1559 626 est
1586 592 1597 625 z
1621 580 1669 627 et
1694 577 1798 628 ideo
1824 589 1917 641 opor

567 649 684 715 quod
730 650 790 699 sit
817 648 1031 713 quiddam
1054 653 1273 699 creatum.

629 723 696 773 Ad
716 722 911 787 primum
938 732 1048 782 ergo
1078 718 1320 770 dicendum
1342 756 1355 775 ,
1384 718 1504 782 quod
1532 720 1632 770 haee
1651 720 1761 771 unio
1791 734 1881 773 non
1907 734 1917 769 i

567 794 744 845 realiter
759 832 773 855 ,
813 793 893 843 sed
927 791 1178 841 secundum
1216 789 1437 840 rationem
1466 792 1676 854 tantum3
1708 793 1874 843 dieitur
1896 805 1917 842 e

567 868 740 917 unitus
766 867 1051 921 creatum,
1084 876 1142 914 ex
1185 863 1273 912 hoe
1312 861 1436 926 quod
1479 866 1685 914 ereatura
1722 868 1796 915 est
1839 864 1917 914 rea}

567 941 653 990 Deo
687 939 855 1001 absque
891 937 993 1001 ejus
1014 933 1285 986 mutatione.

625 1012 693 1061 Ad
713 1010 959 1061 secundnm
984 1009 1246 1069 dicendum,
1266 1007 1386 1071 quod
1405 1006 1519 1058 ratio
1537 1007 1774 1060 relationis
1796 1010 1911 1060 sieut

563 1083 789 1147 dependet
815 1095 870 1132 ex
902 1082 994 1131 fine
1025 1082 1102 1130 vel
1132 1080 1357 1139 termino,
1388 1080 1470 1130 sed
1495 1094 1597 1129 esse
1635 1082 1739 1144 ejus
1769 1082 1917 1145 depenc

559 1156 696 1217 jecto.
733 1154 790 1203 Et
825 1154 933 1217 quia
972 1154 1084 1203 unio
1107 1152 1209 1203 talis
1237 1165 1330 1202 non
1357 1150 1495 1202 habet
1522 1166 1626 1201 esse
1652 1153 1776 1203 reale
1806 1152 1894 1204 nisi

563 1236 712 1275 ereata
746 1226 834 1290 (ut
881 1224 1053 1275 dictum
1096 1224 1201 1287 est)
1237 1236 1522 1288 consequens
1569 1228 1642 1275 est
1688 1223 1813 1287 quod
1854 1225 1917 1275 hal

563 1299 776 1346 creatum.

623 1368 691 1417 Ad
719 1368 902 1418 tertium
939 1368 1216 1430 dicendum,
1256 1365 1377 1431 quod
1414 1369 1553 1419 homo
1590 1367 1755 1418 dicitur
1782 1372 1917 1419 creat

563 1441 696 1490 Deus
715 1444 900 1504 propter
925 1440 1163 1503 unionem,
1185 1440 1233 1491 in
1263 1443 1484 1503 quantum
1512 1439 1781 1490 terminatur
1801 1441 1857 1493 ad
1879 1443 1917 1505 h:

559 1512 779 1564 divinam.
814 1515 913 1564 Non
941 1518 1093 1563 tamen
1114 1514 1322 1577 sequitur
1349 1511 1471 1577 quod
1498 1512 1600 1576 ipsa
1619 1513 1731 1563 unio
1761 1514 1825 1563 sit
1850 1507 1917 1564 cr'c

567 1584 694 1634 Deus
703 1600 720 1649 ;
754 1586 860 1650 quia
884 1586 1001 1650 quod
1030 1585 1198 1651 aliquid
1226 1584 1399 1635 dicatur
1432 1588 1661 1647 creatum,
1690 1587 1779 1639 hoc
1811 1599 1917 1651 mag

559 1672 658 1707 esse
688 1656 833 1722 ipsius
860 1671 998 1722 quam
1019 1659 1259 1710 rationem.

1122 1836 1444 1890 ARTICULUS
1483 1837 1582 1890 VIII
1586 1874 1600 1890 .

662 1963 833 2009 Utrt'am
852 1962 970 2008 unio
990 1963 1138 2011 Verbi
1160 1964 1408 2009 incarnati
1426 1964 1489 2011 sit
1510 1964 1638 2010 idem
1656 1964 1782 2021 qnod
1800 1975 1916 2012 assu

620 2090 685 2140 Ad
713 2093 921 2141 octavum
949 2090 1017 2141 sie
1047 2092 1309 2155 proceditur
1330 2091 1422 2157 (1).
1450 2092 1639 2142 Videtur
1657 2092 1779 2157 quod
1806 2092 1917 2144 iden

559 2164 676 2227 quod
694 2164 998 2227 assumptio,
1028 2163 1290 2215 Relationes
1311 2164 1436 2214 enim
1457 2164 1574 2214 sicut
1597 2167 1642 2213 et
1662 2168 1814 2215 motus
1839 2178 1917 2229 spe

559 2233 809 2285 zecundum
837 2234 1083 2284 terminum
1113 2234 1204 2300 (2).
1235 2236 1326 2285 Sed
1353 2236 1477 2285 idem
1504 2238 1575 2285 est
1596 2234 1822 2286 terminus
1838 2248 1916 2286 ass

559 2310 604 2357 et
630 2306 841 2369 unicum,
869 2306 1046 2357 scilieet
1066 2307 1224 2358 divina
1258 2308 1532 2371 hypostasis.
1554 2309 1672 2372 Ergo
1710 2308 1890 2359 videtur

559 2378 764 2428 differant
800 2380 909 2428 unio
937 2381 986 2428 et
1007 2378 1275 2443 assumptio.

617 2452 665 2499 8.
697 2450 949 2509 Praeterea,
986 2449 1036 2498 in
1068 2450 1285 2513 mysterio
1321 2449 1654 2501 lucarnationis
1688 2451 1814 2501 idem
1838 2451 1917 2501 vid

555 2520 716 2571 uniens
753 2526 800 2572 et
822 2534 1088 2583 assumen5‚
1119 2520 1296 2571 unitum
1329 2525 1375 2571 et
1403 2526 1701 2587 assumptum.
1731 2523 1823 2573 Sed
1856 2537 1917 2573 un

555 2594 783 2658 sumptio
817 2593 1029 2643 videntur
1055 2591 1185 2657 sequi
1222 2592 1447 2644 actionem
1475 2596 1523 2643 et
1556 2593 1820 2657 passionem
1838 2632 1851 2657 ,
1880 2609 1917 2644 u

619 2753 680 2818 (1)
712 2757 839 2803 Idem
865 2757 956 2813 111,
986 2754 1141 2807 Sem„
1169 2756 1277 2802 dist.
1299 2755 1347 2816 5,
1376 2764 1462 2804 art.
1486 2757 1539 2817 1,
1571 2760 1846 2815 quaestione.
1872 2758 1917 2806 3.

619 2826 686 2890 (2)
720 2832 780 2875 Ut
802 2839 861 2873 ex
899 2826 1203 2885 Cateqon‘is,
1232 2838 1337 2887 cap.
1375 2830 1432 2876 de
1461 2832 1525 2878 ad
1555 2832 1751 2893 aliquid
1781 2843 1917 2890 quoa«

559 2904 663 2939 nem
688 2891 942 2947 colligatum
972 2903 1030 2936 ex
1059 2894 1122 2938 V.
1157 2898 1312 2938 autem
1340 2891 1421 2941 lib.
1456 2896 1676 2953 physio„
1701 2908 1810 2955 cap.
1838 2896 1893 2958 ο,

559 2954 712 3013 quoad
735 2959 930 2999 motum.
