1917 3317
311 167 344 206 ne
358 167 426 206 nono
440 167 549 206 naronrs.
786 157 831 206 ιιι

32 243 86 294 ritus
102 255 191 295 mrmm
209 246 235 294 et
250 255 302 294 oms
313 256 363 294 non
380 245 465 307 habet,
479 244 539 294 siout
559 255 596 294 me
614 243 831 296 dirutionibus.»

34 317 87 367 darn
99 320 173 366 autem
182 319 207 366 et
220 329 273 365 ossa
283 328 329 366 non
339 319 393 366 sunt
402 330 431 366 ex
442 315 536 366 materia
549 315 653 366 ooeleslis
662 316 761 380 corporis
768 353 777 381 ‚
792 319 832 370 sed

35 403 62 437 ex
74 388 216 439 inleriorrhus
226 388 355 438 elementis.
371 389 431 451 Ergo
442 401 523 453 eorpus
536 387 619 438 Christi
634 401 680 438 nou
694 388 738 438 luit
750 403 831 454 corpus

34 460 130 522 orsiesis,
142 459 183 510 sed
196 472 307 508 carneum
322 463 346 508 et
363 463 488 509 terrenum.

66 531 258 594 (Cosmusro.-
268 530 332 580 Sient
342 543 422 582 rerum
435 543 518 595 eorpus
530 531 634 581 Christus
649 532 787 595 assumpsit,
800 533 832 583 ita

34 605 147 662 terrenum,
159 615 206 652 non
218 601 322 665 eoeleste,
332 604 393 665 qnod
410 603 548 668 impassibile
561 607 585 653 et
598 601 769 667 incorruptibile
783 608 830 664 est,

35 686 112 736 eorpus
126 687 176 723 enm
190 676 346 738 assumpsisse
358 675 494 725 eredendum
509 675 572 738 est.)

66 745 195 808 despondeo
216 745 357 806 dioendnm,
379 747 439 810 quod
466 748 553 797 eisdern
577 746 703 796 rationibus
722 750 830 812 apparet,

38 830 103 878 quare
115 831 193 881 corpus
202 817 289 868 Christi
303 831 350 869 non
362 818 440 868 debuit
447 831 499 869 esse
508 819 609 881 eoeleste,
617 818 700 882 quibus
713 823 831 870 ostensum

37 887 141 952 estquod
158 902 206 939 non
227 887 305 940 debuit
319 902 372 940 esse
395 891 571 953 phantasticum.
589 889 667 940 Primo
684 889 758 953 eninr,
776 888 831 952 qnia

38 959 90 1009 deut
99 961 179 1012 veritas
189 962 298 1011 humanae
311 965 398 1012 naturae
411 975 457 1013 non
471 963 596 1012 salvaretur
609 961 633 1010 in
645 961 742 1021 Christo,
751 961 771 1011 si
782 975 832 1012 cor-

35 1047 75 1096 pus
85 1035 135 1098 ejas
145 1037 209 1084 esset
218 1032 389 1096 phantasticum
400 1034 440 1098 (ut
453 1033 530 1098 posuit
542 1033 702 1096 llaniehreusl,
717 1033 748 1084 ita
762 1033 830 1084 etiam

35 1119 77 1157 non
89 1106 213 1156 salvaretur
227 1105 246 1154 si
259 1109 383 1168 poneretur
394 1107 501 1167 oeleste,
521 1106 579 1156 siout
595 1107 670 1170 posuit
687 1106 830 1157 Valentinus.

35 1177 86 1226 (Ihm
98 1177 160 1228 enirn
174 1177 248 1227 lorma
269 1177 370 1227 hominis
384 1179 416 1228 sit
427 1181 529 1243 quasdam
549 1191 585 1228 res
599 1178 722 1237 daurons,
737 1177 832 1241 requirit

36 1250 199 1299 determinatam
210 1248 331 1299 materiam
343 1250 429 1300 seilicet
441 1265 520 1301 earnes
529 1253 553 1300 et
564 1263 631 1313 ossa,
640 1263 691 1314 qua
701 1250 724 1299 in
734 1249 834 1300 hominis

35 1321 164 1372 diffinitione
180 1321 237 1384 poni
250 1323 341 1383 oportet
351 1360 359 1382 ,
371 1326 398 1371 ιιι
410 1326 472 1386 patei
486 1336 527 1386 per
541 1323 705 1386 Philosophum
718 1321 765 1370 Vll.
780 1323 832 1370 Me-

35 1392 125 1456 idaplr„
140 1395 200 1442 text.
216 1397 256 1442 ιιι.
271 1391 389 1456 Secundi,
403 1395 513 1454 quiahoc
530 1393 598 1444 etiam
614 1394 731 1456 derogaret
743 1389 833 1441 ventah

33 1477 106 1514 eorum
119 1478 171 1528 pun
184 1463 292 1514 Christus
307 1463 332 1512 in
346 1478 438 1529 corpore
449 1465 529 1528 gessit.
545 1464 601 1516 Cium
618 1464 678 1515 enirn
693 1477 774 1527 corpus
785 1477 832 1514 eoe-

35 1537 88 1586 leste
103 1536 133 1586 sit
152 1535 296 1600 impassibile
314 1540 337 1586 et
353 1536 539 1601 incorruptibile,
553 1540 580 1586 ut
601 1537 708 1602 probatur
724 1536 748 1584 in
761 1536 778 1585 l.
796 1536 832 1586 De

34 1606 105 1664 coeto,
118 1611 175 1658 text.
192 1612 239 1669 ιο,
261 1606 281 1657 si
300 1607 372 1658 Filius
388 1608 429 1658 liei
447 1623 528 1672 corpus
549 1609 640 1660 caeleste
657 1604 829 1671 assumpsisset,

34 1692 77 1730 non
99 1679 151 1730 rer'e
173 1679 311 1744 esuriisset,
325 1693 371 1731 non
391 1680 494 1743 sitisset,
513 1693 556 1730 nee
576 1679 646 1731 etiam
662 1678 792 1744 passionem
809 1681 832 1729 et

32 1754 124 1802 mortem
139 1751 297 1802 sustinuisset.
314 1751 400 1815 Tertio,
414 1752 483 1803 etism
496 1754 540 1803 hoc
561 1753 679 1815 derogaret
692 1749 783 1801 veritati
797 1750 831 1800 di·

32 1823 94 1874 vine.
109 1823 168 1874 Cium
185 1822 250 1873 enim
270 1823 343 1873 Filius
363 1823 403 1874 liei
420 1823 551 1874 hominibus
565 1836 590 1874 se
610 1821 748 1885 ostenderit,
764 1823 831 1885 quasi

31 1907 109 1960 eorpus
121 1909 232 1947 earneum
246 1899 270 1946 et
282 1899 397 1946 terrenum
409 1897 548 1957 habentem,
563 1895 644 1946 luisset
656 1895 712 1944 lalsa
724 1895 832 1945 demons-

31 1967 108 2031 traho,
119 1969 141 2018 si
154 1982 239 2032 eorpus
253 1969 346 2018 eoeleste
359 1967 484 2017 habuisset.
495 1967 524 2016 Et
533 1966 584 2017 ideo
595 1967 620 2016 in
633 1967 673 2016 lib.
686 1966 723 2015 De
735 1966 831 2016 Erotes.

32 2038 206 2103 dopmutr'hus,
221 2053 274 2104 cap.
285 2044 309 2100 ι,
324 2040 421 2090 dieitur:
436 2040 531 2090 «Natus
542 2042 578 2090 est
592 2039 632 2088 liei
646 2037 726 2096 Filius.
739 2049 830 2087 earnem

33 2122 58 2159 er
66 2111 167 2175 Virginis
180 2123 276 2176 corpore
286 2112 379 2161 trahens
386 2148 395 2175 ,
404 2115 427 2162 et
437 2125 483 2161 non
496 2112 524 2162 de
535 2112 594 2161 oeelo
607 2123 683 2160 meum
697 2110 802 2160 aderens.
815 2125 830 2156 n

60 2183 94 2232 dd
111 2183 211 2247 primurn
232 2196 288 2245 ergo
298 2183 432 2244 dicendum,
447 2183 509 2248 qnod
520 2183 626 2234 Christus
638 2181 721 2233 dieitur
732 2182 760 2232 de
775 2184 832 2234 eoelo

33 2254 176 2305 descendisse
198 2253 320 2318 dupliciter
336 2268 343 2303 ι
358 2267 404 2304 uno
425 2255 511 2316 modo,
526 2255 613 2305 ratione
634 2253 716 2305 divina
735 2256 831 2317 nature,

7 2360 8 2363 ι
35 2325 126 2375 nonita
145 2323 208 2389 qnbd
221 2328 302 2375 natura
313 2325 390 2375 divina
402 2326 492 2378 innodo
505 2339 557 2378 esse
571 2325 680 2386 desierit,
694 2325 734 2375 sed
745 2325 797 2388 quia
808 2325 832 2374 in

34 2395 114 2446 intimis
134 2410 196 2448 noro
219 2397 285 2447 modo
306 2410 356 2447 esse
373 2397 459 2462 ooepit,
473 2397 560 2448 scilieet
580 2398 704 2447 seeundum
728 2400 832 2446 naturam

35 2472 172 2532 assumptam
184 2506 192 2528 ‚
206 2469 332 2518 seeundum
347 2468 402 2519 illud
418 2471 502 2526 doen,
514 2471 545 2520 lll
559 2483 566 2518 ε
584 2485 597 2515 n
610 2469 682 2518 Nemo
694 2467 796 2517 aseendit
809 2467 833 2517 in

8 2546 9 2603 3
35 2540 132 2601 ωειιιιιι,
150 2539 197 2588 nisi
210 2540 249 2602 qui
261 2540 378 2591 deseendit
387 2541 415 2592 de
426 2542 499 2605 emto,
513 2541 585 2591 Filius
596 2539 696 2590 hominis
706 2538 746 2604 qui
759 2540 831 2590 estin

8 2612 9 2639 r
34 2611 106 2672 coel03
120 2611 191 2661 »alio
205 2611 271 2662 modo
279 2649 288 2675 ,
304 2612 392 2663 ratione
403 2614 520 2676 eorporis,
535 2625 580 2663 non
594 2611 647 2675 quia
661 2611 736 2675 ipsum
752 2625 833 2675 corpus

36 2682 120 2732 Christi
134 2683 259 2732 seeundum
276 2684 498 2736 suamsubstantiam
509 2686 537 2735 de
554 2684 611 2734 eoelo
626 2682 778 2745 descenderit,
792 2683 832 2734 sed

38 2753 89 2815 quia
105 2753 190 2804 rirtrrte
207 2755 305 2816 umlesti,
320 2757 343 2808 id
359 2761 407 2821 est,
421 2758 519 2822 Spiritus
538 2754 623 2815 saneti,
639 2758 674 2804 est
690 2755 741 2817 ejus
754 2767 834 2816 corpus

35 2824 165 2876 formatum.
176 2828 238 2876 Unde
248 2829 388 2892 leguminus
396 2829 492 2879 dieitod
504 2828 633 2882 Orosiums
647 2837 765 2888 exponens
776 2836 834 2871 aue-

38 2896 150 2949 toritatem
164 2897 279 2950 inductam
294 2913 300 2949 ι
317 2899 463 2952 «Caelestem
476 2900 529 2952 dico
541 2895 665 2958 Christum,
680 2895 792 2959 quianon
805 2904 834 2941 es
