1917 3317
208 186 238 221 un
253 180 461 221 umnannrrorss
476 179 687 221 manumortis.
798 170 845 218 ast

44 262 98 309 tunc
106 259 173 325 tangi
182 260 211 310 alr
221 272 249 311 ea
258 258 314 310 uelit
324 263 364 309 aut
374 258 456 323 possit.
464 259 494 309 ut
503 258 582 323 utique
590 259 690 323 poterit,
701 258 742 309 sed
752 258 844 321 affectu,

45 346 90 382 non
102 344 188 393 manu3
204 334 270 393 uoto,
285 344 332 381 non
346 331 427 393 oculo,
441 331 499 392 lide,
513 344 559 382 non
573 331 686 382 sensibus.
700 331 759 389 Quid
769 335 794 381 tu
808 344 845 380 ma

43 403 94 466 (ait)
108 402 177 453 modd
190 405 282 466 tangere
292 402 388 465 quaeris,
405 414 456 465 quae
473 416 542 453 sensu
554 402 656 463 eorporis
665 402 760 466 gloriam
776 400 841 451 aesti-

45 486 91 523 mas
102 474 285 537 resurrectionis,
302 476 347 523 eto.
359 490 372 519 n

74 546 108 595 ild
120 548 227 608 quartum
241 543 376 605 dicendum,
388 543 447 608 quod
459 544 518 595 siout
529 545 668 609 Augustinus
680 544 735 594 dicit
746 544 771 594 in
783 544 847 593 Dic·

46 616 101 679 logo
112 616 149 666 ad
160 617 278 667 cremum
288 614 352 679 (sive
363 614 420 665 alius
428 619 514 679 auctor,
520 617 581 667 inter
589 618 641 681 ejus
647 630 725 681 opera,
733 620 790 666 tom.
802 614 845 678 IV,

47 702 83 749 qu.
98 686 166 751 tt),
184 702 198 734 <r
214 685 337 745 clarificata
354 698 422 737 carne
442 688 552 739 Dominus
570 688 706 751 resurrexit3
720 687 761 737 sed
776 687 850 737 noluit

46 758 68 807 in
79 772 107 809 ea
123 756 284 809 clarificatione
302 758 421 821 discipulis
434 758 482 809 suis
495 759 684 825 appareregqnia
697 774 744 811 non
756 762 849 823 possent

46 830 119 881 oculis
129 830 180 881 suis
193 830 261 880 talem
272 830 398 880 claritatem
407 831 545 894 perspicere.
558 832 581 881 Si
591 832 653 883 enim
668 834 789 895 antequam
800 841 849 881 mo

47 905 136 952 reretnr
151 913 194 965 pro
205 900 279 963 uobis,
291 905 314 953 et
327 906 468 965 resurgeret,
479 904 574 967 ,qumdo
590 904 762 967 transfiguratus
777 904 812 951 cst
823 901 849 952 in

46 978 132 1035 monte,
146 972 251 1037 discipuli
261 974 296 1023 sui
309 986 361 1024 eum
374 974 454 1024 uidere
468 988 515 1023 nou
531 977 663 1037 potueruut,
673 974 759 1039 quanto
774 972 848 1037 magis

47 1044 173 1105 glorificati
190 1058 258 1095 earne
277 1044 384 1108 Domini,
403 1058 455 1095 eum
470 1044 549 1096 videre
569 1059 616 1096 non
629 1044 793 1109 potueruutlu
808 1045 849 1094 list

46 1115 114 1165 etiam
128 1116 316 1166 considerandum
331 1115 392 1179 qrrdd
406 1118 457 1181 post
469 1116 672 1180 resurrectionem,
687 1116 795 1167 Dominus
805 1115 850 1165 hoc

45 1186 162 1251 precipue
177 1186 265 1237 volebat
285 1188 418 1248 ostendere,
433 1186 495 1250 quod
507 1186 567 1237 idem
581 1188 632 1250 ipse
649 1191 711 1239 esset
724 1188 764 1251 qui
783 1199 849 1238 mor-

46 1260 96 1307 tuus
108 1258 372 1322 tuerat3quodmulti1m
386 1262 475 1323 poterat
486 1258 610 1322 impedire,
625 1259 646 1308 si
659 1259 693 1309 cis
705 1259 741 1309 sni
750 1257 850 1322 corporis

45 1328 171 1380 claritatem
185 1331 322 1380 ostenderet.
333 1330 391 1392 Nam
398 1326 527 1379 immutatio
540 1343 590 1391 quae
601 1328 628 1377 lit
638 1328 762 1381 secundini
772 1340 850 1392 aspec-

44 1403 104 1455 tum,
121 1400 224 1452 maxime
243 1402 343 1452 ostendit
361 1400 517 1451 diversitatem
534 1400 586 1464 ejus
603 1402 664 1463 quod
678 1401 778 1463 uidetur,
796 1400 850 1465 qnia

45 1472 164 1523 sensibilia
173 1472 302 1521 communia
311 1471 379 1535 (inter
391 1485 441 1535 ona
453 1476 490 1521 est
500 1486 579 1520 unum
591 1474 615 1521 et
626 1472 721 1528 molta,
732 1472 770 1522 uel
781 1470 850 1521 idem

45 1544 66 1591 et
80 1544 237 1605 diuersum),
255 1542 352 1592 manime
372 1544 482 1607 dijudicat
496 1542 569 1593 visus.
584 1542 630 1592 Sed
640 1548 695 1594 aute
710 1544 849 1607 passionem,

46 1628 73 1665 ne
85 1616 241 1666 infirmitatem
251 1614 364 1679 passionis
374 1616 424 1678 ejus
435 1614 541 1679 discipuli
554 1614 703 1678 despicerent,
717 1615 851 1665 intendebat

45 1687 150 1739 Christus
159 1688 194 1739 eis
208 1687 301 1751 gloriam
315 1686 441 1750 majestatis
458 1700 506 1736 suu
522 1687 658 1747 ostendere,
671 1699 739 1750 qnam
752 1685 851 1737 maxime

45 1758 151 1810 demonst
141 1762 188 1809 trat
200 1758 291 1808 claritas
302 1759 410 1821 corporis.
425 1758 455 1807 lit
466 1758 518 1807 ideo
532 1762 585 1807 ante
598 1759 742 1820 passionem,
756 1758 851 1822 gloriam

47 1842 110 1879 suam
124 1830 289 1881 demonstrauit
302 1828 420 1893 discipulis
431 1842 472 1893 per
486 1829 623 1889 claritatem,
637 1835 690 1894 post
702 1828 852 1881 resurrectio·

49 1914 100 1951 nem
114 1906 193 1953 autem
206 1914 248 1965 per
264 1900 308 1951 alia
326 1902 418 1951 indicia

78 1975 111 2023 lld
122 1974 230 2039 quintum
241 1974 377 2034 dicendum,
393 1973 454 2037 quod
469 1973 530 2023 sicut
544 1973 684 2058 Augustinus
698 1939 771 2024 dicit
765 1987 790 2023 ιιι
810 1974 850 2025 lio.

50 2045 215 2096 Decmmenru
229 2044 386 2109 Euangelist
403 2046 459 2107 (lio
473 2045 517 2105 lll,
526 2043 719 2108 uersisfinem),
729 2058 852 2108 possumus

48 2114 177 2179 intelligere
191 2129 262 2167 unum
274 2116 410 2179 angelum·
389 2130 463 2166 ursum
477 2114 646 2177 amplioribus,
659 2116 784 2167 seeundirm
796 2117 852 2167 llat-

48 2187 131 2237 tlraenm
147 2190 170 2236 et
190 2188 301 2248 Marcum,
318 2191 344 2236 ut
356 2198 394 2237 eas
404 2186 518 2250 ingressas
529 2186 554 2235 in
570 2191 742 2237 monumentum
755 2186 852 2251 accipia-

50 2270 115 2321 mus,
130 2258 158 2307 in
179 2258 270 2321 aliqmd
293 2257 378 2307 scilicet
400 2258 500 2321 spatium
518 2257 579 2320 quod
596 2261 645 2306 erat
662 2257 738 2320 adqui
753 2257 851 2307 macerit

50 2330 232 2392 communitum,
248 2331 316 2392 atque
329 2328 362 2379 ibi
375 2329 460 2379 uidisse
476 2329 566 2389 agelum
581 2329 697 2379 sedentem
712 2330 725 2379 l
738 2330 851 2392 denmns,

53 2404 110 2461 orrod
125 2401 182 2451 dicit
199 2401 300 2462 Marcus;
320 2400 402 2451 deiude
416 2401 469 2450 dum
487 2400 664 2465 introspicerem
677 2400 754 2450 locum
767 2402 791 2449 in
807 2416 853 2465 quo

48 2472 152 2529 jacuerat
163 2484 246 2536 eorpus
260 2470 358 2531 Domini,
373 2470 434 2522 visos
444 2472 472 2522 ab
487 2472 519 2522 eis
528 2472 584 2522 alios
596 2473 653 2523 duos
662 2472 764 2535 angelos,
778 2471 852 2537 primu

53 2544 144 2605 quidem
158 2544 275 2607 sedentes,
287 2547 314 2592 ut
329 2542 383 2593 dicit
395 2546 509 2606 loannes,
524 2549 547 2594 et
562 2547 641 2610 postea
655 2558 695 2594 eos
710 2543 851 2606 surrexisse,

52 2617 75 2663 ut
91 2618 181 2667 stantes
190 2615 330 2679 uiderentur,
345 2618 369 2665 ut
378 2616 433 2665 dicit
447 2616 528 2666 Lucas.
