1917 3317
161 174 206 226 ist
256 184 366 225 srcnrns
382 183 510 236 sncnnnn,
523 185 614 232 onnon.
629 185 749 239 mum,
765 185 818 226 scr.
832 185 851 225 r.
925 216 927 249 ÷

159 267 297 334 perfectores
315 263 342 313 ad
360 261 484 328 periectos,
500 265 526 312 ut
542 265 606 327 patet
625 275 667 327 per
678 262 827 329 ttionpsinm,
837 259 866 310 tl.
881 265 913 314 til·

107 359 109 366 ’
160 338 253 391 Euclea.
268 335 400 390 hierarch„
411 334 449 385 ubi
464 334 532 385 etiam
543 333 613 399 llicit,
628 333 689 399 qnbd
703 325 915 402 umonacbornuordt

160 409 292 476 pontificum
313 405 497 458 consummativis
518 405 639 457 virtutibus
661 406 847 471 mancipatur,et
861 397 915 452 diridt

160 494 236 534 eornm
247 478 448 532 illuminationibus
459 479 572 529 edocetur.
590 478 679 529 atinde
687 477 716 528 ab
729 479 873 544 episcoporum
883 469 916 521 obt

159 551 245 604 dientie
261 565 304 602 nec
324 550 424 602 eremite
443 563 486 600 nse
498 549 566 601 etiam
584 549 671 614 praelati
688 549 823 613 religionum
837 552 916 600 eremet-

159 622 198 676 tnc
205 621 253 690 (l);
265 626 289 674 et
299 622 320 673 si
328 621 342 672 a
351 620 486 672 diecesauts
496 621 610 686 episcopis
622 620 721 672 totaliter
729 622 768 672 rel
779 636 809 673 ex
820 624 874 687 parte
881 613 914 690 suti

159 695 273 759 exempti,
287 693 413 756 obipamm
426 695 503 744 tamen
517 693 545 743 ad
562 692 712 743 obediendum
725 705 813 744 summo
827 685 916 759 Poetilio.

162 780 207 818 non
224 765 296 818 solim
308 766 332 815 in
345 764 382 815 bis
395 777 445 830 quas
457 767 510 815 sunt
522 764 648 814 communia
662 763 726 828 aliis,
740 766 781 815 sed
798 755 919 816 omnnio

162 851 213 904 qne
224 836 351 903 specialiter
361 837 473 901 pertinent
485 837 514 886 ad
526 836 667 900 disciplinam
678 835 804 898 religionis.

193 910 226 960 bd
234 911 338 974 quartum
346 908 475 972 dicendum,
486 905 631 971 qubdmtum
639 907 774 959 obedientie
788 908 816 959 ud
824 902 919 979 siponti

162 981 290 1046 pertinens,
304 995 328 1032 se
342 979 442 1032 extendit
458 980 486 1029 ud
499 979 668 1043 dispositionem
682 978 753 1029 totius
769 981 868 1029 humane
880 973 918 1020 ub·

163 1055 192 1105 itt
206 1053 329 1105 secundinus
347 1053 390 1102 boc
403 1054 480 1102 votnm
499 1050 631 1102 obedientie
644 1046 846 1115 babet'qnamdam
858 1045 927 1119 unirer-j

163 1127 288 1189 solitatem,
299 1123 353 1177 licet
366 1136 411 1174 non
424 1134 449 1174 se
464 1123 573 1173 extendat
585 1123 613 1173 ad
624 1135 703 1173 omnes
715 1119 927 1187 pertremescunt

150 1211 257 1264 unorum
271 1197 361 1262 quidam
371 1195 399 1246 ad
412 1193 544 1258 religionem
553 1207 598 1245 non
607 1195 730 1259 pertinent,
743 1194 797 1259 qnia
811 1207 854 1245 non
863 1168 927 1259 sortiti

163 1271 231 1321 rebus
244 1266 409 1334 pertinentibus
423 1266 451 1315 ad
461 1265 603 1316 dilectionem
615 1266 655 1316 ltei
666 1268 689 1316 et
699 1267 812 1330 proximi,
827 1266 879 1316 sicut
889 1262 927 1307 etti

134 1363 138 1371 ·
163 1341 250 1394 tricatio
268 1339 355 1399 barbas,
370 1337 406 1389 vet
422 1336 508 1387 levatio
521 1337 616 1389 festnce
628 1339 656 1390 de
667 1343 741 1402 terra,
756 1342 781 1389 et
797 1316 927 1410 similest!

163 1427 209 1464 non
225 1413 309 1463 cadunt
321 1409 362 1460 sub
379 1413 432 1459 voto
446 1421 489 1459 nec
501 1408 543 1458 snb
559 1409 694 1460 obedientia.
713 1409 809 1469 Quidam
824 1402 927 1479 verdebttt

163 1482 325 1536 contradantur
341 1479 450 1544 religioni.
470 1481 518 1530 Nec
537 1485 572 1531 est
587 1480 661 1531 simile
681 1482 709 1532 de
726 1485 781 1532 roto
797 1479 927 1547 mutinense

163 1569 204 1620 per
213 1567 280 1619 quum
293 1552 441 1604 exeluduntur
452 1555 516 1602 acuns
528 1551 622 1604 omnino
631 1552 765 1617 perfectioni
776 1551 886 1616 religionis
895 1550 927 1593 stt*

163 1627 236 1678 trurii.

196 1699 230 1748 bd
245 1696 347 1762 quintum
357 1695 490 1758 dicendum,
500 1693 561 1760 qudd
573 1695 699 1747 necessitas
708 1697 833 1749 coactionis
849 1678 927 1821 ἰεοὶιὲᾘ

164 1769 352 1826 voluntarium,
369 1771 391 1818 et
401 1767 452 1818 ideo
463 1767 562 1818 excludit
575 1767 686 1819 rationem
696 1768 770 1819 laudis
784 1773 808 1821 et
821 1765 897 1820 meriti.

164 1840 289 1892 necessitas
307 1851 447 1904 consequens
466 1837 616 1890 obedientiam
637 1853 683 1890 non
701 1844 736 1890 est
753 1842 877 1892 nenessitas
892 1830 927 1905 cop

163 1913 242 1977 tionis,
257 1911 297 1962 sed
308 1911 385 1962 libere
398 1911 531 1975 voluntatis,
547 1912 571 1962 in
586 1915 696 1976 qnantum
707 1913 776 1963 bomo
793 1915 843 1963 vult
853 1904 927 1962 obediit!

163 1983 217 2034 lieet
230 1982 288 2034 torte
302 1996 348 2034 non
366 1983 436 2034 vellet
450 1983 474 2033 id
491 1985 549 2048 qnod
563 1983 694 2045 mandatur,
704 1983 829 2035 secnnddm
847 1996 870 2033 se
887 1962 927 2029 coti.

164 2055 265 2105 denatum
275 2054 378 2120 implere.
391 2055 421 2105 st
433 2055 499 2116 ideo,
510 2055 562 2119 qnia
573 2055 703 2106 necessitati
712 2055 787 2118 aliqua
800 2030 927 2109 tacicnnicut

71 2145 74 2154 ¹
163 2126 288 2178 secundnm
309 2139 332 2176 se
351 2139 398 2178 nen
413 2126 518 2191 placent,
534 2139 575 2190 per
594 2129 673 2176 votnm
694 2127 830 2179 obedientie
848 2106 927 2177 bonni

162 2195 254 2261 subjicit
271 2201 363 2262 propter
380 2199 467 2260 iteum,
483 2210 512 2248 ex
526 2199 571 2248 boc
584 2197 634 2262 ipso
653 2210 680 2248 ea
695 2210 746 2262 qne
766 2197 822 2249 tacit
841 2188 927 2249 curtii

162 2268 235 2333 magis
246 2273 355 2332 acceptu,
370 2269 458 2319 etiamsi
475 2268 522 2318 sint
535 2268 636 2332 minora,
651 2269 703 2334 quia
719 2269 778 2321 nibil
793 2271 868 2335 mains
884 2256 927 2335 pottl

162 2341 230 2392 borno
237 2343 284 2392 lteo
292 2342 354 2403 dare,
365 2341 432 2405 quim
444 2342 504 2406 quod
515 2341 628 2406 propriam
638 2340 777 2392 voluntatem
788 2340 927 2408 proptcripstl

161 2411 273 2462 voluntati
288 2413 379 2464 alerius
393 2413 506 2479 subjiciat.
526 2413 591 2464 Unde
604 2413 629 2462 in
643 2412 779 2464 Collatino.
802 2399 927 2466 Polromd

161 2483 234 2547 citur,
249 2484 418 2535 «deterrimum
431 2498 504 2549 genus
516 2485 678 2535 monachorum
691 2498 742 2535 esse
752 2485 894 2545 sarabaitas,
905 2487 927 2541 αἱ]

195 2599 229 2664 (1)
245 2605 288 2649 Per
305 2615 330 2650 se
343 2603 477 2661 loquendo,
491 2605 554 2650 velut
568 2617 597 2651 ex
612 2605 705 2652 ratione
724 2606 761 2650 sni
774 2603 849 2652 suuis
867 2594 927 2661 pratili¹

163 2666 261 2724 sumpti,
276 2671 300 2711 et
309 2668 400 2712 secluso
409 2667 543 2724 privilegio;
556 2667 621 2726 quod
630 2668 692 2713 enim
703 2667 841 2726 simpliciter
851 2675 875 2713 et
887 2667 927 2710 omi

162 2728 230 2774 mode
243 2741 291 2773 non
302 2729 414 2787 intelliget
429 2731 451 2774 S.
464 2731 580 2787 Thomas,
595 2729 740 2788 apertissime
751 2731 874 2788 sequentia
883 2732 927 2792 ostjb

162 2789 233 2848 dunt,
248 2792 291 2836 nbi
307 2804 348 2838 eos
368 2793 404 2838 vel
424 2793 526 2838 totaliter
539 2794 576 2839 vel
597 2806 626 2838 ex
638 2799 702 2850 parte
721 2793 752 2838 ab
769 2792 900 2839 obedientia
917 2780 927 2828 tl

162 2854 231 2900 eximi
248 2867 316 2911 posse
331 2857 489 2914 praesnpponit
500 2857 537 2902 vel
554 2856 669 2913 insinuat,
689 2855 749 2901 sient
763 2857 847 2902 revcrd
860 2866 899 2914 per
909 2845 927 2907 pt

160 2917 219 2965 rima
233 2929 375 2966 summorum
388 2918 526 2967 Pontitinum
538 2919 628 2966 indulta
640 2919 742 2978 exempti
755 2925 818 2966 sunt.
