<?xml version="1.0" encoding="UTF-8"?>
<!DOCTYPE html PUBLIC "-//W3C//DTD XHTML 1.0 Transitional//EN"
    "http://www.w3.org/TR/xhtml1/DTD/xhtml1-transitional.dtd">
<html xmlns="http://www.w3.org/1999/xhtml" xml:lang="en" lang="en">
 <head>
  <title>
</title>
<meta http-equiv="Content-Type" content="text/html;charset=utf-8" />
  <meta name='ocr-system' content='tesseract 3.04.00' />
  <meta name='ocr-capabilities' content='ocr_page ocr_carea ocr_par ocr_line ocrx_word'/>
</head>
<body>
  <div class='ocr_page' id='page_1' title='image "./summatheologica02nicogoog_0413.png"; bbox 0 0 1917 3317; ppageno 0'>
   <div class='ocr_carea' id='block_1_1' title="bbox 141 61 752 124">
    <p class='ocr_par' dir='ltr' id='par_1_1' title="bbox 141 61 752 124">
     <span class='ocr_line' id='line_1_1' title="bbox 141 61 752 124; baseline -0.007 -14"><span class='ocrx_word' id='word_1_1' title='bbox 141 61 187 112; x_wconf 85' lang='lat' dir='ltr'><strong>tlt</strong></span> <span class='ocrx_word' id='word_1_2' title='bbox 333 73 393 111; x_wconf 83' lang='lat' dir='ltr'><strong>aras</strong></span> <span class='ocrx_word' id='word_1_3' title='bbox 410 73 448 122; x_wconf 87' lang='lat' dir='ltr'><strong>nr,</strong></span> <span class='ocrx_word' id='word_1_4' title='bbox 466 70 560 115; x_wconf 77' lang='lat' dir='ltr'><strong>ouasr.</strong></span> <span class='ocrx_word' id='word_1_5' title='bbox 576 70 626 122; x_wconf 87' lang='lat' dir='ltr'><strong>xu,</strong></span> <span class='ocrx_word' id='word_1_6' title='bbox 643 70 752 124; x_wconf 35' lang='lat' dir='ltr'><strong>aurern.</strong></span> 
     </span>
    </p>
   </div>
   <div class='ocr_carea' id='block_1_2' title="bbox 138 142 906 2640">
    <p class='ocr_par' dir='ltr' id='par_1_2' title="bbox 138 142 906 568">
     <span class='ocr_line' id='line_1_2' title="bbox 139 142 906 212; baseline -0.021 -10"><span class='ocrx_word' id='word_1_7' title='bbox 139 151 183 202; x_wconf 85' lang='lat' dir='ltr'><strong>deo</strong></span> <span class='ocrx_word' id='word_1_8' title='bbox 196 150 255 200; x_wconf 88' lang='lat' dir='ltr'><strong>enim</strong></span> <span class='ocrx_word' id='word_1_9' title='bbox 270 147 330 211; x_wconf 80' lang='lat' dir='ltr'><strong>quod</strong></span> <span class='ocrx_word' id='word_1_10' title='bbox 345 152 368 198; x_wconf 89' lang='lat' dir='ltr'><strong>et</strong></span> <span class='ocrx_word' id='word_1_11' title='bbox 381 147 430 211; x_wconf 85' lang='lat' dir='ltr'><strong>ipse</strong></span> <span class='ocrx_word' id='word_1_12' title='bbox 441 147 524 212; x_wconf 83' lang='lat' dir='ltr'><strong>Jesus,</strong></span> <span class='ocrx_word' id='word_1_13' title='bbox 540 147 749 211; x_wconf 81' lang='lat' dir='ltr'><strong>supercaelestium</strong></span> <span class='ocrx_word' id='word_1_14' title='bbox 763 142 906 197; x_wconf 39' lang='lat' dir='ltr'><strong>substantiam*</strong></span> 
     </span>
     <span class='ocr_line' id='line_1_3' title="bbox 140 215 898 286; baseline -0.013 -14"><span class='ocrx_word' id='word_1_15' title='bbox 140 220 363 286; x_wconf 67' lang='lat' dir='ltr'><strong>supersubstantialis</strong></span> <span class='ocrx_word' id='word_1_16' title='bbox 382 219 526 284; x_wconf 86' lang='lat' dir='ltr'><strong>substantia,</strong></span> <span class='ocrx_word' id='word_1_17' title='bbox 546 221 575 269; x_wconf 92' lang='lat' dir='ltr'><strong>ad</strong></span> <span class='ocrx_word' id='word_1_18' title='bbox 595 223 699 270; x_wconf 83' lang='lat' dir='ltr'><strong>nostram</strong></span> <span class='ocrx_word' id='word_1_19' title='bbox 715 215 898 269; x_wconf 87' lang='lat' dir='ltr'><strong>intransmutabil.</strong></span> 
     </span>
     <span class='ocr_line' id='line_1_4' title="bbox 139 290 897 354; baseline -0.013 -10"><span class='ocrx_word' id='word_1_20' title='bbox 139 295 253 353; x_wconf 84' lang='lat' dir='ltr'><strong>veniens,</strong></span> <span class='ocrx_word' id='word_1_21' title='bbox 268 292 400 341; x_wconf 76' lang='lat' dir='ltr'>obedienter</span> <span class='ocrx_word' id='word_1_22' title='bbox 413 291 534 354; x_wconf 82' lang='lat' dir='ltr'><strong>subjicitur</strong></span> <span class='ocrx_word' id='word_1_23' title='bbox 547 291 622 340; x_wconf 86' lang='lat' dir='ltr'><strong>Patris</strong></span> <span class='ocrx_word' id='word_1_24' title='bbox 636 295 661 340; x_wconf 86' lang='lat' dir='ltr'><strong>et</strong></span> <span class='ocrx_word' id='word_1_25' title='bbox 673 290 713 339; x_wconf 81' lang='lat' dir='ltr'><strong>ltei</strong></span> <span class='ocrx_word' id='word_1_26' title='bbox 726 303 768 353; x_wconf 87' lang='lat' dir='ltr'><strong>per</strong></span> <span class='ocrx_word' id='word_1_27' title='bbox 784 290 878 352; x_wconf 66' lang='lat' dir='ltr'><strong>Angelos</strong></span> <span class='ocrx_word' id='word_1_28' title='bbox 890 290 897 334; x_wconf 85' lang='lat' dir='ltr'><strong>i</strong></span> 
     </span>
     <span class='ocr_line' id='line_1_5' title="bbox 138 358 894 424; baseline -0.013 -11"><span class='ocrx_word' id='word_1_29' title='bbox 138 361 311 413; x_wconf 80' lang='lat' dir='ltr'><strong>mationibus.»</strong></span> <span class='ocrx_word' id='word_1_30' title='bbox 327 360 420 409; x_wconf 83' lang='lat' dir='ltr'><strong>Videtur</strong></span> <span class='ocrx_word' id='word_1_31' title='bbox 436 359 508 422; x_wconf 81' lang='lat' dir='ltr'><strong>igitur</strong></span> <span class='ocrx_word' id='word_1_32' title='bbox 527 358 588 423; x_wconf 84' lang='lat' dir='ltr'><strong>qudd</strong></span> <span class='ocrx_word' id='word_1_33' title='bbox 607 360 660 424; x_wconf 90' lang='lat' dir='ltr'><strong>ipse</strong></span> <span class='ocrx_word' id='word_1_34' title='bbox 681 358 787 409; x_wconf 80' lang='lat' dir='ltr'><strong>Christus</strong></span> <span class='ocrx_word' id='word_1_35' title='bbox 807 358 894 410; x_wconf 77' lang='lat' dir='ltr'><strong>undanti</strong></span> 
     </span>
     <span class='ocr_line' id='line_1_6' title="bbox 139 431 901 496; baseline -0.009 -13"><span class='ocrx_word' id='word_1_36' title='bbox 139 433 197 494; x_wconf 79' lang='lat' dir='ltr'><strong>legis</strong></span> <span class='ocrx_word' id='word_1_37' title='bbox 210 434 293 482; x_wconf 78' lang='lat' dir='ltr'><strong>divinae</strong></span> <span class='ocrx_word' id='word_1_38' title='bbox 308 432 388 494; x_wconf 85' lang='lat' dir='ltr'><strong>subjici</strong></span> <span class='ocrx_word' id='word_1_39' title='bbox 403 431 501 482; x_wconf 83' lang='lat' dir='ltr'><strong>voluerit</strong></span> <span class='ocrx_word' id='word_1_40' title='bbox 509 469 517 495; x_wconf 88' lang='lat'><em>,</em></span> <span class='ocrx_word' id='word_1_41' title='bbox 529 446 571 496; x_wconf 89' lang='lat' dir='ltr'><strong>per</strong></span> <span class='ocrx_word' id='word_1_42' title='bbox 583 445 652 496; x_wconf 84' lang='lat' dir='ltr'><strong>quam</strong></span> <span class='ocrx_word' id='word_1_43' title='bbox 670 432 776 482; x_wconf 75' lang='lat' dir='ltr'><strong>laomims</strong></span> <span class='ocrx_word' id='word_1_44' title='bbox 793 431 901 483; x_wconf 70' lang='lat' dir='ltr'><strong>mediabant</strong></span> 
     </span>
     <span class='ocr_line' id='line_1_7' title="bbox 140 503 392 568; baseline -0.016 -13"><span class='ocrx_word' id='word_1_45' title='bbox 140 503 234 568; x_wconf 76' lang='lat' dir='ltr'><strong>Angelis</strong></span> <span class='ocrx_word' id='word_1_46' title='bbox 251 505 392 554; x_wconf 88' lang='lat' dir='ltr'><strong>erudiuntur.</strong></span> 
     </span>
    </p>

    <p class='ocr_par' dir='ltr' id='par_1_3' title="bbox 140 574 904 1068">
     <span class='ocr_line' id='line_1_8' title="bbox 172 574 904 638; baseline -0.007 -14"><span class='ocrx_word' id='word_1_47' title='bbox 172 579 200 624; x_wconf 67' lang='grc' dir='ltr'><strong>3.Δ</strong></span> <span class='ocrx_word' id='word_1_48' title='bbox 211 577 340 635; x_wconf 73' lang='lat' dir='ltr'><strong>Praeterea,</strong></span> <span class='ocrx_word' id='word_1_49' title='bbox 358 575 416 624; x_wconf 86' lang='lat' dir='ltr'><strong>sicut</strong></span> <span class='ocrx_word' id='word_1_50' title='bbox 430 589 513 638; x_wconf 83' lang='lat' dir='ltr'><strong>eorpus</strong></span> <span class='ocrx_word' id='word_1_51' title='bbox 525 576 653 624; x_wconf 84' lang='lat' dir='ltr'><strong>humanum</strong></span> <span class='ocrx_word' id='word_1_52' title='bbox 666 574 766 625; x_wconf 82' lang='lat' dir='ltr'><strong>naturali</strong></span> <span class='ocrx_word' id='word_1_53' title='bbox 778 575 858 626; x_wconf 78' lang='lat' dir='ltr'><strong>ordine</strong></span> <span class='ocrx_word' id='word_1_54' title='bbox 872 575 904 623; x_wconf 57' lang='lat' dir='ltr'><strong>snt</strong></span> 
     </span>
     <span class='ocr_line' id='line_1_9' title="bbox 140 645 901 711; baseline -0.004 -15"><span class='ocrx_word' id='word_1_55' title='bbox 140 647 197 697; x_wconf 81' lang='lat' dir='ltr'><strong>eitun</strong></span> <span class='ocrx_word' id='word_1_56' title='bbox 209 647 340 711; x_wconf 76' lang='lat' dir='ltr'><strong>corporibus</strong></span> <span class='ocrx_word' id='word_1_57' title='bbox 354 647 499 707; x_wconf 82' lang='lat' dir='ltr'><strong>coelestibus,</strong></span> <span class='ocrx_word' id='word_1_58' title='bbox 509 646 542 695; x_wconf 91' lang='lat' dir='ltr'><strong>ita</strong></span> <span class='ocrx_word' id='word_1_59' title='bbox 555 645 624 697; x_wconf 91' lang='lat' dir='ltr'><strong>etiam</strong></span> <span class='ocrx_word' id='word_1_60' title='bbox 639 649 741 697; x_wconf 85' lang='lat' dir='ltr'><strong>bumana</strong></span> <span class='ocrx_word' id='word_1_61' title='bbox 752 661 821 698; x_wconf 90' lang='lat' dir='ltr'><strong>mens</strong></span> <span class='ocrx_word' id='word_1_62' title='bbox 833 655 901 708; x_wconf 68' lang='lat' dir='ltr'><strong>ange</strong></span> 
     </span>
     <span class='ocr_line' id='line_1_10' title="bbox 140 717 896 783; baseline -0.007 -15"><span class='ocrx_word' id='word_1_63' title='bbox 140 720 262 769; x_wconf 87' lang='lat' dir='ltr'><strong>mentibus.</strong></span> <span class='ocrx_word' id='word_1_64' title='bbox 277 719 321 768; x_wconf 87' lang='lat' dir='ltr'><strong>Sed</strong></span> <span class='ocrx_word' id='word_1_65' title='bbox 339 732 421 783; x_wconf 84' lang='lat' dir='ltr'><strong>eorpus</strong></span> <span class='ocrx_word' id='word_1_66' title='bbox 438 717 524 768; x_wconf 75' lang='lat' dir='ltr'><strong>Christi</strong></span> <span class='ocrx_word' id='word_1_67' title='bbox 543 719 671 780; x_wconf 78' lang='lat' dir='ltr'><strong>subjeetum</strong></span> <span class='ocrx_word' id='word_1_68' title='bbox 691 718 735 767; x_wconf 83' lang='lat' dir='ltr'><strong>init</strong></span> <span class='ocrx_word' id='word_1_69' title='bbox 756 719 896 783; x_wconf 69' lang='lat' dir='ltr'><strong>impressius,</strong></span> 
     </span>
     <span class='ocr_line' id='line_1_11' title="bbox 141 789 898 854; baseline -0.004 -14"><span class='ocrx_word' id='word_1_70' title='bbox 141 791 267 840; x_wconf 70' lang='lat' dir='ltr'><strong>coelestium</strong></span> <span class='ocrx_word' id='word_1_71' title='bbox 284 802 417 854; x_wconf 78' lang='lat' dir='ltr'><strong>corporum3</strong></span> <span class='ocrx_word' id='word_1_72' title='bbox 429 803 511 854; x_wconf 88' lang='lat' dir='ltr'><strong>passus</strong></span> <span class='ocrx_word' id='word_1_73' title='bbox 524 793 560 838; x_wconf 91' lang='lat' dir='ltr'><strong>est</strong></span> <span class='ocrx_word' id='word_1_74' title='bbox 571 789 632 838; x_wconf 91' lang='lat' dir='ltr'><strong>enim</strong></span> <span class='ocrx_word' id='word_1_75' title='bbox 643 789 742 840; x_wconf 88' lang='lat' dir='ltr'><strong>calorem</strong></span> <span class='ocrx_word' id='word_1_76' title='bbox 751 789 778 839; x_wconf 89' lang='lat' dir='ltr'><strong>in</strong></span> <span class='ocrx_word' id='word_1_77' title='bbox 790 794 875 843; x_wconf 71' lang='lat' dir='ltr'><strong>astate„</strong></span> <span class='ocrx_word' id='word_1_78' title='bbox 884 800 898 837; x_wconf 76' lang='lat' dir='ltr'><strong>e:</strong></span> 
     </span>
     <span class='ocr_line' id='line_1_12' title="bbox 140 860 893 926; baseline -0.005 -16"><span class='ocrx_word' id='word_1_79' title='bbox 140 861 215 912; x_wconf 86' lang='lat' dir='ltr'><strong>hieme</strong></span> <span class='ocrx_word' id='word_1_80' title='bbox 229 862 316 924; x_wconf 80' lang='lat' dir='ltr'><strong>frigus,</strong></span> <span class='ocrx_word' id='word_1_81' title='bbox 333 862 394 910; x_wconf 83' lang='lat' dir='ltr'><strong>sieut</strong></span> <span class='ocrx_word' id='word_1_82' title='bbox 412 865 435 911; x_wconf 89' lang='lat' dir='ltr'><strong>et</strong></span> <span class='ocrx_word' id='word_1_83' title='bbox 449 861 505 910; x_wconf 91' lang='lat' dir='ltr'><strong>alias</strong></span> <span class='ocrx_word' id='word_1_84' title='bbox 519 862 629 910; x_wconf 87' lang='lat' dir='ltr'><strong>humanas</strong></span> <span class='ocrx_word' id='word_1_85' title='bbox 649 860 778 924; x_wconf 80' lang='lat' dir='ltr'><strong>passiones</strong></span> <span class='ocrx_word' id='word_1_86' title='bbox 798 863 859 926; x_wconf 81' lang='lat' dir='ltr'><strong>Ergo</strong></span> <span class='ocrx_word' id='word_1_87' title='bbox 877 875 893 908; x_wconf 78' lang='lat' dir='ltr'><strong>n</strong></span> 
     </span>
     <span class='ocr_line' id='line_1_13' title="bbox 142 930 892 996; baseline -0.004 -15"><span class='ocrx_word' id='word_1_88' title='bbox 142 931 193 994; x_wconf 87' lang='lat' dir='ltr'><strong>ejus</strong></span> <span class='ocrx_word' id='word_1_89' title='bbox 207 945 272 982; x_wconf 88' lang='lat' dir='ltr'><strong>mens</strong></span> <span class='ocrx_word' id='word_1_90' title='bbox 283 935 381 981; x_wconf 87' lang='lat' dir='ltr'><strong>bumana</strong></span> <span class='ocrx_word' id='word_1_91' title='bbox 391 933 522 996; x_wconf 82' lang='lat' dir='ltr'><strong>subjacebat</strong></span> <span class='ocrx_word' id='word_1_92' title='bbox 532 930 736 989; x_wconf 67' lang='lat' dir='ltr'><strong>illuminationibus</strong></span> <span class='ocrx_word' id='word_1_93' title='bbox 748 935 892 996; x_wconf 70' lang='lat' dir='ltr'><strong>superemlaa</strong></span> 
     </span>
     <span class='ocr_line' id='line_1_14' title="bbox 140 1003 270 1068; baseline -0.008 -13"><span class='ocrx_word' id='word_1_94' title='bbox 140 1003 270 1068; x_wconf 88' lang='lat' dir='ltr'><strong>spirituum.</strong></span> 
     </span>
    </p>

    <p class='ocr_par' dir='ltr' id='par_1_4' title="bbox 140 1074 899 1498">
     <span class='ocr_line' id='line_1_15' title="bbox 173 1074 896 1142; baseline -0.003 -16"><span class='ocrx_word' id='word_1_95' title='bbox 173 1077 218 1127; x_wconf 88' lang='lat' dir='ltr'><strong>Sed</strong></span> <span class='ocrx_word' id='word_1_96' title='bbox 242 1079 320 1126; x_wconf 84' lang='lat' dir='ltr'><strong>contra</strong></span> <span class='ocrx_word' id='word_1_97' title='bbox 342 1080 389 1138; x_wconf 91' lang='lat' dir='ltr'><strong>est,</strong></span> <span class='ocrx_word' id='word_1_98' title='bbox 404 1075 463 1140; x_wconf 87' lang='lat' dir='ltr'><strong>quod</strong></span> <span class='ocrx_word' id='word_1_99' title='bbox 481 1075 603 1138; x_wconf 76' lang='lat' dir='ltr'><strong>dionysios</strong></span> <span class='ocrx_word' id='word_1_100' title='bbox 625 1074 681 1124; x_wconf 89' lang='lat' dir='ltr'><strong>dicit</strong></span> <span class='ocrx_word' id='word_1_101' title='bbox 700 1076 757 1139; x_wconf 84' lang='lat' dir='ltr'><strong>Vll,</strong></span> <span class='ocrx_word' id='word_1_102' title='bbox 774 1091 828 1142; x_wconf 81' lang='lat' dir='ltr'><strong>cap.</strong></span> <span class='ocrx_word' id='word_1_103' title='bbox 851 1078 896 1126; x_wconf 52' lang='lat' dir='ltr'><strong>Cn*</strong></span> 
     </span>
     <span class='ocr_line' id='line_1_16' title="bbox 141 1146 896 1212; baseline -0.001 -17"><span class='ocrx_word' id='word_1_104' title='bbox 141 1146 276 1202; x_wconf 65' lang='lat' dir='ltr'><strong>hieronem,</strong></span> <span class='ocrx_word' id='word_1_105' title='bbox 289 1147 349 1210; x_wconf 86' lang='lat' dir='ltr'><strong>qudd</strong></span> <span class='ocrx_word' id='word_1_106' title='bbox 363 1146 485 1210; x_wconf 82' lang='lat' dir='ltr'><strong>«supremi</strong></span> <span class='ocrx_word' id='word_1_107' title='bbox 498 1146 578 1209; x_wconf 83' lang='lat' dir='ltr'><strong>dageli</strong></span> <span class='ocrx_word' id='word_1_108' title='bbox 588 1147 616 1196; x_wconf 93' lang='lat' dir='ltr'><strong>ad</strong></span> <span class='ocrx_word' id='word_1_109' title='bbox 624 1147 700 1209; x_wconf 87' lang='lat' dir='ltr'><strong>ipsum</strong></span> <span class='ocrx_word' id='word_1_110' title='bbox 708 1147 788 1196; x_wconf 83' lang='lat' dir='ltr'><strong>lesum</strong></span> <span class='ocrx_word' id='word_1_111' title='bbox 799 1152 896 1212; x_wconf 53' lang='lat' dir='ltr'><strong>quasti).</strong></span> 
     </span>
     <span class='ocr_line' id='line_1_17' title="bbox 141 1217 894 1284; baseline 0.001 -17"><span class='ocrx_word' id='word_1_112' title='bbox 141 1217 241 1281; x_wconf 80' lang='lat' dir='ltr'><strong>faciunt,</strong></span> <span class='ocrx_word' id='word_1_113' title='bbox 254 1218 370 1280; x_wconf 85' lang='lat' dir='ltr'><strong>divinique</strong></span> <span class='ocrx_word' id='word_1_114' title='bbox 383 1218 443 1267; x_wconf 88' lang='lat' dir='ltr'><strong>illius</strong></span> <span class='ocrx_word' id='word_1_115' title='bbox 457 1217 546 1281; x_wconf 85' lang='lat' dir='ltr'><strong>operis,</strong></span> <span class='ocrx_word' id='word_1_116' title='bbox 560 1221 584 1266; x_wconf 86' lang='lat' dir='ltr'><strong>et</strong></span> <span class='ocrx_word' id='word_1_117' title='bbox 595 1231 636 1280; x_wconf 94' lang='lat' dir='ltr'><strong>pro</strong></span> <span class='ocrx_word' id='word_1_118' title='bbox 647 1218 713 1267; x_wconf 92' lang='lat' dir='ltr'><strong>nobis</strong></span> <span class='ocrx_word' id='word_1_119' title='bbox 724 1226 854 1284; x_wconf 75' lang='lat' dir='ltr'><strong>assumpte</strong></span> <span class='ocrx_word' id='word_1_120' title='bbox 875 1234 894 1268; x_wconf 68' lang='lat' dir='ltr'><strong>m</strong></span> 
     </span>
     <span class='ocr_line' id='line_1_18' title="bbox 141 1288 899 1351; baseline 0.004 -12"><span class='ocrx_word' id='word_1_121' title='bbox 141 1288 258 1339; x_wconf 86' lang='lat' dir='ltr'><strong>seientiam</strong></span> <span class='ocrx_word' id='word_1_122' title='bbox 274 1289 378 1351; x_wconf 85' lang='lat' dir='ltr'><strong>discunt;</strong></span> <span class='ocrx_word' id='word_1_123' title='bbox 391 1292 415 1337; x_wconf 93' lang='lat' dir='ltr'><strong>et</strong></span> <span class='ocrx_word' id='word_1_124' title='bbox 435 1301 474 1337; x_wconf 87' lang='lat' dir='ltr'><strong>eos</strong></span> <span class='ocrx_word' id='word_1_125' title='bbox 488 1289 536 1351; x_wconf 90' lang='lat' dir='ltr'><strong>ipse</strong></span> <span class='ocrx_word' id='word_1_126' title='bbox 548 1288 617 1337; x_wconf 89' lang='lat' dir='ltr'><strong>Jesus</strong></span> <span class='ocrx_word' id='word_1_127' title='bbox 631 1288 681 1337; x_wconf 89' lang='lat' dir='ltr'><strong>sine</strong></span> <span class='ocrx_word' id='word_1_128' title='bbox 696 1288 773 1338; x_wconf 91' lang='lat' dir='ltr'><strong>medio</strong></span> <span class='ocrx_word' id='word_1_129' title='bbox 787 1292 863 1342; x_wconf 82' lang='lat' dir='ltr'><strong>docel.</strong></span> <span class='ocrx_word' id='word_1_130' title='bbox 876 1293 899 1335; x_wconf 83' lang='lat' dir='ltr'><strong>n·</strong></span> 
     </span>
     <span class='ocr_line' id='line_1_19' title="bbox 142 1359 893 1424; baseline 0 -16"><span class='ocrx_word' id='word_1_131' title='bbox 142 1361 178 1409; x_wconf 89' lang='lat' dir='ltr'><strong>est</strong></span> <span class='ocrx_word' id='word_1_132' title='bbox 191 1363 266 1409; x_wconf 88' lang='lat' dir='ltr'><strong>autern</strong></span> <span class='ocrx_word' id='word_1_133' title='bbox 281 1361 384 1423; x_wconf 84' lang='lat' dir='ltr'><strong>ejusdem</strong></span> <span class='ocrx_word' id='word_1_134' title='bbox 399 1361 480 1410; x_wconf 77' lang='lat' dir='ltr'><strong>aionere</strong></span> <span class='ocrx_word' id='word_1_135' title='bbox 495 1364 520 1409; x_wconf 91' lang='lat' dir='ltr'><strong>et</strong></span> <span class='ocrx_word' id='word_1_136' title='bbox 530 1359 615 1409; x_wconf 83' lang='lat' dir='ltr'><strong>doceri.</strong></span> <span class='ocrx_word' id='word_1_137' title='bbox 625 1359 684 1424; x_wconf 79' lang='lat' dir='ltr'><strong>ltrgo</strong></span> <span class='ocrx_word' id='word_1_138' title='bbox 699 1359 809 1412; x_wconf 83' lang='lat' dir='ltr'><strong>Christus</strong></span> <span class='ocrx_word' id='word_1_139' title='bbox 824 1378 870 1413; x_wconf 92' lang='lat' dir='ltr'><strong>non</strong></span> <span class='ocrx_word' id='word_1_140' title='bbox 882 1378 893 1408; x_wconf 45' lang='lat' dir='ltr'><strong>z&lt;</strong></span> 
     </span>
     <span class='ocr_line' id='line_1_20' title="bbox 140 1430 464 1498; baseline 0 -16"><span class='ocrx_word' id='word_1_141' title='bbox 140 1430 175 1498; x_wconf 90' lang='lat' dir='ltr'><strong>pit</strong></span> <span class='ocrx_word' id='word_1_142' title='bbox 187 1431 305 1483; x_wconf 84' lang='lat' dir='ltr'><strong>scientiam</strong></span> <span class='ocrx_word' id='word_1_143' title='bbox 321 1433 348 1482; x_wconf 88' lang='lat' dir='ltr'><strong>ab</strong></span> <span class='ocrx_word' id='word_1_144' title='bbox 362 1433 464 1495; x_wconf 71' lang='lat' dir='ltr'><strong>Angelis.</strong></span> 
     </span>
    </p>

    <p class='ocr_par' dir='ltr' id='par_1_5' title="bbox 141 1501 895 1712">
     <span class='ocr_line' id='line_1_21' title="bbox 174 1501 895 1568; baseline -0.007 -14"><span class='ocrx_word' id='word_1_145' title='bbox 174 1505 332 1568; x_wconf 83' lang='lat' dir='ltr'><strong>(Concuusro.</strong></span> <span class='ocrx_word' id='word_1_146' title='bbox 343 1531 374 1539; x_wconf 93' lang='lat'>—</span> <span class='ocrx_word' id='word_1_147' title='bbox 388 1504 469 1554; x_wconf 81' lang='lat' dir='ltr'><strong>Anima</strong></span> <span class='ocrx_word' id='word_1_148' title='bbox 483 1503 567 1554; x_wconf 85' lang='lat' dir='ltr'><strong>Cbrisli</strong></span> <span class='ocrx_word' id='word_1_149' title='bbox 584 1503 685 1567; x_wconf 86' lang='lat' dir='ltr'><strong>perlecta</strong></span> <span class='ocrx_word' id='word_1_150' title='bbox 706 1501 752 1552; x_wconf 86' lang='lat' dir='ltr'><strong>fuit</strong></span> <span class='ocrx_word' id='word_1_151' title='bbox 772 1506 895 1568; x_wconf 54' lang='lat' dir='ltr'><strong>experiare.</strong></span> 
     </span>
     <span class='ocr_line' id='line_1_22' title="bbox 142 1573 890 1640; baseline -0.005 -14"><span class='ocrx_word' id='word_1_152' title='bbox 142 1575 252 1639; x_wconf 85' lang='lat' dir='ltr'><strong>seientia,</strong></span> <span class='ocrx_word' id='word_1_153' title='bbox 265 1578 349 1640; x_wconf 86' lang='lat' dir='ltr'><strong>absque</strong></span> <span class='ocrx_word' id='word_1_154' title='bbox 363 1576 438 1639; x_wconf 88' lang='lat' dir='ltr'><strong>aliquo</strong></span> <span class='ocrx_word' id='word_1_155' title='bbox 450 1575 586 1637; x_wconf 72' lang='lat' dir='ltr'><strong>Angelorum</strong></span> <span class='ocrx_word' id='word_1_156' title='bbox 607 1573 748 1639; x_wconf 87' lang='lat' dir='ltr'><strong>ministerio,</strong></span> <span class='ocrx_word' id='word_1_157' title='bbox 763 1590 807 1626; x_wconf 91' lang='lat' dir='ltr'><strong>seu</strong></span> <span class='ocrx_word' id='word_1_158' title='bbox 829 1578 890 1626; x_wconf 82' lang='lat' dir='ltr'><strong>tnnrn</strong></span> 
     </span>
     <span class='ocr_line' id='line_1_23' title="bbox 141 1645 883 1712; baseline -0.001 -16"><span class='ocrx_word' id='word_1_159' title='bbox 141 1647 236 1697; x_wconf 88' lang='lat' dir='ltr'><strong>selentia</strong></span> <span class='ocrx_word' id='word_1_160' title='bbox 251 1648 336 1702; x_wconf 83' lang='lat' dir='ltr'><strong>diuina,</strong></span> <span class='ocrx_word' id='word_1_161' title='bbox 352 1648 399 1697; x_wconf 89' lang='lat' dir='ltr'><strong>solo</strong></span> <span class='ocrx_word' id='word_1_162' title='bbox 412 1646 499 1696; x_wconf 91' lang='lat' dir='ltr'><strong>iumine</strong></span> <span class='ocrx_word' id='word_1_163' title='bbox 510 1645 644 1706; x_wconf 83' lang='lat' dir='ltr'><strong>divinitatis,</strong></span> <span class='ocrx_word' id='word_1_164' title='bbox 655 1656 700 1708; x_wconf 81' lang='lat' dir='ltr'><strong>quo</strong></span> <span class='ocrx_word' id='word_1_165' title='bbox 712 1645 758 1696; x_wconf 83' lang='lat' dir='ltr'><strong>fuit</strong></span> <span class='ocrx_word' id='word_1_166' title='bbox 772 1649 883 1712; x_wconf 79' lang='lat' dir='ltr'><strong>repletai</strong></span> 
     </span>
    </p>

    <p class='ocr_par' dir='ltr' id='par_1_6' title="bbox 140 1717 905 2640">
     <span class='ocr_line' id='line_1_24' title="bbox 173 1717 894 1782; baseline -0.006 -14"><span class='ocrx_word' id='word_1_167' title='bbox 173 1719 307 1782; x_wconf 78' lang='lat' dir='ltr'><strong>despondeo</strong></span> <span class='ocrx_word' id='word_1_168' title='bbox 320 1718 454 1782; x_wconf 88' lang='lat' dir='ltr'><strong>dicendum,</strong></span> <span class='ocrx_word' id='word_1_169' title='bbox 469 1717 530 1781; x_wconf 80' lang='lat' dir='ltr'><strong>quod</strong></span> <span class='ocrx_word' id='word_1_170' title='bbox 543 1717 603 1768; x_wconf 82' lang='lat' dir='ltr'><strong>siout</strong></span> <span class='ocrx_word' id='word_1_171' title='bbox 614 1717 688 1766; x_wconf 88' lang='lat' dir='ltr'><strong>anima</strong></span> <span class='ocrx_word' id='word_1_172' title='bbox 706 1717 812 1768; x_wconf 83' lang='lat' dir='ltr'><strong>hnmana</strong></span> <span class='ocrx_word' id='word_1_173' title='bbox 825 1721 894 1769; x_wconf 86' lang='lat' dir='ltr'><strong>medi..</strong></span> 
     </span>
     <span class='ocr_line' id='line_1_25' title="bbox 142 1788 897 1852; baseline 0.001 -14"><span class='ocrx_word' id='word_1_174' title='bbox 142 1788 202 1838; x_wconf 89' lang='lat' dir='ltr'><strong>iuter</strong></span> <span class='ocrx_word' id='word_1_175' title='bbox 224 1789 352 1852; x_wconf 82' lang='lat' dir='ltr'><strong>spirituales</strong></span> <span class='ocrx_word' id='word_1_176' title='bbox 376 1791 515 1840; x_wconf 87' lang='lat' dir='ltr'><strong>substantias</strong></span> <span class='ocrx_word' id='word_1_177' title='bbox 538 1794 562 1840; x_wconf 90' lang='lat' dir='ltr'><strong>et</strong></span> <span class='ocrx_word' id='word_1_178' title='bbox 584 1802 621 1839; x_wconf 88' lang='lat' dir='ltr'><strong>res</strong></span> <span class='ocrx_word' id='word_1_179' title='bbox 641 1789 841 1852; x_wconf 77' lang='lat' dir='ltr'><strong>mrporates,‹ita</strong></span> <span class='ocrx_word' id='word_1_180' title='bbox 865 1793 897 1840; x_wconf 80' lang='lat' dir='ltr'><strong>dan</strong></span> 
     </span>
     <span class='ocr_line' id='line_1_26' title="bbox 142 1859 895 1924; baseline 0.001 -16"><span class='ocrx_word' id='word_1_181' title='bbox 142 1859 216 1910; x_wconf 90' lang='lat' dir='ltr'><strong>modis</strong></span> <span class='ocrx_word' id='word_1_182' title='bbox 230 1864 283 1910; x_wconf 89' lang='lat' dir='ltr'><strong>nata</strong></span> <span class='ocrx_word' id='word_1_183' title='bbox 296 1866 331 1910; x_wconf 90' lang='lat' dir='ltr'><strong>est</strong></span> <span class='ocrx_word' id='word_1_184' title='bbox 341 1861 418 1924; x_wconf 86' lang='lat' dir='ltr'><strong>perdoi</strong></span> <span class='ocrx_word' id='word_1_185' title='bbox 434 1873 499 1912; x_wconf 86' lang='lat' dir='ltr'><strong>:uuo</strong></span> <span class='ocrx_word' id='word_1_186' title='bbox 511 1860 602 1924; x_wconf 84' lang='lat' dir='ltr'><strong>quidem</strong></span> <span class='ocrx_word' id='word_1_187' title='bbox 619 1859 703 1923; x_wconf 84' lang='lat' dir='ltr'><strong>modo,</strong></span> <span class='ocrx_word' id='word_1_188' title='bbox 719 1873 760 1924; x_wconf 86' lang='lat' dir='ltr'><strong>per</strong></span> <span class='ocrx_word' id='word_1_189' title='bbox 775 1862 895 1913; x_wconf 83' lang='lat' dir='ltr'><strong>scienti-an</strong></span> 
     </span>
     <span class='ocr_line' id='line_1_27' title="bbox 143 1931 888 1996; baseline 0.001 -16"><span class='ocrx_word' id='word_1_190' title='bbox 143 1934 232 1994; x_wconf 76' lang='lat' dir='ltr'><strong>ceptam</strong></span> <span class='ocrx_word' id='word_1_191' title='bbox 246 1945 274 1981; x_wconf 84' lang='lat' dir='ltr'><strong>ex</strong></span> <span class='ocrx_word' id='word_1_192' title='bbox 291 1933 358 1982; x_wconf 86' lang='lat' dir='ltr'><strong>robus</strong></span> <span class='ocrx_word' id='word_1_193' title='bbox 378 1931 538 1996; x_wconf 82' lang='lat' dir='ltr'><strong>sensibilibns3</strong></span> <span class='ocrx_word' id='word_1_194' title='bbox 554 1932 598 1981; x_wconf 90' lang='lat' dir='ltr'><strong>alio</strong></span> <span class='ocrx_word' id='word_1_195' title='bbox 611 1932 694 1995; x_wconf 92' lang='lat' dir='ltr'><strong>modo,</strong></span> <span class='ocrx_word' id='word_1_196' title='bbox 706 1945 748 1994; x_wconf 87' lang='lat' dir='ltr'><strong>per</strong></span> <span class='ocrx_word' id='word_1_197' title='bbox 767 1933 888 1983; x_wconf 81' lang='lat' dir='ltr'><strong>seientiam</strong></span> 
     </span>
     <span class='ocr_line' id='line_1_28' title="bbox 143 2001 898 2068; baseline 0.001 -16"><span class='ocrx_word' id='word_1_198' title='bbox 143 2001 230 2062; x_wconf 90' lang='lat' dir='ltr'><strong>ditam,</strong></span> <span class='ocrx_word' id='word_1_199' title='bbox 246 2003 295 2052; x_wconf 84' lang='lat' dir='ltr'><strong>sire</strong></span> <span class='ocrx_word' id='word_1_200' title='bbox 309 2004 442 2068; x_wconf 88' lang='lat' dir='ltr'><strong>impressam</strong></span> <span class='ocrx_word' id='word_1_201' title='bbox 453 2017 483 2054; x_wconf 80' lang='lat' dir='ltr'><strong>ex</strong></span> <span class='ocrx_word' id='word_1_202' title='bbox 494 2003 662 2054; x_wconf 87' lang='lat' dir='ltr'><strong>illuminatione</strong></span> <span class='ocrx_word' id='word_1_203' title='bbox 674 2003 831 2066; x_wconf 86' lang='lat' dir='ltr'><strong>spiritualium</strong></span> <span class='ocrx_word' id='word_1_204' title='bbox 844 2008 898 2054; x_wconf 72' lang='lat' dir='ltr'><strong>subs</strong></span> 
     </span>
     <span class='ocr_line' id='line_1_29' title="bbox 143 2071 905 2139; baseline 0.003 -18"><span class='ocrx_word' id='word_1_205' title='bbox 143 2071 234 2122; x_wconf 85' lang='lat' dir='ltr'><strong>tiaram.</strong></span> <span class='ocrx_word' id='word_1_206' title='bbox 254 2074 354 2138; x_wconf 83' lang='lat' dir='ltr'><strong>Utroque</strong></span> <span class='ocrx_word' id='word_1_207' title='bbox 368 2085 444 2126; x_wconf 89' lang='lat' dir='ltr'><strong>autem</strong></span> <span class='ocrx_word' id='word_1_208' title='bbox 458 2077 525 2126; x_wconf 91' lang='lat' dir='ltr'><strong>modo</strong></span> <span class='ocrx_word' id='word_1_209' title='bbox 539 2075 615 2129; x_wconf 87' lang='lat' dir='ltr'><strong>anima</strong></span> <span class='ocrx_word' id='word_1_210' title='bbox 625 2073 709 2125; x_wconf 83' lang='lat' dir='ltr'><strong>Christi</strong></span> <span class='ocrx_word' id='word_1_211' title='bbox 725 2074 772 2124; x_wconf 83' lang='lat' dir='ltr'><strong>tuit</strong></span> <span class='ocrx_word' id='word_1_212' title='bbox 783 2077 887 2139; x_wconf 80' lang='lat' dir='ltr'><strong>pertenta</strong></span> <span class='ocrx_word' id='word_1_213' title='bbox 902 2093 905 2100; x_wconf 89' lang='lat'>·</span> 
     </span>
     <span class='ocr_line' id='line_1_30' title="bbox 142 2143 891 2210; baseline 0.003 -16"><span class='ocrx_word' id='word_1_214' title='bbox 142 2143 289 2196; x_wconf 80' lang='lat' dir='ltr'><strong>sensibilibus</strong></span> <span class='ocrx_word' id='word_1_215' title='bbox 300 2147 398 2210; x_wconf 84' lang='lat' dir='ltr'><strong>quidem,</strong></span> <span class='ocrx_word' id='word_1_216' title='bbox 409 2149 534 2198; x_wconf 87' lang='lat' dir='ltr'><strong>secuudum</strong></span> <span class='ocrx_word' id='word_1_217' title='bbox 549 2145 668 2198; x_wconf 84' lang='lat' dir='ltr'><strong>scientiam</strong></span> <span class='ocrx_word' id='word_1_218' title='bbox 684 2147 891 2210; x_wconf 79' lang='lat' dir='ltr'><strong>experimentalom</strong></span> 
     </span>
     <span class='ocr_line' id='line_1_31' title="bbox 142 2218 893 2284; baseline 0.003 -20"><span class='ocrx_word' id='word_1_219' title='bbox 142 2223 211 2284; x_wconf 89' lang='lat' dir='ltr'><strong>quam</strong></span> <span class='ocrx_word' id='word_1_220' title='bbox 227 2218 318 2280; x_wconf 86' lang='lat' dir='ltr'><strong>quidem</strong></span> <span class='ocrx_word' id='word_1_221' title='bbox 338 2233 383 2270; x_wconf 92' lang='lat' dir='ltr'><strong>non</strong></span> <span class='ocrx_word' id='word_1_222' title='bbox 403 2219 524 2284; x_wconf 88' lang='lat' dir='ltr'><strong>requiritur</strong></span> <span class='ocrx_word' id='word_1_223' title='bbox 536 2220 614 2269; x_wconf 88' lang='lat' dir='ltr'><strong>lumen</strong></span> <span class='ocrx_word' id='word_1_224' title='bbox 631 2218 788 2282; x_wconf 66' lang='lat' dir='ltr'><strong>angelicum,</strong></span> <span class='ocrx_word' id='word_1_225' title='bbox 802 2221 844 2270; x_wconf 88' lang='lat' dir='ltr'><strong>sed</strong></span> <span class='ocrx_word' id='word_1_226' title='bbox 865 2235 893 2268; x_wconf 81' lang='lat' dir='ltr'><strong>sn</strong></span> 
     </span>
     <span class='ocr_line' id='line_1_32' title="bbox 141 2288 897 2354; baseline 0 -16"><span class='ocrx_word' id='word_1_227' title='bbox 141 2288 220 2340; x_wconf 89' lang='lat' dir='ltr'><strong>lumen</strong></span> <span class='ocrx_word' id='word_1_228' title='bbox 241 2289 371 2340; x_wconf 86' lang='lat' dir='ltr'><strong>intellectus</strong></span> <span class='ocrx_word' id='word_1_229' title='bbox 394 2290 499 2354; x_wconf 80' lang='lat' dir='ltr'><strong>agentis3</strong></span> <span class='ocrx_word' id='word_1_230' title='bbox 518 2303 548 2340; x_wconf 82' lang='lat' dir='ltr'><strong>ex</strong></span> <span class='ocrx_word' id='word_1_231' title='bbox 564 2290 715 2354; x_wconf 89' lang='lat' dir='ltr'><strong>impressione</strong></span> <span class='ocrx_word' id='word_1_232' title='bbox 737 2291 794 2341; x_wconf 78' lang='lat' dir='ltr'><strong>verd</strong></span> <span class='ocrx_word' id='word_1_233' title='bbox 816 2295 897 2354; x_wconf 76' lang='lat' dir='ltr'><strong>superi</strong></span> 
     </span>
     <span class='ocr_line' id='line_1_33' title="bbox 141 2361 891 2425; baseline -0.004 -13"><span class='ocrx_word' id='word_1_234' title='bbox 141 2362 266 2412; x_wconf 82' lang='lat' dir='ltr'><strong>seeundum</strong></span> <span class='ocrx_word' id='word_1_235' title='bbox 279 2362 396 2412; x_wconf 84' lang='lat' dir='ltr'><strong>seientiam</strong></span> <span class='ocrx_word' id='word_1_236' title='bbox 415 2362 530 2423; x_wconf 77' lang='lat' dir='ltr'><strong>infusam,</strong></span> <span class='ocrx_word' id='word_1_237' title='bbox 545 2375 613 2425; x_wconf 87' lang='lat' dir='ltr'><strong>quam</strong></span> <span class='ocrx_word' id='word_1_238' title='bbox 628 2365 663 2412; x_wconf 89' lang='lat' dir='ltr'><strong>est</strong></span> <span class='ocrx_word' id='word_1_239' title='bbox 676 2361 811 2413; x_wconf 77' lang='lat' dir='ltr'><strong>immediate</strong></span> <span class='ocrx_word' id='word_1_240' title='bbox 821 2365 891 2425; x_wconf 82' lang='lat' dir='ltr'><strong>adopt</strong></span> 
     </span>
     <span class='ocr_line' id='line_1_34' title="bbox 142 2431 899 2498; baseline -0.003 -16"><span class='ocrx_word' id='word_1_241' title='bbox 142 2433 198 2482; x_wconf 80' lang='lat' dir='ltr'><strong>lieo.</strong></span> <span class='ocrx_word' id='word_1_242' title='bbox 213 2431 276 2482; x_wconf 85' lang='lat' dir='ltr'><strong>Siout</strong></span> <span class='ocrx_word' id='word_1_243' title='bbox 291 2433 350 2482; x_wconf 93' lang='lat' dir='ltr'><strong>enim</strong></span> <span class='ocrx_word' id='word_1_244' title='bbox 361 2445 428 2498; x_wconf 92' lang='lat' dir='ltr'><strong>supra</strong></span> <span class='ocrx_word' id='word_1_245' title='bbox 439 2445 584 2482; x_wconf 84' lang='lat' dir='ltr'><strong>communem</strong></span> <span class='ocrx_word' id='word_1_246' title='bbox 595 2433 688 2483; x_wconf 91' lang='lat' dir='ltr'><strong>modum</strong></span> <span class='ocrx_word' id='word_1_247' title='bbox 698 2437 810 2484; x_wconf 76' lang='lat' dir='ltr'><strong>creatura</strong></span> <span class='ocrx_word' id='word_1_248' title='bbox 820 2434 899 2481; x_wconf 60' lang='lat' dir='ltr'><strong>aniano</strong></span> 
     </span>
     <span class='ocr_line' id='line_1_35' title="bbox 140 2501 895 2568; baseline -0.003 -16"><span class='ocrx_word' id='word_1_249' title='bbox 140 2503 206 2553; x_wconf 87' lang='lat' dir='ltr'><strong>unita</strong></span> <span class='ocrx_word' id='word_1_250' title='bbox 224 2507 260 2554; x_wconf 88' lang='lat' dir='ltr'><strong>est</strong></span> <span class='ocrx_word' id='word_1_251' title='bbox 283 2503 355 2554; x_wconf 85' lang='lat' dir='ltr'><strong>Verbo</strong></span> <span class='ocrx_word' id='word_1_252' title='bbox 374 2501 503 2553; x_wconf 85' lang='lat' dir='ltr'><strong>inanitate</strong></span> <span class='ocrx_word' id='word_1_253' title='bbox 521 2515 624 2568; x_wconf 71' lang='lat' dir='ltr'><strong>personae</strong></span> <span class='ocrx_word' id='word_1_254' title='bbox 636 2539 642 2564; x_wconf 88' lang='lat'><strong><em>,</em></strong></span> <span class='ocrx_word' id='word_1_255' title='bbox 655 2502 688 2551; x_wconf 87' lang='lat' dir='ltr'><strong>ita</strong></span> <span class='ocrx_word' id='word_1_256' title='bbox 706 2516 778 2567; x_wconf 89' lang='lat' dir='ltr'><strong>supra</strong></span> <span class='ocrx_word' id='word_1_257' title='bbox 803 2516 895 2553; x_wconf 78' lang='lat' dir='ltr'><strong>romono</strong></span> 
     </span>
     <span class='ocr_line' id='line_1_36' title="bbox 141 2573 893 2640; baseline -0.001 -16"><span class='ocrx_word' id='word_1_258' title='bbox 141 2574 233 2626; x_wconf 89' lang='lat' dir='ltr'><strong>mudum</strong></span> <span class='ocrx_word' id='word_1_259' title='bbox 251 2575 383 2640; x_wconf 90' lang='lat' dir='ltr'><strong>hominum,</strong></span> <span class='ocrx_word' id='word_1_260' title='bbox 397 2574 526 2626; x_wconf 76' lang='lat' dir='ltr'><strong>immediate</strong></span> <span class='ocrx_word' id='word_1_261' title='bbox 541 2575 569 2625; x_wconf 85' lang='lat' dir='ltr'><strong>ab</strong></span> <span class='ocrx_word' id='word_1_262' title='bbox 587 2573 639 2638; x_wconf 89' lang='lat' dir='ltr'><strong>ipso</strong></span> <span class='ocrx_word' id='word_1_263' title='bbox 652 2573 694 2624; x_wconf 84' lang='lat' dir='ltr'><strong>liei</strong></span> <span class='ocrx_word' id='word_1_264' title='bbox 710 2574 786 2625; x_wconf 87' lang='lat' dir='ltr'><strong>Verbo</strong></span> <span class='ocrx_word' id='word_1_265' title='bbox 802 2576 893 2638; x_wconf 86' lang='lat' dir='ltr'><strong>repleta</strong></span> 
     </span>
    </p>
   </div>
   <div class='ocr_carea' id='block_1_3' title="bbox 140 2727 883 2852">
    <p class='ocr_par' dir='ltr' id='par_1_7' title="bbox 140 2727 883 2852">
     <span class='ocr_line' id='line_1_37' title="bbox 140 2727 883 2790; baseline -0.003 -15"><span class='ocrx_word' id='word_1_266' title='bbox 140 2729 219 2780; x_wconf 69' lang='lat' dir='ltr'><strong>stant,</strong></span> <span class='ocrx_word' id='word_1_267' title='bbox 233 2728 287 2775; x_wconf 86' lang='lat' dir='ltr'><strong>dist.</strong></span> <span class='ocrx_word' id='word_1_268' title='bbox 309 2727 352 2785; x_wconf 82' lang='lat'><strong>¹3,</strong></span> <span class='ocrx_word' id='word_1_269' title='bbox 367 2739 408 2784; x_wconf 83' lang='lat' dir='ltr'><strong>qu.</strong></span> <span class='ocrx_word' id='word_1_270' title='bbox 428 2728 455 2790; x_wconf 68' lang='grc' dir='ltr'><strong>Ξ,</strong></span> <span class='ocrx_word' id='word_1_271' title='bbox 475 2735 519 2775; x_wconf 85' lang='lat' dir='ltr'><strong>art.</strong></span> <span class='ocrx_word' id='word_1_272' title='bbox 535 2729 562 2790; x_wconf 76' lang='lat'><strong>2,</strong></span> <span class='ocrx_word' id='word_1_273' title='bbox 581 2729 718 2786; x_wconf 75' lang='lat' dir='ltr'><strong>questione.</strong></span> <span class='ocrx_word' id='word_1_274' title='bbox 740 2727 771 2783; x_wconf 77' lang='lat'><strong>1;</strong></span> <span class='ocrx_word' id='word_1_275' title='bbox 787 2736 811 2776; x_wconf 87' lang='lat' dir='ltr'><strong>et</strong></span> <span class='ocrx_word' id='word_1_276' title='bbox 827 2730 883 2775; x_wconf 87' lang='lat' dir='ltr'><strong>dist.</strong></span> 
     </span>
     <span class='ocr_line' id='line_1_38' title="bbox 143 2789 658 2852; baseline -0.01 -14"><span class='ocrx_word' id='word_1_277' title='bbox 143 2797 187 2838; x_wconf 81' lang='lat' dir='ltr'><strong>art.</strong></span> <span class='ocrx_word' id='word_1_278' title='bbox 205 2791 229 2852; x_wconf 69' lang='grc' dir='ltr'><strong>Ξ,</strong></span> <span class='ocrx_word' id='word_1_279' title='bbox 244 2791 380 2848; x_wconf 74' lang='lat' dir='ltr'><strong>questione.</strong></span> <span class='ocrx_word' id='word_1_280' title='bbox 391 2789 416 2836; x_wconf 83' lang='lat'><strong>6.</strong></span> <span class='ocrx_word' id='word_1_281' title='bbox 656 2806 658 2809; x_wconf 32' lang='lat' dir='ltr'>v</span> 
     </span>
    </p>
   </div>
   <div class='ocr_carea' id='block_1_4' title="bbox 0 0 964 3317">
    <p class='ocr_par' dir='ltr' id='par_1_8' title="bbox 0 0 964 3317">
     <span class='ocr_line' id='line_1_39' title="bbox 0 0 964 3317; baseline 0 0"><span class='ocrx_word' id='word_1_282' title='bbox 0 0 964 3317; x_wconf 95' lang='lat' dir='ltr'><strong> </strong></span> 
     </span>
    </p>
   </div>
  </div>
 </body>
</html>
