1917 3317
184 206 216 244 ou
230 205 338 245 srrrounrs
354 204 528 245 uruoouuounrr
543 205 679 245 susumus.
787 200 833 248 ssi

70 282 101 333 ml
122 285 225 347 quartum
246 282 384 347 dioeudum,
404 282 464 346 quid
485 296 553 348 super
577 284 634 334 iliud
655 284 760 344 Mettis„
775 286 830 337 IX:

39 352 140 404 «Videte
153 367 182 404 ne
196 354 246 418 uuis
262 354 334 417 seint,
349 370 363 403 r>
385 354 439 405 dicit
454 354 630 419 chrysostomus
646 356 712 408 Hom.
726 356 832 419 XXXIII,

39 427 65 475 in
77 424 165 475 Mutii.
184 440 191 475 r
211 442 225 473 u
237 426 288 476 Non
300 438 350 477 esse
362 426 407 477 hoo
422 425 574 487 eontrarium,
585 427 645 490 quod
658 427 696 477 irie
712 426 796 478 dieitur
808 428 831 479 ei

36 498 92 562 quod
109 495 172 547 alieri
182 496 237 547 dicit
249 513 256 547 ε
268 497 330 548 Vade
344 501 367 549 ei
379 497 490 549 annuntia
505 498 599 561 gloriam
615 498 665 550 Dei.
680 499 761 550 Erudit
770 498 833 551 enim

36 581 77 619 uos
95 568 212 633 prohibere
233 580 272 619 eos
290 568 330 633 qui
347 569 428 620 uolunt
451 583 494 621 nos
513 573 605 635 propter
621 584 664 622 nos
679 571 833 634 laudares3si

33 644 106 691 auium
119 642 143 690 sd
158 642 229 691 Deum
245 641 316 705 glorio
331 642 442 705 refertur,
454 654 500 692 nou
515 642 623 694 dehemus
636 642 771 707 pronibere,
787 643 828 695 sei

34 711 105 775 magis
117 711 235 777 injungere
247 716 273 763 ui
287 714 330 763 hoo
351 712 397 761 fiat.
415 728 429 759 u

321 890 482 941 ARTICULUS
499 890 537 941 lv.

77 1021 159 1067 Utrum
178 1020 342 1065 conuenienter
358 1020 468 1067 conetur
479 1021 567 1075 feeerit
585 1022 705 1067 miracula
723 1022 790 1068 circu

284 1085 408 1127 menturae
417 1083 581 1128 irrationales.

64 1214 96 1265 Ao
115 1218 218 1279 quartum
237 1213 271 1265 sie
293 1213 431 1277 proceditur.
442 1212 539 1264 Videtur
558 1212 619 1278 qrrod
640 1214 832 1267 inconvenienter

27 1285 111 1337 fecerit
129 1286 230 1337 Christus
248 1286 354 1335 miracula
378 1285 437 1335 eirea
459 1288 573 1335 creaturas
591 1284 743 1337 irrationales.
762 1286 833 1336 Bruta

26 1357 93 1411 enim
113 1356 216 1408 animalia
234 1360 286 1407 sunt
299 1357 410 1408 nobiliora
425 1355 517 1420 plantis.
534 1356 580 1407 Sei
592 1358 697 1408 Christus
707 1356 763 1407 feeit
783 1357 831 1408 aii-

26 1430 90 1493 qund
107 1427 240 1478 miraculum
254 1428 312 1479 eirca
326 1431 428 1495 plantas,
442 1431 498 1492 puta
512 1426 563 1477 eum
574 1429 603 1479 ai
615 1428 711 1480 verbum
724 1428 775 1488 eius
793 1432 832 1479 est

28 1502 115 1553 siconia
129 1500 241 1561 ficulnea,
262 1504 288 1551 ut
303 1500 386 1551 dieitur
400 1500 505 1553 Mutii..
520 1500 580 1549 XXl.
598 1501 656 1563 Ergo
668 1498 758 1550 ridetur
768 1498 831 1562 quiri

27 1574 100 1625 etism
114 1572 172 1622 oiroa
182 1572 289 1622 animalia
302 1573 367 1622 bruta
378 1610 384 1633 ,
397 1572 503 1621 miraculo
519 1572 594 1622 iacere
612 1571 736 1621 debuisset.

62 1648 86 1693 2.
108 1644 235 1706 Praetereo,
249 1656 318 1707 poeua
334 1656 380 1693 non
394 1642 457 1707 justi
470 1640 568 1691 infertur
583 1641 629 1693 nisi
646 1641 832 1707 proculpe.Sed

26 1728 78 1766 non
96 1714 139 1767 ruit
158 1714 223 1779 eulpa
241 1714 358 1773 fienIneae,
374 1712 434 1777 quod
450 1713 474 1762 in
492 1725 519 1761 eo
538 1713 646 1764 Christus
667 1714 765 1763 fructum
784 1726 832 1763 non

25 1784 132 1847 invonit,
145 1786 235 1849 quaudo
246 1800 291 1837 uon
301 1790 350 1836 erat
362 1789 455 1849 tempus
468 1784 592 1833 fruetuum.
603 1786 662 1847 Ergo
672 1783 763 1835 ridetur
771 1783 831 1847 quod

23 1855 218 1909 inconvenienter
229 1870 281 1908 eam
293 1856 423 1907 siccaverit.

61 1932 85 1976 3.
99 1928 222 1991 preterea,
236 1940 294 1991 aqua
307 1932 331 1978 ei
350 1941 388 1978 aer
402 1930 456 1977 suut
469 1928 495 1976 in
509 1926 584 1978 medio
596 1926 649 1978 ooli
663 1930 686 1978 ei
700 1932 775 1978 terre.
785 1927 832 1979 Seri

22 2000 135 2054 Christus
154 1998 229 2064 aliqua
249 2000 357 2050 miracula
378 2000 433 2051 iecit
450 1999 475 2049 iu
498 2000 570 2063 eoelo,
584 2000 644 2049 sieut
661 2000 731 2065 sopri
746 2000 832 2051 dietum

21 2076 80 2134 est3
94 2070 198 2121 similiter
213 2071 282 2122 etiam
296 2072 321 2121 in
336 2073 414 2135 terra,
429 2072 520 2135 quondo
534 2070 558 2120 in
577 2071 629 2135 ejus
651 2071 758 2135 passione
771 2075 832 2122 terra

22 2146 91 2195 moin
114 2147 159 2193 est,
180 2143 239 2207 Ergo
257 2144 347 2193 uidetur
359 2142 421 2207 quid
438 2143 507 2194 eiiam
524 2142 550 2193 in
567 2154 620 2193 aere
639 2147 663 2193 et
679 2156 738 2207 equs
756 2144 832 2209 eliqua

21 2214 139 2269 miracula
150 2215 223 2267 fucere
234 2215 351 2281 debuerim
368 2219 394 2265 ut
409 2228 471 2266 mare
480 2216 597 2275 dividere,
608 2214 668 2265 siout
677 2216 732 2267 feeit
742 2216 832 2280 moyses
895 2221 900 2231 “

20 2286 127 2349 Εωοά,,
141 2286 201 2345 XlV;
215 2286 252 2337 uel
269 2287 337 2337 etiarn
352 2288 446 2348 flumen,
461 2285 519 2337 sieut
535 2287 639 2337 iecerunt
652 2286 725 2337 iosus
738 2300 788 2351 erp.
804 2290 829 2349 ³,

20 2364 48 2413 et
63 2356 141 2409 Helias
151 2358 189 2408 IV.
204 2360 272 2422 Regu,
284 2359 349 2419 li;et
363 2361 389 2407 ut
402 2358 482 2408 flerent
491 2358 517 2406 in
530 2370 582 2407 nere
593 2356 701 2417 tonitura,
711 2356 771 2408 sieut
784 2359 831 2409 fao·

19 2437 77 2483 ium
89 2432 126 2479 est
139 2428 163 2478 in
173 2433 249 2480 monio
258 2428 336 2491 Sinai,
347 2429 436 2493 quaudo
447 2430 486 2480 lex
505 2430 609 2492 duisme,
624 2430 717 2487 Emori„
731 2430 793 2494 xlx,
806 2433 830 2479 et

17 2504 86 2555 sicui
97 2498 177 2551 Helias
192 2500 248 2551 iecit
266 2500 303 2551 111.
318 2503 387 2566 neq„
403 2501 484 2551 XVili.

57 2576 82 2621 4.
97 2572 226 2633 Praetereo,
237 2584 306 2637 opera
320 2572 452 2623 miraculosa
471 2570 589 2635 pertinent
601 2571 630 2621 nd
646 2584 704 2637 opus
717 2571 829 2635 gunema-

15 2643 97 2697 tionis
112 2644 193 2694 mundi
202 2658 244 2708 per
257 2644 356 2695 diuinum
370 2644 544 2710 prouidentiam.
554 2644 686 2695 Hoeauiem
699 2656 758 2706 opus
772 2656 830 2706 prse-

13 2716 138 2783 suppouit
145 2716 291 2767 creationem.
302 2716 467 2768 iueonveniens
478 2729 533 2780 ergo
546 2714 645 2780 ridetur,
655 2714 715 2779 quod
723 2714 830 2765 Christus

14 2792 44 2841 in
63 2787 117 2838 suis
129 2786 310 2839 mimmlisusus
322 2787 500 2851 surrentinus,
514 2787 605 2852 quanm
618 2785 704 2838 eeiiieet
717 2784 830 2849 multipl'o

13 2858 87 2912 osvii
106 2870 188 2925 panes.
204 2859 255 2909 Non
273 2872 327 2924 ergo
341 2858 500 2910 conuenientia
513 2859 620 2910 ridentur
633 2857 705 2908 fuisse
715 2856 766 2921 ejus
781 2855 829 2907 mi-

13 2930 102 2985 racula
117 2930 178 2981 ciros
196 2928 340 2982 irrationales
349 2932 475 2981 erraturos.
