1917 3317
259 199 292 236 lt!
308 197 365 236 trra
381 197 589 238 commun.
798 189 829 236 17

45 271 84 322 rie
94 278 160 339 peimi
172 273 308 340 pertingere
323 273 484 324 adridendum
498 275 538 325 liei
550 275 683 327 essentiam.
699 277 749 326 illio
762 279 831 329 modo

42 351 101 407 potest
115 360 164 397 esse
178 347 266 410 aliquis
282 347 307 396 iu
322 348 365 397 hae
377 346 425 396 vita
439 348 594 409 potentialiter
610 352 634 398 et
644 360 691 398 non
705 349 829 398 semndim

40 421 140 482 antemio
152 424 268 484 qnantum
283 418 371 469 scilieet
384 419 458 470 anima
468 421 519 484 ejus
533 425 569 470 est
580 421 669 484 corpori
678 421 765 470 mortali
777 435 831 472 eon·

36 491 117 554 juncta,
129 496 154 542 nt
170 493 264 550 torma,
279 489 310 539 ila
327 494 405 540 hmen
418 497 444 540 nt
458 503 505 540 non
514 495 590 541 ulatur
602 490 702 556 eorporis
712 493 828 553 sensibus,

37 565 70 608 ant
82 563 143 612 oliam
157 561 341 626 imaginatione,
357 562 415 612 aioni
432 563 517 612 accidit
532 563 557 613 in
567 568 648 627 mptn3
664 568 687 614 et
704 564 738 613 sio
755 568 832 628 potest

40 635 183 698 oontemnhlio
200 636 274 698 hujus
289 633 343 684 vite
352 633 478 697 pertingere
490 635 518 684 ad
527 635 641 685 visionem
656 635 831 686 divineeseen-

41 702 81 751 tie.
89 705 141 756 linia
152 719 279 770 supremos
290 705 373 768 gratim
385 706 582 770 mntemplationis
589 707 709 770 presentis
720 708 775 758 vile
783 712 827 768 est,

40 775 113 831 onalom
131 778 211 828 hahuit
230 775 314 826 Paulus
334 775 359 825 in
375 781 457 840 raptu,
472 777 598 828 sermnem
615 791 683 841 gnem
696 779 741 828 init
754 779 830 831 medio

35 847 92 896 nodo
102 861 125 898 se
137 850 229 900 hahens
241 848 305 897 inter
313 849 399 897 statum
409 849 527 912 presentis
541 849 593 899 rita
607 854 630 900 et
644 850 735 900 intare.

60 921 89 968 ad
101 921 198 984 primum
212 933 269 984 ergo
283 919 405 970 dicendum
411 955 420 982 ,
433 918 492 982 qndd
505 920 565 970 sient
582 920 703 986 Dionysius
715 921 739 970 in
753 921 825 985 Epist.

32 990 63 1037 nd
75 991 163 1042 Ouium
174 991 330 1042 monachum
343 989 400 1040 dieii
416 1005 422 1038 z
437 990 486 1040 oSi
497 991 580 1054 alionis
589 991 671 1043 videns
684 992 753 1043 Deum
762 993 830 1044 intel·

31 1062 80 1110 lenit
89 1064 147 1126 quod
160 1063 235 1126 vidit,
250 1075 299 1112 non
307 1061 383 1126 ipsum
393 1061 463 1122 vidit,
474 1063 515 1112 sed
527 1061 611 1127 aliquid
620 1076 699 1114 mom
708 1077 759 1125 qne
774 1068 829 1115 snat

32 1133 84 1195 ejus.
98 1151 111 1180 n
125 1136 154 1185 Et
172 1131 299 1198 Gregorius
321 1131 377 1182 dicit
396 1133 575 1196 sepertinere.
594 1133 747 1198 (utsupra),
768 1134 829 1198 qood

32 1222 44 1251 o
57 1219 197 1271 nequaquam
216 1205 366 1269 omnipotens
379 1205 438 1254 ileos
448 1205 498 1269 jam
510 1206 534 1256 in
544 1219 585 1257 sua
600 1205 703 1256 claritate
716 1205 829 1270 oonspioi-

30 1280 72 1336 tor3
86 1280 123 1327 sed
138 1279 252 1343 quiddam
270 1276 312 1326 suh
325 1276 365 1326 ille
375 1275 503 1338 speculatur
513 1278 605 1338 anima,
620 1279 679 1328 unde
690 1278 762 1327 relota
773 1291 830 1341 pro-

33 1347 98 1410 iciat,
112 1354 134 1400 et
151 1355 207 1414 post
221 1349 253 1400 ad
269 1347 368 1398 visionis
381 1345 432 1410 ejus
444 1347 538 1410 gloriam
557 1349 679 1414 pertingat.
692 1365 708 1396 r>
728 1349 772 1399 Per
786 1350 831 1400 hoo

30 1424 139 1484 ergoqnod
149 1422 222 1472 taoob
235 1419 309 1470 dixit:
322 1435 337 1466 n
344 1418 398 1469 Vidi
408 1419 526 1470 hominurn
540 1420 597 1470 lame
606 1421 635 1470 ad
648 1420 745 1482 laniem,
756 1436 771 1468 n
784 1433 831 1470 uon

30 1497 59 1539 est
71 1494 248 1558 intelligendum
258 1490 321 1554 qudd
332 1490 371 1540 llei
382 1491 503 1541 essentiam
515 1491 606 1552 viderit,
615 1493 655 1542 sed
663 1491 723 1556 qrrod
734 1493 831 1542 iormanr

34 1563 108 1614 seiher
116 1563 296 1628 inginativam
308 1560 367 1612 vidit
376 1561 399 1612 in
408 1564 520 1626 quatiens
529 1564 620 1614 loeutus
629 1568 664 1614 est
674 1564 711 1627 εἰς
723 1565 760 1614 vel
774 1563 829 1626 noia

34 1647 96 1695 oper
107 1635 189 1686 iamenu
209 1633 340 1698 quemlihet
357 1633 514 1698 agnosoimus‚
529 1633 657 1698 cognitione
679 1635 719 1685 liei
737 1635 829 1697 faeiem

29 1705 79 1765 ejus
94 1708 183 1758 vomvit
190 1745 200 1771 ,
216 1723 232 1755 >r
252 1705 313 1754 simi
329 1704 409 1755 Glossa
422 1705 522 1769 Gregorii
533 1706 619 1757 ihidem
632 1706 739 1771 dieit(er
749 1707 829 1757 xxiv.

27 1777 121 1834 horat..
134 1781 217 1844 came
234 1775 271 1826 vel
289 1774 314 1835 7)
328 1775 373 1840 (l).

54 1851 83 1899 ld
94 1851 221 1900 secundm
233 1844 374 1908 omentum,
385 1846 445 1910 qnod
459 1850 621 1914 contemplatio
629 1851 735 1909 hnmana,
749 1865 830 1901 seeun-

27 1920 74 1969 dim
88 1925 173 1971 mum
185 1917 313 1984 presentis
323 1917 378 1968 vite
389 1955 396 1978 ‚
408 1931 454 1968 nou
465 1923 541 1983 potest
553 1933 604 1971 esse
619 1921 704 1984 absque
717 1923 829 1985 phantas-

27 1994 130 2056 matibus,
143 1993 200 2058 quia
217 1990 368 2042 connaturale
382 1993 417 2040 ost
429 1991 516 2041 homini
529 1997 554 2042 nt
568 1994 659 2057 speeies
673 1993 829 2057 intelligibiles

27 2063 46 2110 in
60 2062 363 2126 permetuendas,
378 2062 437 2113 siem
456 2064 607 2128 Philosophus
620 2066 676 2117 dicit
698 2065 722 2115 in
735 2067 775 2116 lli.
791 2069 829 2116 De

27 2139 104 2186 anima
114 2139 192 2198 (text.
211 2139 242 2184 et
251 2132 269 2198 ).
284 2133 331 2184 Sed
341 2136 419 2185 nmen
433 2134 593 2186 intellectualis
605 2136 704 2200 cognitio
715 2150 761 2187 non
770 2151 826 2188 oon-

28 2207 78 2255 sistit
88 2209 111 2258 in
121 2209 182 2272 ipsis
191 2205 411 2271 phantasmatibus3
426 2205 503 2256 sedin
518 2208 552 2258 eis
564 2209 730 2272 contemplatur
739 2209 824 2273 purita-

30 2282 66 2325 tem
78 2278 236 2344 intelligihihs
249 2275 368 2337 veritatis,
376 2280 400 2326 et
412 2277 454 2327 hoo
466 2291 513 2329 non
522 2278 595 2329 solhnr
608 2279 631 2329 in
643 2279 774 2344 cognitione
785 2294 827 2331 na-

32 2351 96 2414 tarali,
110 2354 151 2403 ssd
169 2350 247 2402 etiam
261 2348 287 2399 in
305 2347 339 2398 eis
357 2360 408 2410 qne
420 2360 461 2412 per
474 2349 636 2400 revelationem
650 2351 821 2416 eognosoimns3

38 2419 76 2469 imi
87 2425 147 2474 enim
164 2419 306 2486 Dionysius,
320 2421 349 2470 ll.
363 2433 414 2484 oap.
424 2420 485 2472 Coel.
500 2422 634 2479 menneo„
649 2422 710 2486 qnod
722 2439 736 2471 a
748 2435 833 2487 ange-

38 2485 93 2542 ltnn
107 2493 257 2546 hierarchias
270 2490 405 2542 mmilestat
420 2493 486 2544 nohis
499 2494 578 2543 divina
592 2494 684 2544 claritas
697 2494 722 2543 in
734 2495 829 2557 quihus·

36 2569 76 2610 ‘nn
84 2566 197 2630 nunnus
206 2562 323 2627 figuratim
335 2576 364 2614 ex
372 2563 437 2627 eujus
446 2563 530 2614 virtute
539 2563 679 2614 restituimur
689 2564 712 2613 in
723 2565 829 2630 simplum

60 2670 84 2730 iil
98 2676 140 2720 libi
152 2678 285 2733 postquam
294 2672 407 2730 premisit
420 2673 483 2728 quod
496 2686 563 2719 merra
573 2678 628 2730 post
638 2675 761 2720 meterem
771 2688 831 2720 etto-

36 2744 78 2778 mva
91 2739 229 2796 caliginem
247 2737 366 2782 deleam
376 2735 544 2793 resplendente
560 2738 652 2794 raptim
663 2739 831 2782 coruscatione

38 2796 238 2858 incircumsepte·
258 2799 365 2845 testinis
387 2799 549 2848 illustretur,
565 2801 685 2856 subiungit
700 2801 762 2856 qnod
779 2801 828 2844 hmo

40 2856 129 2908 lium
135 2863 225 2910 aalide
231 2858 355 2912 veronen
364 2861 472 2918 onmem
479 2863 586 2908 nisime
594 2863 751 2908 imitatiohei
758 2862 830 2906 laeies

39 2917 127 2982 dnm,-
136 2933 190 2974 turn
207 2935 307 2972 eausam
316 2925 394 2972 reddit
403 2921 441 2972 hie
452 2930 568 2973 nomam.
