1917 3317
108 152 156 201 m
308 160 368 201 raas
384 161 425 210 ru,
439 158 535 207 aulas.
551 158 607 210 uvi,
621 158 679 199 m.
696 162 713 197 r.

376 354 541 427 QUAESTIO
559 356 635 423 LVI.

109 500 143 547 De
166 502 354 547 resurrectionis
373 497 469 547 Christi
491 500 651 550 rammam,
665 500 697 545 ia
715 499 778 544 duaa
795 495 893 542 mirata

462 570 554 616 divisa.

106 722 227 845 cumpde
257 718 445 773 considerandum
469 723 505 771 est
527 720 555 771 de
581 718 715 770 causalitate
743 715 898 771 resurrectionis

140 799 240 916 irijtStrssirca
255 866 299 915 hoc
312 866 444 929 quaeruntur
460 864 505 915 dua
519 879 526 913 ε
544 867 570 914 1⁰
584 862 665 914 Utrhua
679 863 818 915 resurreetio
828 858 899 912 Christi

107 938 138 988 sit
150 950 217 989 causa
236 938 318 987 austra
331 934 513 986 resurrectionis.
529 939 557 985 2⁰
574 934 655 985 Utrum
670 935 812 987 resurreetio
829 931 897 984 curru

107 1009 139 1061 sit
150 1021 218 1059 eausa
231 1012 317 1059 nostra
331 1006 512 1071 justificationis.

410 1186 570 1237 auucuuus
586 1187 605 1236 i.

110 1316 194 1360 viriam
205 1313 347 1359 resurrectio
361 1311 451 1359 Christi
459 1312 493 1355 ait
501 1324 576 1356 eam
585 1312 773 1358 resurrectionis
783 1322 899 1368 eorporis.

140 1442 172 1491 hai
196 1440 294 1507 primurn
315 1438 349 1489 sie
371 1436 501 1503 proceditur
511 1438 554 1500 (it.
574 1438 670 1488 Videtur
690 1437 750 1503 quhd
785 1436 899 1491 resuuaciii

107 1512 194 1565 Christi
212 1525 258 1561 uuu
275 1511 306 1562 sit
325 1522 392 1561 causa
414 1508 587 1561 resurrectionis
608 1523 737 1575 carporum.
756 1511 840 1563 Posita
856 1508 899 1558 euiu

108 1583 176 1635 causa
194 1580 335 1644 sufficienti,
354 1594 445 1631 neeesse
464 1583 500 1631 est
521 1579 626 1629 effectum
644 1581 708 1644 paui.
722 1582 749 1631 Si
768 1596 825 1647 ergo
842 1592 899 1631 resur·

107 1655 178 1707 rectia
200 1653 287 1703 Christi
306 1657 341 1703 est
358 1666 427 1701 eausa
445 1649 564 1703 sufficiens
582 1652 759 1702 resurrectionis
782 1663 899 1717 carporum,

108 1729 183 1779 statim
196 1739 223 1777 eo
234 1730 366 1789 resurgente
378 1738 457 1777 omues
469 1722 552 1773 mortui
564 1737 685 1787 resurgere
697 1725 838 1775 debuerunt

140 1802 164 1848 2.
179 1800 303 1859 Praeterea,
313 1810 380 1846 eausa
390 1794 561 1847 resurrectionis
571 1798 714 1845 mortuorum
726 1800 761 1845 est
773 1797 853 1847 diviua
864 1794 899 1857 ju-

109 1870 175 1931 titia,
190 1872 215 1919 ut
233 1869 321 1918 seilicet
335 1880 429 1933 corpora
440 1866 507 1917 simui
521 1866 668 1929 praemieutur
679 1868 858 1932 reipuuiauiur
864 1879 899 1915 euu

108 1942 242 2004 animabus,
258 1940 317 1990 sieut
331 1937 555 1991 communicaverunt
569 1937 595 1987 iu
611 1937 694 1989 merita
715 1939 754 1989 vel
771 1943 873 2004 peecata,
884 1948 899 1983 u

109 2014 163 2065 dicit
185 2011 307 2077 Dionysius
325 2011 367 2061 ult.
383 2024 433 2075 cap.
451 2009 512 2061 Coel.
529 2009 670 2065 hier-arch„
692 2014 716 2061 et
730 2012 807 2063 etiarn
827 2014 898 2062 hama*

109 2086 210 2139 uenusiu
218 2084 257 2134 lv.
267 2082 307 2135 lih.
316 2082 361 2133 Sed
371 2082 485 2148 justitiam
495 2081 535 2133 hei
543 2095 637 2134 necesse
644 2086 708 2133 esset
715 2082 821 2150 impleri,
830 2085 896 2135 etiarut

108 2160 211 2211 Christus
232 2169 278 2207 uun
300 2154 468 2207 resurrexisset.
489 2154 549 2217 Ergo
572 2155 642 2204 etiam
662 2155 756 2207 Christo
771 2171 824 2208 nou
840 2167 893 2206 rest·

109 2237 189 2297 geute,
204 2229 287 2279 mortui
306 2232 463 2291 resurgereut3
483 2240 530 2279 nou
548 2240 603 2291 ergo
616 2228 754 2280 resurreetio
772 2227 895 2280 christia

109 2317 178 2355 causa
190 2299 365 2353 resurrectionis
379 2313 508 2363 corporum.

141 2380 164 2425 t.
180 2376 305 2437 Praeterea,
321 2372 342 2422 si
358 2370 494 2422 resurreetio
507 2368 593 2421 Christi
611 2369 642 2421 sit
660 2383 733 2421 eausa
746 2369 900 2424 maurus

110 2460 231 2511 corporum
237 2482 245 2509 ‚
258 2447 298 2495 aut
309 2449 370 2494 esset
381 2457 449 2493 eausa
460 2442 604 2509 exemptaris
614 2446 655 2493 aut
663 2456 733 2493 causa
743 2444 866 2505 effectiva,
875 2443 901 2488 rut

115 2519 238 2570 meritoria.
253 2518 295 2569 Sed
308 2529 353 2567 nou
368 2520 404 2566 est
420 2529 489 2567 causa
500 2516 649 2580 exemplaris,
662 2516 717 2579 quia
725 2517 900 2569 resurreuioueu

110 2604 233 2655 corporum
246 2590 307 2641 Deus
321 2587 464 2653 operabitur,
478 2587 604 2640 seeundum
613 2587 669 2639 iilud
681 2588 800 2647 ioan.,V
813 2606 820 2641 :
832 2587 900 2637 «suu

146 2704 177 2766 (ί)
194 2708 228 2753 De
239 2708 275 2752 his
286 2708 355 2753 etiam
368 2708 412 2763 IV,
422 2706 502 2757 Seat„
513 2707 567 2753 dist.
585 2705 627 2760 43,
638 2712 683 2753 art.
700 2706 725 2766 2,
735 2710 873 2765 quesitum,
881 2703 898 2752 if

109 2774 134 2815 et
145 2768 236 2814 Contra
246 2771 326 2819 Garat„
339 2772 381 2815 iih.
392 2772 434 2828 IV,
444 2782 498 2827 cap.
506 2769 546 2821 '182
563 2774 587 2817 et
600 2782 639 2827 qu.
651 2770 692 2828 Ἦ,
700 2769 729 2817 rie
738 2774 823 2829 veria,
837 2767 899 2820 arat,

108 2832 137 2875 ad
157 2830 188 2883 73
204 2836 228 2875 et
241 2832 342 2888 Optare„
361 2834 413 2890 111,
427 2845 480 2890 hap.
499 2832 561 2887 2462
577 2838 602 2878 et
617 2834 720 2892 Opone..
732 2838 787 2896 LX,
801 2848 855 2893 cap.
872 2830 900 2873 Ἧι

109 2892 154 2935 eoi.
175 2892 204 2945 ⁷³
221 2899 245 2937 et
255 2894 279 2939 iu
293 2897 312 2939 1.
326 2896 359 2940 art
372 2900 439 2947 car„
449 2898 502 2954 XV,
517 2898 575 2943 teet.
590 2896 614 2957 i,
628 2896 675 2944 eal.
690 2898 715 2942 i.
