1917 3317
154 192 201 242 tlt
250 199 359 242 sucum
372 199 501 250 sumans,
512 197 606 245 onan.
619 195 746 246 amun,
760 193 815 234 lnr.
834 195 852 231 r.

358 423 523 497 tinello
540 421 747 489 ccxxxvll.

189 570 224 616 lie
243 569 282 616 tir
294 581 347 629 porc
358 569 484 629 pertinent
496 566 538 684 cg
546 566 691 649 nauaturos,
702 565 733 610 tra
744 575 789 610 rao
802 558 908 609 wucotct

527 650 601 685 roua.

187 792 274 844 Deinde
285 789 470 842 considerandum
480 791 516 839 cst
526 788 555 838 de
568 787 607 838 luis
619 799 670 850 quse
683 787 814 850 competunt
827 776 928 846 eripuis·

188 863 217 913 st
232 862 291 914 circa
309 863 354 912 lroc
368 861 499 925 queruntur
511 871 552 908 sen
567 872 574 907 t
589 861 618 907 1⁰
631 855 710 907 lltnlur
723 855 790 907 liceat
803 855 838 907 cis
853 855 928 904 donc

156 933 289 998 predicare,
304 935 327 982 et
343 931 386 982 alia
402 930 533 992 hujusmodi
552 930 635 980 larem.
650 932 678 977 2⁰
691 926 771 978 Utrdnr
790 927 857 978 liceat
872 923 901 975 eis
912 917 929 966 de

156 1003 255 1067 negotiis
274 1001 417 1054 sacularibus
427 1013 450 1051 se
464 999 623 1052 intromittere.
644 1003 670 1048 t⁰
682 998 764 1049 litrdnr
776 1001 890 1050 teneantur
897 1001 929 1040 nn·

158 1074 227 1124 nibus
243 1073 341 1139 operari.
360 1076 386 1122 t⁰
406 1071 486 1123 Utrdrn
504 1072 572 1123 liceat
593 1071 627 1122 eis
648 1070 677 1121 de
699 1069 851 1134 eleemosynis
867 1066 930 1115 siren

160 1147 185 1194 5⁰
196 1143 275 1196 lltrdm
284 1144 350 1196 locat
363 1143 397 1194 eis
416 1143 554 1195 mendicare.
564 1147 591 1192 6ο
599 1140 679 1193 Utrdrn
692 1141 761 1193 liceat
773 1141 807 1193 eis
820 1135 932 1192 rodurn

159 1217 246 1270 ceteris
260 1215 342 1268 viliora
355 1215 454 1268 deterre.

459 1393 620 1446 sanccitis
636 1395 654 1444 1.

162 1521 248 1567 Utratm
258 1519 376 1577 caliptoac'a
386 1519 455 1564 liceat
469 1519 562 1638 aceyo,
572 1519 713 1576 predicare,
723 1519 748 1562 et
759 1517 810 1564 alic
819 1507 935 1574 tolomod

524 1594 598 1627 acen.

192 1709 226 1760 ld
236 1708 335 1774 primum
346 1707 380 1760 sic
389 1709 529 1774 proceditur.
538 1708 632 1758 Videtur
642 1705 703 1771 qudd
711 1706 824 1770 religiosis
837 1720 884 1758 non
893 1702 936 1754 tired

162 1781 255 1844 docere,
266 1780 402 1846 predicare,
414 1785 438 1830 et
450 1779 495 1830 alla
504 1778 636 1844 hujusmodi
648 1780 730 1829 tacere.
741 1778 825 1828 Dicitur
835 1778 898 1829 eninr
907 1769 935 1819 ill

162 1868 201 1917 qu.
218 1855 245 1910 1,
261 1852 284 1902 in
298 1853 396 1916 quodam
412 1855 498 1902 statuto
506 1850 760 1914 comtendmpolitanae
771 1851 871 1916 synodi:
886 1844 938 1896 «til

162 1925 323 1975 monachornm
346 1922 493 1988 subjectionis
510 1924 579 1974 lrabet
592 1923 685 1972 aerium
698 1925 722 1972 et
738 1921 938 1986 discipulatusnt

162 1993 268 2059 docendi,
275 1995 313 2045 ael
321 1994 508 2059 prasideudi,vel
517 1994 625 2058 pascendi
634 1993 699 2046 alios
709 2010 724 2042 o
734 1994 886 2058 Hieronymus
893 1989 938 2041 ein

163 2067 219 2118 dicit
235 2067 270 2118 od
288 2068 423 2131 ltr’porr'om
436 2069 461 2115 et
476 2065 640 2116 Desiderium
661 2065 714 2128 (lib.
732 2068 820 2115 contro
844 2061 934 2129 Viqilon

163 2140 242 2204 tium,
252 2153 331 2190 uersus
341 2138 423 2202 duem)
436 2154 442 2188 :
456 2139 602 2189 «Monachus
614 2150 661 2187 non
672 2137 772 2188 doctoris
781 2138 821 2188 sed
831 2128 938 2201 plangenti

163 2211 233 2261 habet
249 2209 367 2274 otdciuur3
381 2225 395 2258 o
406 2219 430 2261 ec
441 2210 488 2262 Leo
501 2210 571 2260 etiam
579 2210 641 2273 Papa
648 2208 705 2259 dicit
716 2208 807 2273 (Epist.
818 2209 901 2270 Llllll,
912 2201 938 2254 sic

162 2283 211 2346 LX,
229 2280 300 2346 prope
313 2281 410 2346 linem),
423 2286 449 2332 ut
458 2282 556 2332 habetur
568 2281 634 2344 xvi,
644 2294 685 2343 qn.
698 2283 712 2330 1
726 2295 732 2329 :
746 2297 760 2328 u
774 2281 861 2331 Praeter
870 2274 938 2328 'cond

164 2353 292 2404 sacerdotes
303 2353 379 2403 nullus
387 2353 469 2405 audeat
477 2353 614 2417 praedicare,
625 2351 676 2404 siro
685 2353 822 2414 monachus,
833 2352 885 2402 sive
893 2349 938 2397 laico

161 2424 200 2474 ille
220 2424 263 2487 sit,
278 2425 317 2488 qui
335 2425 458 2490 cujuslibet
470 2425 572 2476 scientiae
590 2423 683 2475 homine
697 2422 815 2487 puciatur.
830 2439 845 2471 n
860 2423 906 2473 Sed
917 2430 938 2468 no

161 2493 216 2546 licet
229 2495 354 2559 transgredi
369 2497 487 2562 proprium
502 2496 604 2548 cilicium
620 2498 645 2546 et
655 2498 766 2546 statutum
778 2494 892 2546 Ecclesia
906 2493 938 2551 Ere

160 2565 250 2616 videtur
263 2568 324 2630 quod
344 2581 390 2619 non
402 2567 470 2619 liceat
484 2567 596 2632 religiosis
611 2566 705 2629 docere,
724 2564 867 2631 predicare,
883 2568 907 2615 et
919 2563 938 2611 al

161 2636 295 2699 hujusmodi
305 2639 389 2690 lacere.

193 2712 217 2759 2.
227 2709 346 2774 Praeoerea,
367 2710 393 2762 iu
406 2714 492 2761 strido
502 2709 609 2774 lipsano
621 2708 715 2774 synodi,
723 2707 786 2772 quod
800 2708 895 2774 ponitur
905 2706 937 2756 xl

162 2793 202 2844 qn.
217 2783 242 2844 1,
255 2781 288 2832 sic
300 2780 383 2832 dicitur
396 2797 403 2832 ι
415 2781 581 2832 «dimiteret
590 2779 779 2832 indissolubiliter
789 2780 937 2843 omuibuspr:

161 2851 267 2918 cipimus,
276 2857 301 2903 ut
316 2852 398 2916 aliquis
409 2853 535 2905 monaehus
546 2851 706 2916 punientiam
715 2851 936 2914 nemiuitriliuat,n

163 2919 209 2974 silii
219 2919 333 2982 inuicem,
345 2925 372 2973 ut
380 2922 468 2986 justum
476 2926 526 2986 est3
536 2926 653 2990 mornaco
661 2933 709 2974 non
719 2921 817 2987 sepedat
826 2921 874 2974 uisi
887 2932 937 2972 mon
