1917 3317
158 162 190 200 uu
204 159 406 201 ureuusscruosrs
422 161 518 201 eumen
533 158 705 199 cuusuuuusrs.
786 148 833 199 989

38 240 96 287 *uter
116 237 210 287 suscitet
224 240 340 300 mortuos3
351 254 367 285 u
385 238 445 289 Deus
458 241 535 289 nutem
553 251 601 289 non
617 237 705 301 indiget
719 236 833 301 inspicere

42 310 55 357 d
73 308 168 373 aliquod
185 310 300 373 exemplar
313 314 377 361 exire
395 322 429 360 se.
443 308 553 361 Similiter
566 309 636 360 etiem
650 322 697 361 uon
715 312 752 359 est
763 322 840 361 censu..

38 382 136 431 declivo
147 418 153 443 ‚
163 382 219 445 quin
231 394 300 431 ceusu
310 380 412 433 eliciens
420 394 465 433 nou
482 381 531 443 egit
544 382 588 431 nisi
600 394 643 445 per
653 386 783 433 contectum
795 383 834 433 uel

38 453 173 515 pirituelem
191 452 230 503 rel
241 452 395 516 corporalem3
412 451 560 503 menifestum
578 456 616 503 est
629 456 705 503 numm
722 452 783 517 qudd
796 466 833 503 re·

38 524 142 575 rurrectio
157 524 242 575 Christi
254 538 300 575 non
317 524 386 575 hehet
395 528 526 575 commotum
535 526 677 589 corporalem
690 526 719 576 od
732 530 835 577 mortuos

38 597 70 657 lui
91 599 224 659 resurgent,
238 599 331 661 propter
346 596 479 647 distantiam
496 596 606 660 temporis
619 599 644 646 et
656 595 716 658 loci,
731 596 835 647 similiter

38 666 99 715 etiam
117 680 161 718 nec
178 670 306 719 contactum
319 667 475 731 spiritualem,
488 668 575 731 quiesi
588 680 630 731 per
640 668 707 719 iidem
720 672 745 719 et
758 670 836 719 chari-

40 742 119 799 otem,
137 738 277 803 quinetiam
294 738 398 789 infideles
414 742 439 789 et
455 743 588 803 peccatores
606 743 741 803 resurgeut;
760 754 834 804 neque

38 809 101 859 ilium
121 814 157 861 cst
174 824 242 862 causa
259 810 388 873 meritorio,
402 810 456 873 quie
469 809 574 860 Christus
590 824 710 875 resurgens
721 813 770 876 jum
788 826 834 863 non

38 888 79 933 ruat
92 883 182 948 uictor,
195 887 219 935 et
227 884 260 933 ita
272 896 316 934 non
328 886 377 934 erat
386 883 409 933 iu
419 886 481 933 statu
494 882 605 933 merendi.
615 884 645 933 lit
653 884 685 933 itn
698 883 835 936 nullomodo

39 954 166 1005 esurrectio
187 954 275 1005 Christi
293 953 448 1005 videturesse
469 966 536 1004 cause
554 958 638 1005 nostre
651 955 833 1006 resurrectionis.

65 1028 88 1073 t.
105 1026 232 1090 Praeterea,
248 1024 300 1077 edm
312 1040 372 1077 mors
387 1025 418 1076 sit
430 1024 531 1089 privatio
540 1025 608 1087 rite,
621 1025 679 1076 nihil
687 1028 836 1078 videturesse

38 1096 94 1147 iliud
110 1099 227 1150 destruere
236 1103 340 1161 mortem,
356 1097 424 1161 ouon
439 1098 547 1148 reducere
560 1097 646 1160 vitem;
661 1098 722 1161 quod
738 1098 837 1162 pertinet

38 1168 62 1215 nd
77 1170 276 1221 resurrectionem.
292 1171 337 1221 Sed
354 1168 460 1219 Christus
478 1166 596 1220 moriendo
618 1171 714 1220 mortem
736 1172 836 1220 nostram

38 1239 154 1291 destruxit.
172 1242 232 1305 Ergo
243 1254 304 1293 mors
322 1240 410 1291 Christi
420 1242 458 1292 est
471 1252 539 1290 musa
549 1243 633 1291 nostre
647 1240 833 1307 resurrectionis;

38 1324 80 1361 uon
90 1325 146 1376 crgo
161 1312 213 1377 ejus
226 1312 370 1365 resurrectio.

66 1384 112 1435 Sed
129 1388 208 1437 contre
225 1389 275 1446 est,
289 1386 349 1449 quod
368 1398 435 1447 super
451 1383 508 1434 illud
526 1384 545 1433 l.
567 1384 604 1435 cd
622 1384 692 1442 Gor,
708 1384 748 1436 xv
764 1400 771 1434 :
786 1385 836 1436 «Si

39 1455 140 1507 Christus
160 1456 293 1521 predicetur
310 1454 370 1519 qudd
388 1454 512 1507 resurrexit
524 1454 538 1506 l
550 1455 655 1516 mortuis,
671 1460 729 1516 etc,
750 1472 765 1504 u
782 1457 837 1507 dicit

39 1528 115 1580 illoesa
124 1529 265 1597 (interlimlz
277 1528 341 1589 «Qui
354 1532 390 1579 cst
404 1540 470 1579 musa
486 1528 591 1579 efficiens
601 1528 773 1579 resurrectionis
782 1542 837 1580 nos·

41 1604 85 1650 lrae.
98 1618 112 1649 o

70 1670 333 1735 (Concurrere—Cim
347 1669 450 1722 comoros
463 1669 603 1731 resurrexit,
618 1668 724 1735 primitie
733 1671 837 1721 omnium

42 1742 208 1807 dormientium,
219 1743 269 1809 ipsu
284 1744 337 1807 cius
351 1744 486 1795 resurrectio
498 1755 567 1793 censa
579 1746 614 1793 est
625 1746 709 1794 nosne
720 1752 837 1795 resurrec-

44 1813 128 1876 lionis.)

70 1886 206 1951 Respondes
228 1886 361 1949 dicendum,
376 1886 438 1949 quod
461 1903 474 1934 u
488 1885 545 1936 illud
561 1886 620 1950 quod
641 1889 678 1936 est
694 1884 793 1950 primum
811 1886 837 1935 in

44 1959 141 2019 quolibet
153 1970 251 2023 genere,
266 1962 301 2008 cst
312 1972 380 2009 censa
391 1959 493 2009 omniurn
505 1971 557 2019 que
569 1962 624 2009 snnt
635 1962 703 2023 post,
716 1974 731 2005 u
744 1962 771 2008 ut
780 1958 838 2008 dici-

44 2030 75 2077 tur
89 2030 113 2080 in
124 2032 153 2080 ll.
163 2030 303 2095 Metoplrps.
319 2031 385 2096 (text.
396 2032 431 2091 ll.
447 2030 547 2081 Primum
558 2034 633 2081 nutem
645 2031 671 2080 iu
680 2043 765 2094 genere
776 2042 837 2081 uere

45 2102 208 2153 resurrectionis
216 2102 260 2156 iuit
270 2103 405 2153 resurrectio
413 2102 509 2164 Christi,
518 2102 577 2153 sicut
584 2116 613 2153 ex
621 2102 689 2168 supri
698 2102 766 2153 dictis
772 2107 839 2166 patet

47 2172 98 2236 (qu.
119 2179 160 2238 53,
172 2177 215 2225 ert.
234 2174 278 2237 dl.
294 2175 358 2226 Unde
375 2178 465 2239 oportet
482 2174 542 2239 qudd
555 2176 692 2226 resurrectio
704 2174 789 2225 Christi
807 2174 838 2225 sit

45 2257 106 2296 cause
118 2250 200 2297 nostre
209 2246 388 2298 resurrectionis.
399 2248 428 2297 lli
436 2248 482 2297 luoc
490 2250 526 2297 est
538 2247 600 2310 quod
610 2247 732 2311 Apostolus
743 2246 807 2309 dicit,
817 2247 838 2297 1.

47 2318 77 2365 od
93 2319 162 2379 Cor„
172 2318 212 2369 llll
225 2334 232 2368 :
243 2336 257 2367 o
267 2319 371 2370 Christus
383 2318 508 2369 resurrexit
518 2318 532 2369 i
542 2320 650 2382 mortuis,
666 2318 773 2383 primitie
787 2320 840 2369 dur·

48 2388 174 2453 minutium,
189 2389 401 2455 quoniamquidem
420 2400 461 2455 per
474 2392 591 2441 hominem
607 2404 684 2451 mors,
699 2394 723 2441 et
739 2402 780 2453 per
797 2392 839 2441 luo·

48 2463 125 2512 minem
144 2460 278 2513 resurrectio
290 2466 437 2513 mortuomm.
457 2478 471 2511 o
490 2463 519 2512 lit
534 2463 579 2513 lucc
594 2462 770 2524 rationabiliter3
786 2474 839 2511 nam

49 2533 178 2599 principium
191 2533 296 2583 humens
305 2533 465 2585 vivificationis
478 2537 516 2585 est
524 2534 624 2585 Verbum
636 2532 691 2595 llei,
702 2533 732 2583 de
745 2545 791 2595 ouo
805 2532 841 2583 di·

49 2604 101 2655 citur
118 2606 143 2655 in
164 2604 260 2655 Psulm.
273 2604 353 2655 XXXV
366 2620 373 2655 e
389 2606 478 2669 «Apud
490 2610 515 2657 le
529 2609 565 2656 est
577 2606 629 2656 lons
641 2605 704 2655 rite.
713 2621 727 2652 u
743 2605 807 2655 llude
816 2609 840 2656 et

49 2672 92 2736 ipse
105 2676 170 2738 dicit,
185 2678 267 2732 douo..
284 2677 320 2725 ll:
337 2676 423 2727 «Sicut
437 2680 504 2729 Pater
521 2677 617 2728 suscitet
633 2680 734 2727 mertuos
745 2679 768 2727 et
780 2675 840 2728 riri·
921 2735 922 2738 ,

50 2744 111 2811 ficet,
121 2747 153 2798 sic
166 2750 189 2797 et
200 2746 271 2799 Filius
282 2762 339 2811 quos
351 2748 402 2799 vult
414 2749 525 2801 viviticat.
538 2765 553 2795 »
568 2748 642 2798 Habet
653 2752 729 2798 eutem
738 2749 782 2798 troc
795 2762 839 2797 oa-

52 2820 122 2871 luralis
129 2821 183 2872 ordo
195 2834 268 2871 rerum
278 2820 387 2873 diuinitus
396 2821 530 2884 institutus,
541 2823 567 2870 ut
574 2819 683 2883 quelibet
691 2832 759 2871 cause
767 2820 840 2884 primo

52 2898 147 2955 operetur
156 2894 180 2947 in
191 2892 281 2959 mquid
291 2897 327 2947 est
339 2892 383 2947 siti
392 2893 561 2961 propinquius,
576 2896 601 2944 et
616 2892 723 2959 perillnd
734 2897 841 2959 operetur
