<?xml version="1.0" encoding="UTF-8"?>
<!DOCTYPE html PUBLIC "-//W3C//DTD XHTML 1.0 Transitional//EN"
    "http://www.w3.org/TR/xhtml1/DTD/xhtml1-transitional.dtd">
<html xmlns="http://www.w3.org/1999/xhtml" xml:lang="en" lang="en">
 <head>
  <title>
</title>
<meta http-equiv="Content-Type" content="text/html;charset=utf-8" />
  <meta name='ocr-system' content='tesseract 3.04.00' />
  <meta name='ocr-capabilities' content='ocr_page ocr_carea ocr_par ocr_line ocrx_word'/>
</head>
<body>
  <div class='ocr_page' id='page_1' title='image "./summatheologica02nicogoog_0084.png"; bbox 0 0 1917 3317; ppageno 0'>
   <div class='ocr_carea' id='block_1_1' title="bbox 95 187 785 240">
    <p class='ocr_par' dir='ltr' id='par_1_1' title="bbox 95 187 785 240">
     <span class='ocr_line' id='line_1_1' title="bbox 95 187 785 240; baseline 0.019 -15"><span class='ocrx_word' id='word_1_1' title='bbox 95 187 241 236; x_wconf 73' lang='lat' dir='ltr'><strong>cernuntur.</strong></span> <span class='ocrx_word' id='word_1_2' title='bbox 259 199 292 236; x_wconf 82' lang='lat' dir='ltr'><strong>arr</strong></span> <span class='ocrx_word' id='word_1_3' title='bbox 307 201 402 237; x_wconf 61' lang='lat' dir='ltr'><strong>warnis</strong></span> <span class='ocrx_word' id='word_1_4' title='bbox 417 203 529 239; x_wconf 71' lang='lat' dir='ltr'><strong>recreer.</strong></span> <span class='ocrx_word' id='word_1_5' title='bbox 548 203 572 238; x_wconf 86' lang='lat' dir='ltr'><strong>rrr</strong></span> <span class='ocrx_word' id='word_1_6' title='bbox 589 203 706 240; x_wconf 66' lang='lat' dir='ltr'><strong>confiunt.</strong></span> <span class='ocrx_word' id='word_1_7' title='bbox 753 193 785 238; x_wconf 73' lang='lat' dir='ltr'><strong>t‘l</strong></span> 
     </span>
    </p>
   </div>
   <div class='ocr_carea' id='block_1_2' title="bbox 41 260 787 413">
    <p class='ocr_par' dir='ltr' id='par_1_2' title="bbox 41 260 787 413">
     <span class='ocr_line' id='line_1_2' title="bbox 42 260 781 342; baseline 0.007 -20"><span class='ocrx_word' id='word_1_8' title='bbox 42 260 123 322; x_wconf 68' lang='lat' dir='ltr'><strong>seturna</strong></span> <span class='ocrx_word' id='word_1_9' title='bbox 132 273 189 322; x_wconf 80' lang='lat' dir='ltr'><strong>unu</strong></span> <span class='ocrx_word' id='word_1_10' title='bbox 205 275 273 326; x_wconf 81' lang='lat' dir='ltr'><strong>uam</strong></span> <span class='ocrx_word' id='word_1_11' title='bbox 292 287 355 326; x_wconf 78' lang='lat' dir='ltr'><strong>suuu</strong></span> <span class='ocrx_word' id='word_1_12' title='bbox 369 277 453 340; x_wconf 76' lang='lat' dir='ltr'><strong>cuugu</strong></span> <span class='ocrx_word' id='word_1_13' title='bbox 467 279 496 328; x_wconf 79' lang='lat' dir='ltr'><strong>an</strong></span> <span class='ocrx_word' id='word_1_14' title='bbox 510 278 658 342; x_wconf 67' lang='lat' dir='ltr'><strong>nucerinus</strong></span> <span class='ocrx_word' id='word_1_15' title='bbox 670 279 781 342; x_wconf 77' lang='lat' dir='ltr'><strong>suorum,</strong></span> 
     </span>
     <span class='ocr_line' id='line_1_3' title="bbox 41 335 787 413; baseline 0.013 -23"><span class='ocrx_word' id='word_1_16' title='bbox 41 335 122 398; x_wconf 75' lang='lat' dir='ltr'><strong>urcstytu</strong></span> <span class='ocrx_word' id='word_1_17' title='bbox 134 347 197 394; x_wconf 71' lang='lat' dir='ltr'><strong>tunm</strong></span> <span class='ocrx_word' id='word_1_18' title='bbox 206 352 311 409; x_wconf 66' lang='lat' dir='ltr'><strong>motus,</strong></span> <span class='ocrx_word' id='word_1_19' title='bbox 327 349 362 398; x_wconf 88' lang='lat' dir='ltr'><strong>rel</strong></span> <span class='ocrx_word' id='word_1_20' title='bbox 373 348 544 400; x_wconf 86' lang='lat' dir='ltr'><strong>archidiaconns</strong></span> <span class='ocrx_word' id='word_1_21' title='bbox 557 361 603 400; x_wconf 92' lang='lat' dir='ltr'><strong>non</strong></span> <span class='ocrx_word' id='word_1_22' title='bbox 617 350 703 413; x_wconf 71' lang='lat' dir='ltr'><strong>obligd</strong></span> <span class='ocrx_word' id='word_1_23' title='bbox 711 353 787 400; x_wconf 81' lang='lat' dir='ltr'><strong>totam</strong></span> 
     </span>
    </p>
   </div>
   <div class='ocr_carea' id='block_1_3' title="bbox 21 409 829 2984">
    <p class='ocr_par' dir='ltr' id='par_1_3' title="bbox 21 409 829 2765">
     <span class='ocr_line' id='line_1_4' title="bbox 41 409 784 486; baseline 0.016 -28"><span class='ocrx_word' id='word_1_24' title='bbox 41 409 86 482; x_wconf 66' lang='lat' dir='ltr'><strong>tritt]</strong></span> <span class='ocrx_word' id='word_1_25' title='bbox 96 421 144 462; x_wconf 78' lang='lat' dir='ltr'><strong>nau</strong></span> <span class='ocrx_word' id='word_1_26' title='bbox 154 417 178 465; x_wconf 86' lang='lat' dir='ltr'><strong>ad</strong></span> <span class='ocrx_word' id='word_1_27' title='bbox 194 431 271 468; x_wconf 86' lang='lat' dir='ltr'><strong>curam</strong></span> <span class='ocrx_word' id='word_1_28' title='bbox 285 419 424 482; x_wconf 79' lang='lat' dir='ltr'><strong>animamur,</strong></span> <span class='ocrx_word' id='word_1_29' title='bbox 437 421 496 470; x_wconf 86' lang='lat' dir='ltr'><strong>sicut</strong></span> <span class='ocrx_word' id='word_1_30' title='bbox 508 422 643 486; x_wconf 82' lang='lat' dir='ltr'><strong>episcopus,</strong></span> <span class='ocrx_word' id='word_1_31' title='bbox 658 435 702 472; x_wconf 88' lang='lat' dir='ltr'><strong>uec</strong></span> <span class='ocrx_word' id='word_1_32' title='bbox 714 420 784 472; x_wconf 82' lang='lat' dir='ltr'><strong>etiam</strong></span> 
     </span>
     <span class='ocr_line' id='line_1_5' title="bbox 36 485 786 556; baseline 0.021 -31"><span class='ocrx_word' id='word_1_33' title='bbox 36 488 50 521; x_wconf 85' lang='lat' dir='ltr'><strong>n</strong></span> <span class='ocrx_word' id='word_1_34' title='bbox 59 485 139 544; x_wconf 66' lang='lat' dir='ltr'><strong>conntit</strong></span> <span class='ocrx_word' id='word_1_35' title='bbox 149 489 289 554; x_wconf 79' lang='lat' dir='ltr'>principalem</span> <span class='ocrx_word' id='word_1_36' title='bbox 304 503 381 540; x_wconf 85' lang='lat' dir='ltr'><strong>euram</strong></span> <span class='ocrx_word' id='word_1_37' title='bbox 396 491 537 543; x_wconf 87' lang='lat' dir='ltr'><strong>subditorum</strong></span> <span class='ocrx_word' id='word_1_38' title='bbox 547 493 649 553; x_wconf 83' lang='lat' dir='ltr'><strong>habere,</strong></span> <span class='ocrx_word' id='word_1_39' title='bbox 664 493 723 542; x_wconf 73' lang='lat' dir='ltr'><strong>deut</strong></span> <span class='ocrx_word' id='word_1_40' title='bbox 735 492 786 556; x_wconf 76' lang='lat' dir='ltr'><strong>epi-</strong></span> 
     </span>
     <span class='ocr_line' id='line_1_6' title="bbox 37 557 787 629; baseline 0.004 -20"><span class='ocrx_word' id='word_1_41' title='bbox 37 559 96 629; x_wconf 59' lang='lat' dir='ltr'><strong>Sitit,</strong></span> <span class='ocrx_word' id='word_1_42' title='bbox 109 557 138 605; x_wconf 77' lang='lat' dir='ltr'><strong>ted</strong></span> <span class='ocrx_word' id='word_1_43' title='bbox 146 561 239 622; x_wconf 82' lang='lat' dir='ltr'><strong>quedam</strong></span> <span class='ocrx_word' id='word_1_44' title='bbox 252 562 399 625; x_wconf 85' lang='lat' dir='ltr'><strong>particularia</strong></span> <span class='ocrx_word' id='word_1_45' title='bbox 406 563 466 612; x_wconf 90' lang='lat' dir='ltr'><strong>circa</strong></span> <span class='ocrx_word' id='word_1_46' title='bbox 480 577 557 613; x_wconf 88' lang='lat' dir='ltr'><strong>euram</strong></span> <span class='ocrx_word' id='word_1_47' title='bbox 566 564 693 614; x_wconf 87' lang='lat' dir='ltr'><strong>animarum</strong></span> <span class='ocrx_word' id='word_1_48' title='bbox 705 577 787 614; x_wconf 79' lang='lat' dir='ltr'><strong>eorunr</strong></span> 
     </span>
     <span class='ocr_line' id='line_1_7' title="bbox 36 618 788 699; baseline 0.028 -36"><span class='ocrx_word' id='word_1_49' title='bbox 36 618 89 670; x_wconf 81' lang='lat' dir='ltr'><strong>oltrnu</strong></span> <span class='ocrx_word' id='word_1_50' title='bbox 98 629 234 694; x_wconf 82' lang='lat' dir='ltr'><strong>comittuntur,</strong></span> <span class='ocrx_word' id='word_1_51' title='bbox 248 637 275 683; x_wconf 90' lang='lat' dir='ltr'><strong>ut</strong></span> <span class='ocrx_word' id='word_1_52' title='bbox 287 647 316 684; x_wconf 82' lang='lat' dir='ltr'><strong>err</strong></span> <span class='ocrx_word' id='word_1_53' title='bbox 326 634 392 684; x_wconf 85' lang='lat' dir='ltr'><strong>dictis</strong></span> <span class='ocrx_word' id='word_1_54' title='bbox 402 637 465 698; x_wconf 87' lang='lat' dir='ltr'><strong>patet</strong></span> <span class='ocrx_word' id='word_1_55' title='bbox 476 635 537 699; x_wconf 85' lang='lat' dir='ltr'><strong>(art.</strong></span> <span class='ocrx_word' id='word_1_56' title='bbox 550 640 573 698; x_wconf 87' lang='grc'><strong>6,</strong></span> <span class='ocrx_word' id='word_1_57' title='bbox 588 635 615 684; x_wconf 83' lang='lat' dir='ltr'><strong>ad</strong></span> <span class='ocrx_word' id='word_1_58' title='bbox 629 638 669 696; x_wconf 72' lang='lat'><strong>2).</strong></span> <span class='ocrx_word' id='word_1_59' title='bbox 685 635 713 684; x_wconf 78' lang='lat' dir='ltr'><strong>nt</strong></span> <span class='ocrx_word' id='word_1_60' title='bbox 731 634 788 684; x_wconf 87' lang='lat' dir='ltr'><strong>ideo</strong></span> 
     </span>
     <span class='ocr_line' id='line_1_8' title="bbox 37 699 787 775; baseline 0 -19"><span class='ocrx_word' id='word_1_61' title='bbox 37 699 133 775; x_wconf 66' lang='lat' dir='ltr'><strong>lllllloto</strong></span> <span class='ocrx_word' id='word_1_62' title='bbox 142 709 208 756; x_wconf 86' lang='lat' dir='ltr'><strong>status</strong></span> <span class='ocrx_word' id='word_1_63' title='bbox 226 705 345 770; x_wconf 79' lang='lat' dir='ltr'><strong>religionis</strong></span> <span class='ocrx_word' id='word_1_64' title='bbox 359 707 387 757; x_wconf 89' lang='lat' dir='ltr'><strong>ad</strong></span> <span class='ocrx_word' id='word_1_65' title='bbox 399 719 475 758; x_wconf 86' lang='lat' dir='ltr'><strong>eorum</strong></span> <span class='ocrx_word' id='word_1_66' title='bbox 489 707 589 758; x_wconf 86' lang='lat' dir='ltr'><strong>olliciurn</strong></span> <span class='ocrx_word' id='word_1_67' title='bbox 603 712 639 758; x_wconf 86' lang='lat' dir='ltr'><strong>est</strong></span> <span class='ocrx_word' id='word_1_68' title='bbox 658 708 718 758; x_wconf 87' lang='lat' dir='ltr'><strong>sieut</strong></span> <span class='ocrx_word' id='word_1_69' title='bbox 732 707 787 758; x_wconf 87' lang='lat' dir='ltr'><strong>nni-</strong></span> 
     </span>
     <span class='ocr_line' id='line_1_9' title="bbox 39 768 829 842; baseline 0.032 -37"><span class='ocrx_word' id='word_1_70' title='bbox 39 768 130 821; x_wconf 83' lang='lat' dir='ltr'><strong>nnulrsad</strong></span> <span class='ocrx_word' id='word_1_71' title='bbox 139 777 279 841; x_wconf 70' lang='lat' dir='ltr'><strong>particulare,</strong></span> <span class='ocrx_word' id='word_1_72' title='bbox 289 782 313 827; x_wconf 88' lang='lat' dir='ltr'><strong>et</strong></span> <span class='ocrx_word' id='word_1_73' title='bbox 323 777 383 827; x_wconf 86' lang='lat' dir='ltr'><strong>sicut</strong></span> <span class='ocrx_word' id='word_1_74' title='bbox 391 779 517 829; x_wconf 79' lang='lat' dir='ltr'><strong>holocausti</strong></span> <span class='ocrx_word' id='word_1_75' title='bbox 526 779 554 828; x_wconf 89' lang='lat' dir='ltr'><strong>ad</strong></span> <span class='ocrx_word' id='word_1_76' title='bbox 565 778 712 840; x_wconf 84' lang='lat' dir='ltr'><strong>sacrificium,</strong></span> <span class='ocrx_word' id='word_1_77' title='bbox 724 780 784 842; x_wconf 88' lang='lat' dir='ltr'><strong>quod</strong></span> <span class='ocrx_word' id='word_1_78' title='bbox 819 801 829 816; x_wconf 91' lang='lat'><strong>·</strong></span> 
     </span>
     <span class='ocr_line' id='line_1_10' title="bbox 35 838 782 913; baseline 0.013 -26"><span class='ocrx_word' id='word_1_79' title='bbox 35 838 59 912; x_wconf 62' lang='lat' dir='ltr'><strong>cst</strong></span> <span class='ocrx_word' id='word_1_80' title='bbox 73 840 129 893; x_wconf 78' lang='lat' dir='ltr'><strong>uuus</strong></span> <span class='ocrx_word' id='word_1_81' title='bbox 139 846 264 898; x_wconf 78' lang='lat' dir='ltr'><strong>holocausto</strong></span> <span class='ocrx_word' id='word_1_82' title='bbox 276 887 283 910; x_wconf 92' lang='lat'><strong>,</strong></span> <span class='ocrx_word' id='word_1_83' title='bbox 297 853 323 898; x_wconf 88' lang='lat' dir='ltr'><strong>ut</strong></span> <span class='ocrx_word' id='word_1_84' title='bbox 335 852 400 912; x_wconf 81' lang='lat' dir='ltr'><strong>putet</strong></span> <span class='ocrx_word' id='word_1_85' title='bbox 410 863 450 913; x_wconf 86' lang='lat' dir='ltr'><strong>per</strong></span> <span class='ocrx_word' id='word_1_86' title='bbox 462 850 594 912; x_wconf 85' lang='lat' dir='ltr'><strong>Gregorium</strong></span> <span class='ocrx_word' id='word_1_87' title='bbox 606 864 682 913; x_wconf 77' lang='lat' dir='ltr'><strong>cuper</strong></span> <span class='ocrx_word' id='word_1_88' title='bbox 694 849 782 899; x_wconf 73' lang='lat' dir='ltr'><strong>Ezecd</strong></span> 
     </span>
     <span class='ocr_line' id='line_1_11' title="bbox 34 907 789 986; baseline 0.025 -34"><span class='ocrx_word' id='word_1_89' title='bbox 34 907 160 976; x_wconf 75' lang='lat' dir='ltr'><strong>tunitii).</strong></span> <span class='ocrx_word' id='word_1_90' title='bbox 174 921 236 972; x_wconf 86' lang='lat' dir='ltr'><strong>Unde</strong></span> <span class='ocrx_word' id='word_1_91' title='bbox 251 922 274 970; x_wconf 91' lang='lat' dir='ltr'><strong>et</strong></span> <span class='ocrx_word' id='word_1_92' title='bbox 287 921 348 980; x_wconf 81' lang='lat' dir='ltr'><strong>xlx,</strong></span> <span class='ocrx_word' id='word_1_93' title='bbox 359 920 433 971; x_wconf 82' lang='lat' dir='ltr'><strong>Cacsd</strong></span> <span class='ocrx_word' id='word_1_94' title='bbox 445 935 484 986; x_wconf 90' lang='lat' dir='ltr'><strong>qu.</strong></span> <span class='ocrx_word' id='word_1_95' title='bbox 497 925 521 981; x_wconf 86' lang='lat' dir='ltr'><strong>t,</strong></span> <span class='ocrx_word' id='word_1_96' title='bbox 532 919 615 970; x_wconf 88' lang='lat' dir='ltr'><strong>dieitur</strong></span> <span class='ocrx_word' id='word_1_97' title='bbox 629 922 676 984; x_wconf 84' lang='lat' dir='ltr'><strong>(ex</strong></span> <span class='ocrx_word' id='word_1_98' title='bbox 692 920 789 971; x_wconf 87' lang='lat' dir='ltr'><strong>consilio</strong></span> 
     </span>
     <span class='ocr_line' id='line_1_12' title="bbox 33 977 787 1056; baseline 0.024 -33"><span class='ocrx_word' id='word_1_99' title='bbox 33 977 112 1034; x_wconf 82' lang='lat' dir='ltr'><strong>toletano</strong></span> <span class='ocrx_word' id='word_1_100' title='bbox 119 988 151 1038; x_wconf 84' lang='lat' dir='ltr'><strong>ll.</strong></span> <span class='ocrx_word' id='word_1_101' title='bbox 162 1003 211 1055; x_wconf 83' lang='lat' dir='ltr'><strong>cap.</strong></span> <span class='ocrx_word' id='word_1_102' title='bbox 226 995 288 1054; x_wconf 79' lang='lat' dir='ltr'><strong>l9t:</strong></span> <span class='ocrx_word' id='word_1_103' title='bbox 302 1008 316 1039; x_wconf 86' lang='lat' dir='ltr'><strong>n</strong></span> <span class='ocrx_word' id='word_1_104' title='bbox 329 989 410 1042; x_wconf 89' lang='lat' dir='ltr'><strong>Clerici</strong></span> <span class='ocrx_word' id='word_1_105' title='bbox 419 993 458 1056; x_wconf 86' lang='lat' dir='ltr'><strong>qui</strong></span> <span class='ocrx_word' id='word_1_106' title='bbox 469 993 631 1042; x_wconf 86' lang='lat' dir='ltr'><strong>monachorum</strong></span> <span class='ocrx_word' id='word_1_107' title='bbox 645 992 787 1056; x_wconf 82' lang='lat' dir='ltr'><strong>propositum</strong></span> 
     </span>
     <span class='ocr_line' id='line_1_13' title="bbox 27 1060 785 1128; baseline 0 -18"><span class='ocrx_word' id='word_1_108' title='bbox 27 1060 121 1128; x_wconf 52' lang='lat' dir='ltr'><strong>*luriunt</strong></span> <span class='ocrx_word' id='word_1_109' title='bbox 133 1061 180 1123; x_wconf 81' lang='lat' dir='ltr'><strong>quia</strong></span> <span class='ocrx_word' id='word_1_110' title='bbox 192 1063 311 1115; x_wconf 86' lang='lat' dir='ltr'><strong>meliorem</strong></span> <span class='ocrx_word' id='word_1_111' title='bbox 329 1063 399 1112; x_wconf 90' lang='lat' dir='ltr'><strong>vitam</strong></span> <span class='ocrx_word' id='word_1_112' title='bbox 411 1063 476 1127; x_wconf 87' lang='lat' dir='ltr'><strong>sequi</strong></span> <span class='ocrx_word' id='word_1_113' title='bbox 488 1063 585 1126; x_wconf 77' lang='lat' dir='ltr'><strong>cupnnr</strong></span> <span class='ocrx_word' id='word_1_114' title='bbox 593 1062 602 1127; x_wconf 90' lang='lat'>)</span> <span class='ocrx_word' id='word_1_115' title='bbox 610 1063 693 1113; x_wconf 86' lang='lat' dir='ltr'><strong>liberos</strong></span> <span class='ocrx_word' id='word_1_116' title='bbox 705 1063 740 1113; x_wconf 89' lang='lat' dir='ltr'><strong>eis</strong></span> <span class='ocrx_word' id='word_1_117' title='bbox 756 1062 785 1111; x_wconf 81' lang='lat' dir='ltr'><strong>atr</strong></span> 
     </span>
     <span class='ocr_line' id='line_1_14' title="bbox 27 1128 785 1198; baseline 0.008 -19"><span class='ocrx_word' id='word_1_118' title='bbox 27 1128 110 1187; x_wconf 67' lang='lat' dir='ltr'><strong>lltsopis</strong></span> <span class='ocrx_word' id='word_1_119' title='bbox 124 1130 145 1178; x_wconf 90' lang='lat' dir='ltr'><strong>in</strong></span> <span class='ocrx_word' id='word_1_120' title='bbox 156 1133 302 1184; x_wconf 86' lang='lat' dir='ltr'><strong>monasteriis</strong></span> <span class='ocrx_word' id='word_1_121' title='bbox 315 1137 405 1197; x_wconf 82' lang='lat' dir='ltr'><strong>oportet</strong></span> <span class='ocrx_word' id='word_1_122' title='bbox 420 1133 498 1198; x_wconf 89' lang='lat' dir='ltr'><strong>largiri</strong></span> <span class='ocrx_word' id='word_1_123' title='bbox 511 1135 636 1197; x_wconf 86' lang='lat' dir='ltr'><strong>ingressus.</strong></span> <span class='ocrx_word' id='word_1_124' title='bbox 651 1150 664 1180; x_wconf 83' lang='lat' dir='ltr'><strong>u</strong></span> <span class='ocrx_word' id='word_1_125' title='bbox 679 1135 723 1184; x_wconf 89' lang='lat' dir='ltr'><strong>Sed</strong></span> <span class='ocrx_word' id='word_1_126' title='bbox 734 1135 785 1184; x_wconf 80' lang='lat' dir='ltr'><strong>nec</strong></span> 
     </span>
     <span class='ocr_line' id='line_1_15' title="bbox 25 1199 785 1281; baseline 0 -26"><span class='ocrx_word' id='word_1_127' title='bbox 25 1199 130 1256; x_wconf 62' lang='lat' dir='ltr'><strong>undamn</strong></span> <span class='ocrx_word' id='word_1_128' title='bbox 142 1202 290 1270; x_wconf 89' lang='lat' dir='ltr'><strong>intelligenda</strong></span> <span class='ocrx_word' id='word_1_129' title='bbox 304 1208 338 1254; x_wconf 89' lang='lat' dir='ltr'><strong>est</strong></span> <span class='ocrx_word' id='word_1_130' title='bbox 353 1205 477 1256; x_wconf 60' lang='lat' dir='ltr'><strong>meandum</strong></span> <span class='ocrx_word' id='word_1_131' title='bbox 491 1217 564 1268; x_wconf 89' lang='lat' dir='ltr'><strong>genus</strong></span> <span class='ocrx_word' id='word_1_132' title='bbox 577 1205 667 1281; x_wconf 63' lang='lat' dir='ltr'><strong>ogeris3</strong></span> <span class='ocrx_word' id='word_1_133' title='bbox 681 1218 735 1254; x_wconf 88' lang='lat' dir='ltr'><strong>narn</strong></span> <span class='ocrx_word' id='word_1_134' title='bbox 748 1218 785 1255; x_wconf 86' lang='lat' dir='ltr'><strong>ee·</strong></span> 
     </span>
     <span class='ocr_line' id='line_1_16' title="bbox 25 1268 789 1340; baseline 0.012 -25"><span class='ocrx_word' id='word_1_135' title='bbox 25 1268 97 1316; x_wconf 76' lang='lat' dir='ltr'><strong>uotum</strong></span> <span class='ocrx_word' id='word_1_136' title='bbox 106 1273 228 1326; x_wconf 72' lang='lat' dir='ltr'><strong>clanatern</strong></span> <span class='ocrx_word' id='word_1_137' title='bbox 251 1274 368 1340; x_wconf 87' lang='lat' dir='ltr'><strong>operantis</strong></span> <span class='ocrx_word' id='word_1_138' title='bbox 385 1276 496 1339; x_wconf 86' lang='lat' dir='ltr'><strong>contingit</strong></span> <span class='ocrx_word' id='word_1_139' title='bbox 508 1277 643 1340; x_wconf 81' lang='lat' dir='ltr'><strong>quandoque</strong></span> <span class='ocrx_word' id='word_1_140' title='bbox 654 1275 714 1339; x_wconf 83' lang='lat' dir='ltr'><strong>quod</strong></span> <span class='ocrx_word' id='word_1_141' title='bbox 727 1287 789 1339; x_wconf 80' lang='lat' dir='ltr'><strong>onus</strong></span> 
     </span>
     <span class='ocr_line' id='line_1_17' title="bbox 26 1346 789 1410; baseline 0.012 -23"><span class='ocrx_word' id='word_1_142' title='bbox 26 1348 117 1396; x_wconf 70' lang='lat' dir='ltr'><strong>uterere</strong></span> <span class='ocrx_word' id='word_1_143' title='bbox 128 1358 165 1395; x_wconf 85' lang='lat' dir='ltr'><strong>sno</strong></span> <span class='ocrx_word' id='word_1_144' title='bbox 177 1347 254 1396; x_wconf 86' lang='lat' dir='ltr'><strong>miuus</strong></span> <span class='ocrx_word' id='word_1_145' title='bbox 268 1346 387 1410; x_wconf 82' lang='lat' dir='ltr'><strong>existens,</strong></span> <span class='ocrx_word' id='word_1_146' title='bbox 398 1347 469 1410; x_wconf 84' lang='lat' dir='ltr'><strong>magis</strong></span> <span class='ocrx_word' id='word_1_147' title='bbox 485 1347 516 1398; x_wconf 87' lang='lat' dir='ltr'><strong>sit</strong></span> <span class='ocrx_word' id='word_1_148' title='bbox 529 1347 684 1409; x_wconf 86' lang='lat' dir='ltr'><strong>meritorium,</strong></span> <span class='ocrx_word' id='word_1_149' title='bbox 699 1348 789 1398; x_wconf 79' lang='lat' dir='ltr'><strong>seilicet</strong></span> 
     </span>
     <span class='ocr_line' id='line_1_18' title="bbox 26 1415 785 1476; baseline 0.013 -18"><span class='ocrx_word' id='word_1_150' title='bbox 26 1420 38 1448; x_wconf 70' lang='lat' dir='ltr'><strong>n</strong></span> <span class='ocrx_word' id='word_1_151' title='bbox 48 1421 67 1454; x_wconf 80' lang='lat' dir='ltr'><strong>rr</strong></span> <span class='ocrx_word' id='word_1_152' title='bbox 78 1415 142 1476; x_wconf 75' lang='lat' dir='ltr'><strong>uaJnri</strong></span> <span class='ocrx_word' id='word_1_153' title='bbox 156 1419 266 1468; x_wconf 66' lang='lat' dir='ltr'><strong>dentale</strong></span> <span class='ocrx_word' id='word_1_154' title='bbox 282 1418 330 1468; x_wconf 86' lang='lat' dir='ltr'><strong>fiat.</strong></span> <span class='ocrx_word' id='word_1_155' title='bbox 342 1419 366 1468; x_wconf 85' lang='lat' dir='ltr'><strong>Si</strong></span> <span class='ocrx_word' id='word_1_156' title='bbox 380 1417 434 1468; x_wconf 83' lang='lat' dir='ltr'><strong>nero</strong></span> <span class='ocrx_word' id='word_1_157' title='bbox 448 1419 577 1468; x_wconf 87' lang='lat' dir='ltr'><strong>attendatur</strong></span> <span class='ocrx_word' id='word_1_158' title='bbox 593 1418 715 1468; x_wconf 79' lang='lat' dir='ltr'><strong>difficultas</strong></span> <span class='ocrx_word' id='word_1_159' title='bbox 726 1417 785 1469; x_wconf 83' lang='lat' dir='ltr'><strong>bene</strong></span> 
     </span>
     <span class='ocr_line' id='line_1_19' title="bbox 26 1487 789 1554; baseline 0.024 -34"><span class='ocrx_word' id='word_1_160' title='bbox 26 1487 134 1535; x_wconf 73' lang='lat' dir='ltr'><strong>urrcrsandi</strong></span> <span class='ocrx_word' id='word_1_161' title='bbox 146 1489 167 1538; x_wconf 91' lang='lat' dir='ltr'><strong>iu</strong></span> <span class='ocrx_word' id='word_1_162' title='bbox 180 1489 294 1554; x_wconf 89' lang='lat' dir='ltr'><strong>religione</strong></span> <span class='ocrx_word' id='word_1_163' title='bbox 308 1493 332 1540; x_wconf 89' lang='lat' dir='ltr'><strong>et</strong></span> <span class='ocrx_word' id='word_1_164' title='bbox 349 1490 373 1538; x_wconf 91' lang='lat' dir='ltr'><strong>in</strong></span> <span class='ocrx_word' id='word_1_165' title='bbox 386 1489 463 1540; x_wconf 80' lang='lat' dir='ltr'><strong>oficio</strong></span> <span class='ocrx_word' id='word_1_166' title='bbox 479 1490 586 1540; x_wconf 83' lang='lat' dir='ltr'><strong>habentis</strong></span> <span class='ocrx_word' id='word_1_167' title='bbox 599 1502 675 1540; x_wconf 86' lang='lat' dir='ltr'><strong>curam</strong></span> <span class='ocrx_word' id='word_1_168' title='bbox 695 1489 789 1539; x_wconf 81' lang='lat' dir='ltr'><strong>anima-</strong></span> 
     </span>
     <span class='ocr_line' id='line_1_20' title="bbox 26 1555 785 1612; baseline 0.003 -4"><span class='ocrx_word' id='word_1_169' title='bbox 26 1559 70 1608; x_wconf 73' lang='lat' dir='ltr'><strong>run,</strong></span> <span class='ocrx_word' id='word_1_170' title='bbox 86 1555 110 1604; x_wconf 74' lang='lat' dir='ltr'><strong>tir</strong></span> <span class='ocrx_word' id='word_1_171' title='bbox 124 1559 234 1611; x_wconf 81' lang='lat' dir='ltr'><strong>difficilius</strong></span> <span class='ocrx_word' id='word_1_172' title='bbox 254 1565 292 1612; x_wconf 88' lang='lat' dir='ltr'><strong>est</strong></span> <span class='ocrx_word' id='word_1_173' title='bbox 310 1561 368 1611; x_wconf 89' lang='lat' dir='ltr'><strong>bene</strong></span> <span class='ocrx_word' id='word_1_174' title='bbox 381 1561 510 1611; x_wconf 84' lang='lat' dir='ltr'><strong>conversari</strong></span> <span class='ocrx_word' id='word_1_175' title='bbox 522 1573 574 1610; x_wconf 89' lang='lat' dir='ltr'><strong>cunr</strong></span> <span class='ocrx_word' id='word_1_176' title='bbox 587 1574 640 1611; x_wconf 86' lang='lat' dir='ltr'><strong>curn</strong></span> <span class='ocrx_word' id='word_1_177' title='bbox 660 1561 785 1611; x_wconf 77' lang='lat' dir='ltr'><strong>animarum</strong></span> 
     </span>
     <span class='ocr_line' id='line_1_21' title="bbox 25 1628 789 1700; baseline 0.007 -24"><span class='ocrx_word' id='word_1_178' title='bbox 25 1628 91 1700; x_wconf 56' lang='lat' dir='ltr'><strong>nist-tle</strong></span> <span class='ocrx_word' id='word_1_179' title='bbox 103 1632 199 1683; x_wconf 80' lang='lat' dir='ltr'><strong>exteriora</strong></span> <span class='ocrx_word' id='word_1_180' title='bbox 215 1632 330 1696; x_wconf 81' lang='lat' dir='ltr'><strong>pericula,</strong></span> <span class='ocrx_word' id='word_1_181' title='bbox 348 1633 451 1695; x_wconf 83' lang='lat' dir='ltr'><strong>quamuis</strong></span> <span class='ocrx_word' id='word_1_182' title='bbox 468 1630 611 1683; x_wconf 81' lang='lat' dir='ltr'><strong>conversatio</strong></span> <span class='ocrx_word' id='word_1_183' title='bbox 625 1633 738 1696; x_wconf 87' lang='lat' dir='ltr'><strong>religionis</strong></span> <span class='ocrx_word' id='word_1_184' title='bbox 756 1632 789 1683; x_wconf 89' lang='lat' dir='ltr'><strong>sit</strong></span> 
     </span>
     <span class='ocr_line' id='line_1_22' title="bbox 23 1697 789 1769; baseline 0.021 -31"><span class='ocrx_word' id='word_1_185' title='bbox 23 1697 109 1747; x_wconf 75' lang='lat' dir='ltr'><strong>urrutr&#39;or</strong></span> <span class='ocrx_word' id='word_1_186' title='bbox 118 1710 222 1764; x_wconf 74' lang='lat' dir='ltr'><strong>qnantum</strong></span> <span class='ocrx_word' id='word_1_187' title='bbox 236 1705 357 1768; x_wconf 86' lang='lat' dir='ltr'><strong>adipsum</strong></span> <span class='ocrx_word' id='word_1_188' title='bbox 371 1717 442 1766; x_wconf 85' lang='lat' dir='ltr'><strong>genus</strong></span> <span class='ocrx_word' id='word_1_189' title='bbox 452 1705 545 1769; x_wconf 82' lang='lat' dir='ltr'><strong>operis,</strong></span> <span class='ocrx_word' id='word_1_190' title='bbox 560 1708 652 1769; x_wconf 79' lang='lat' dir='ltr'><strong>propter</strong></span> <span class='ocrx_word' id='word_1_191' title='bbox 671 1704 789 1754; x_wconf 87' lang='lat' dir='ltr'><strong>arctitudi-</strong></span> 
     </span>
     <span class='ocr_line' id='line_1_23' title="bbox 24 1771 788 1840; baseline 0.025 -32"><span class='ocrx_word' id='word_1_192' title='bbox 24 1777 55 1813; x_wconf 85' lang='lat' dir='ltr'><strong>.nr</strong></span> <span class='ocrx_word' id='word_1_193' title='bbox 71 1771 203 1828; x_wconf 80' lang='lat' dir='ltr'><strong>otserrnntiar</strong></span> <span class='ocrx_word' id='word_1_194' title='bbox 224 1775 346 1839; x_wconf 81' lang='lat' dir='ltr'><strong>regularis.</strong></span> <span class='ocrx_word' id='word_1_195' title='bbox 369 1775 393 1824; x_wconf 86' lang='lat' dir='ltr'><strong>Si</strong></span> <span class='ocrx_word' id='word_1_196' title='bbox 410 1777 465 1827; x_wconf 83' lang='lat' dir='ltr'><strong>vend</strong></span> <span class='ocrx_word' id='word_1_197' title='bbox 483 1776 603 1840; x_wconf 86' lang='lat' dir='ltr'><strong>religiosus</strong></span> <span class='ocrx_word' id='word_1_198' title='bbox 621 1777 691 1827; x_wconf 89' lang='lat' dir='ltr'><strong>etiam</strong></span> <span class='ocrx_word' id='word_1_199' title='bbox 708 1777 788 1827; x_wconf 89' lang='lat' dir='ltr'><strong>ordine</strong></span> 
     </span>
     <span class='ocr_line' id='line_1_24' title="bbox 21 1844 786 1912; baseline 0.022 -33"><span class='ocrx_word' id='word_1_200' title='bbox 21 1845 73 1886; x_wconf 79' lang='lat' dir='ltr'><strong>‚ucat</strong></span> <span class='ocrx_word' id='word_1_201' title='bbox 85 1844 146 1900; x_wconf 85' lang='lat' dir='ltr'><strong>(sicut</strong></span> <span class='ocrx_word' id='word_1_202' title='bbox 157 1853 223 1911; x_wconf 87' lang='lat' dir='ltr'><strong>patet</strong></span> <span class='ocrx_word' id='word_1_203' title='bbox 239 1850 270 1899; x_wconf 87' lang='lat' dir='ltr'><strong>de</strong></span> <span class='ocrx_word' id='word_1_204' title='bbox 291 1849 410 1898; x_wconf 79' lang='lat' dir='ltr'><strong>conuersis</strong></span> <span class='ocrx_word' id='word_1_205' title='bbox 429 1847 577 1912; x_wconf 79' lang='lat' dir='ltr'><strong>religionum)</strong></span> <span class='ocrx_word' id='word_1_206' title='bbox 595 1849 629 1897; x_wconf 87' lang='lat' dir='ltr'><strong>sic</strong></span> <span class='ocrx_word' id='word_1_207' title='bbox 641 1848 786 1898; x_wconf 81' lang='lat' dir='ltr'><strong>manifestum</strong></span> 
     </span>
     <span class='ocr_line' id='line_1_25' title="bbox 21 1913 786 1986; baseline 0.016 -30"><span class='ocrx_word' id='word_1_208' title='bbox 21 1913 43 1986; x_wconf 67' lang='lat' dir='ltr'><strong>:rt</strong></span> <span class='ocrx_word' id='word_1_209' title='bbox 54 1914 145 1968; x_wconf 77' lang='lat' dir='ltr'><strong>excellere</strong></span> <span class='ocrx_word' id='word_1_210' title='bbox 160 1920 359 1984; x_wconf 74' lang='lat' dir='ltr'><strong>praeeminentiam</strong></span> <span class='ocrx_word' id='word_1_211' title='bbox 375 1919 460 1969; x_wconf 84' lang='lat' dir='ltr'><strong>ordinis</strong></span> <span class='ocrx_word' id='word_1_212' title='bbox 472 1923 582 1982; x_wconf 84' lang='lat' dir='ltr'><strong>quantum</strong></span> <span class='ocrx_word' id='word_1_213' title='bbox 596 1920 625 1968; x_wconf 92' lang='lat' dir='ltr'><strong>ad</strong></span> <span class='ocrx_word' id='word_1_214' title='bbox 639 1919 786 1983; x_wconf 67' lang='lat' dir='ltr'><strong>dignitatem</strong></span> 
     </span>
     <span class='ocr_line' id='line_1_26' title="bbox 23 1989 788 2055; baseline 0.004 -19"><span class='ocrx_word' id='word_1_215' title='bbox 23 1993 54 2036; x_wconf 72' lang='lat' dir='ltr'><strong>lte</strong></span> <span class='ocrx_word' id='word_1_216' title='bbox 67 1999 99 2044; x_wconf 82' lang='lat' dir='ltr'><strong>uer</strong></span> <span class='ocrx_word' id='word_1_217' title='bbox 112 2001 194 2041; x_wconf 85' lang='lat' dir='ltr'><strong>sacrum</strong></span> <span class='ocrx_word' id='word_1_218' title='bbox 208 1992 316 2042; x_wconf 86' lang='lat' dir='ltr'><strong>ordinem</strong></span> <span class='ocrx_word' id='word_1_219' title='bbox 335 1989 416 2054; x_wconf 81' lang='lat' dir='ltr'><strong>aliquis</strong></span> <span class='ocrx_word' id='word_1_220' title='bbox 428 1991 547 2055; x_wconf 83' lang='lat' dir='ltr'><strong>deputatur</strong></span> <span class='ocrx_word' id='word_1_221' title='bbox 560 1992 587 2041; x_wconf 83' lang='lat' dir='ltr'><strong>ad</strong></span> <span class='ocrx_word' id='word_1_222' title='bbox 600 1991 730 2054; x_wconf 80' lang='lat' dir='ltr'><strong>dignissima</strong></span> <span class='ocrx_word' id='word_1_223' title='bbox 743 1990 788 2039; x_wconf 91' lang='lat' dir='ltr'><strong>nri-</strong></span> 
     </span>
     <span class='ocr_line' id='line_1_27' title="bbox 25 2056 787 2127; baseline 0.021 -33"><span class='ocrx_word' id='word_1_224' title='bbox 25 2056 94 2118; x_wconf 76' lang='lat' dir='ltr'><strong>uncrin‚</strong></span> <span class='ocrx_word' id='word_1_225' title='bbox 106 2061 182 2122; x_wconf 82' lang='lat' dir='ltr'><strong>quitus</strong></span> <span class='ocrx_word' id='word_1_226' title='bbox 193 2063 240 2127; x_wconf 84' lang='lat' dir='ltr'><strong>ipsi</strong></span> <span class='ocrx_word' id='word_1_227' title='bbox 252 2062 345 2112; x_wconf 84' lang='lat' dir='ltr'><strong>Christo</strong></span> <span class='ocrx_word' id='word_1_228' title='bbox 357 2061 454 2112; x_wconf 75' lang='lat' dir='ltr'><strong>servitur</strong></span> <span class='ocrx_word' id='word_1_229' title='bbox 465 2061 490 2110; x_wconf 93' lang='lat' dir='ltr'><strong>in</strong></span> <span class='ocrx_word' id='word_1_230' title='bbox 503 2067 643 2112; x_wconf 76' lang='lat' dir='ltr'><strong>scemmento</strong></span> <span class='ocrx_word' id='word_1_231' title='bbox 654 2061 746 2118; x_wconf 80' lang='lat' dir='ltr'><strong>altaris,</strong></span> <span class='ocrx_word' id='word_1_232' title='bbox 758 2062 787 2110; x_wconf 88' lang='lat' dir='ltr'><strong>ad</strong></span> 
     </span>
     <span class='ocr_line' id='line_1_28' title="bbox 24 2126 789 2197; baseline 0.003 -17"><span class='ocrx_word' id='word_1_233' title='bbox 24 2160 36 2180; x_wconf 25' lang='lat' dir='ltr'><strong>s·</strong></span> <span class='ocrx_word' id='word_1_234' title='bbox 45 2126 59 2172; x_wconf 73' lang='lat' dir='ltr'><strong>n</strong></span> <span class='ocrx_word' id='word_1_235' title='bbox 70 2130 180 2192; x_wconf 73' lang='lat' dir='ltr'><strong>requiritur</strong></span> <span class='ocrx_word' id='word_1_236' title='bbox 192 2134 269 2197; x_wconf 84' lang='lat' dir='ltr'><strong>major</strong></span> <span class='ocrx_word' id='word_1_237' title='bbox 283 2133 394 2182; x_wconf 64' lang='lat' dir='ltr'><strong>onetitas</strong></span> <span class='ocrx_word' id='word_1_238' title='bbox 408 2133 515 2196; x_wconf 85' lang='lat' dir='ltr'><strong>interior,</strong></span> <span class='ocrx_word' id='word_1_239' title='bbox 530 2145 597 2195; x_wconf 84' lang='lat' dir='ltr'><strong>quam</strong></span> <span class='ocrx_word' id='word_1_240' title='bbox 610 2133 789 2196; x_wconf 72' lang='lat' dir='ltr'><strong>nquinatetiam</strong></span> 
     </span>
     <span class='ocr_line' id='line_1_29' title="bbox 48 2199 789 2270; baseline 0.013 -26"><span class='ocrx_word' id='word_1_241' title='bbox 48 2199 106 2255; x_wconf 63' lang='lat' dir='ltr'><strong>rionis</strong></span> <span class='ocrx_word' id='word_1_242' title='bbox 117 2207 199 2267; x_wconf 74' lang='lat' dir='ltr'><strong>stams3</strong></span> <span class='ocrx_word' id='word_1_243' title='bbox 217 2206 288 2268; x_wconf 84' lang='lat' dir='ltr'><strong>qnia,</strong></span> <span class='ocrx_word' id='word_1_244' title='bbox 301 2205 361 2254; x_wconf 90' lang='lat' dir='ltr'><strong>sicut</strong></span> <span class='ocrx_word' id='word_1_245' title='bbox 373 2203 495 2269; x_wconf 75' lang='lat' dir='ltr'><strong>Dionysius</strong></span> <span class='ocrx_word' id='word_1_246' title='bbox 509 2205 564 2254; x_wconf 86' lang='lat' dir='ltr'><strong>dicit</strong></span> <span class='ocrx_word' id='word_1_247' title='bbox 575 2206 613 2254; x_wconf 84' lang='lat' dir='ltr'><strong>vl.</strong></span> <span class='ocrx_word' id='word_1_248' title='bbox 630 2218 683 2268; x_wconf 82' lang='lat' dir='ltr'><strong>cap.</strong></span> <span class='ocrx_word' id='word_1_249' title='bbox 691 2204 789 2270; x_wconf 58' lang='lat' dir='ltr'><strong>Ecclee,</strong></span> 
     </span>
     <span class='ocr_line' id='line_1_30' title="bbox 41 2272 785 2340; baseline 0.009 -21"><span class='ocrx_word' id='word_1_250' title='bbox 41 2272 110 2320; x_wconf 63' lang='lat' dir='ltr'><strong>tturet</strong></span> <span class='ocrx_word' id='word_1_251' title='bbox 116 2311 125 2337; x_wconf 92' lang='lat'><em>‚</em></span> <span class='ocrx_word' id='word_1_252' title='bbox 134 2276 301 2330; x_wconf 64' lang='lat' dir='ltr'><strong>«monasticus</strong></span> <span class='ocrx_word' id='word_1_253' title='bbox 312 2276 368 2326; x_wconf 88' lang='lat' dir='ltr'><strong>ordo</strong></span> <span class='ocrx_word' id='word_1_254' title='bbox 377 2276 445 2327; x_wconf 84' lang='lat' dir='ltr'><strong>debet</strong></span> <span class='ocrx_word' id='word_1_255' title='bbox 455 2277 519 2340; x_wconf 69' lang='lat' dir='ltr'><strong>sequ</strong></span> <span class='ocrx_word' id='word_1_256' title='bbox 528 2275 677 2326; x_wconf 83' lang='lat' dir='ltr'><strong>sacerdotales</strong></span> <span class='ocrx_word' id='word_1_257' title='bbox 687 2276 785 2338; x_wconf 88' lang='lat' dir='ltr'><strong>ordines,</strong></span> 
     </span>
     <span class='ocr_line' id='line_1_31' title="bbox 35 2339 792 2410; baseline 0.003 -15"><span class='ocrx_word' id='word_1_258' title='bbox 35 2339 64 2385; x_wconf 68' lang='lat' dir='ltr'><strong>&#39;el</strong></span> <span class='ocrx_word' id='word_1_259' title='bbox 73 2356 136 2396; x_wconf 67' lang='lat' dir='ltr'><strong>urum</strong></span> <span class='ocrx_word' id='word_1_260' title='bbox 150 2348 307 2400; x_wconf 82' lang='lat' dir='ltr'><strong>imitationem</strong></span> <span class='ocrx_word' id='word_1_261' title='bbox 323 2348 352 2398; x_wconf 89' lang='lat' dir='ltr'><strong>ad</strong></span> <span class='ocrx_word' id='word_1_262' title='bbox 364 2347 440 2398; x_wconf 84' lang='lat' dir='ltr'><strong>diuina</strong></span> <span class='ocrx_word' id='word_1_263' title='bbox 449 2348 580 2398; x_wconf 83' lang='lat' dir='ltr'><strong>ascendere.</strong></span> <span class='ocrx_word' id='word_1_264' title='bbox 595 2365 609 2395; x_wconf 81' lang='lat' dir='ltr'><strong>u</strong></span> <span class='ocrx_word' id='word_1_265' title='bbox 620 2347 684 2398; x_wconf 87' lang='lat' dir='ltr'><strong>Unde</strong></span> <span class='ocrx_word' id='word_1_266' title='bbox 697 2347 792 2410; x_wconf 83' lang='lat' dir='ltr'><strong>granius</strong></span> 
     </span>
     <span class='ocr_line' id='line_1_32' title="bbox 30 2415 788 2484; baseline 0.008 -23"><span class='ocrx_word' id='word_1_267' title='bbox 30 2415 87 2471; x_wconf 52' lang='lat' dir='ltr'><strong>,crat</strong></span> <span class='ocrx_word' id='word_1_268' title='bbox 97 2420 177 2469; x_wconf 82' lang='lat' dir='ltr'><strong>ceteris</strong></span> <span class='ocrx_word' id='word_1_269' title='bbox 194 2420 309 2484; x_wconf 80' lang='lat' dir='ltr'><strong>paribus,</strong></span> <span class='ocrx_word' id='word_1_270' title='bbox 324 2417 419 2468; x_wconf 89' lang='lat' dir='ltr'><strong>clericus</strong></span> <span class='ocrx_word' id='word_1_271' title='bbox 437 2418 552 2468; x_wconf 76' lang='lat' dir='ltr'><strong>insereris</strong></span> <span class='ocrx_word' id='word_1_272' title='bbox 570 2417 685 2468; x_wconf 84' lang='lat' dir='ltr'><strong>ordinibus</strong></span> <span class='ocrx_word' id='word_1_273' title='bbox 703 2418 788 2468; x_wconf 72' lang='lat' dir='ltr'><strong>consti</strong></span> 
     </span>
     <span class='ocr_line' id='line_1_33' title="bbox 30 2481 791 2554; baseline 0 -17"><span class='ocrx_word' id='word_1_274' title='bbox 30 2481 187 2554; x_wconf 48' lang='lat' dir='ltr'><strong>*totalique</strong></span> <span class='ocrx_word' id='word_1_275' title='bbox 201 2489 345 2542; x_wconf 72' lang='lat' dir='ltr'><strong>contrarium</strong></span> <span class='ocrx_word' id='word_1_276' title='bbox 359 2489 474 2540; x_wconf 81' lang='lat' dir='ltr'><strong>sanctitati</strong></span> <span class='ocrx_word' id='word_1_277' title='bbox 487 2493 551 2554; x_wconf 83' lang='lat' dir='ltr'><strong>agat,</strong></span> <span class='ocrx_word' id='word_1_278' title='bbox 566 2501 633 2554; x_wconf 81' lang='lat' dir='ltr'><strong>quam</strong></span> <span class='ocrx_word' id='word_1_279' title='bbox 643 2488 791 2553; x_wconf 87' lang='lat' dir='ltr'><strong>aliquisreli-</strong></span> 
     </span>
     <span class='ocr_line' id='line_1_34' title="bbox 30 2559 790 2624; baseline 0.024 -33"><span class='ocrx_word' id='word_1_280' title='bbox 30 2562 81 2600; x_wconf 61' lang='lat' dir='ltr'><strong>„sus</strong></span> <span class='ocrx_word' id='word_1_281' title='bbox 95 2561 122 2619; x_wconf 82' lang='lat' dir='ltr'><strong>qni</strong></span> <span class='ocrx_word' id='word_1_282' title='bbox 136 2577 182 2614; x_wconf 90' lang='lat' dir='ltr'><strong>nun</strong></span> <span class='ocrx_word' id='word_1_283' title='bbox 197 2563 272 2614; x_wconf 85' lang='lat' dir='ltr'><strong>habet</strong></span> <span class='ocrx_word' id='word_1_284' title='bbox 294 2562 395 2613; x_wconf 86' lang='lat' dir='ltr'><strong>ordinem</strong></span> <span class='ocrx_word' id='word_1_285' title='bbox 411 2574 514 2624; x_wconf 88' lang='lat' dir='ltr'><strong>sacrum,</strong></span> <span class='ocrx_word' id='word_1_286' title='bbox 525 2561 628 2624; x_wconf 83' lang='lat' dir='ltr'><strong>quamvis</strong></span> <span class='ocrx_word' id='word_1_287' title='bbox 649 2561 722 2612; x_wconf 82' lang='lat' dir='ltr'><strong>laicus</strong></span> <span class='ocrx_word' id='word_1_288' title='bbox 736 2559 790 2610; x_wconf 92' lang='lat' dir='ltr'><strong>reli·</strong></span> 
     </span>
     <span class='ocr_line' id='line_1_35' title="bbox 31 2629 800 2696; baseline 0.007 -21"><span class='ocrx_word' id='word_1_289' title='bbox 31 2651 35 2656; x_wconf 94' lang='lat'><em>·</em></span> <span class='ocrx_word' id='word_1_290' title='bbox 55 2629 172 2683; x_wconf 69' lang='lat' dir='ltr'><strong>uterentur</strong></span> <span class='ocrx_word' id='word_1_291' title='bbox 186 2635 216 2684; x_wconf 88' lang='lat' dir='ltr'><strong>ad</strong></span> <span class='ocrx_word' id='word_1_292' title='bbox 231 2633 390 2684; x_wconf 80' lang='lat' dir='ltr'><strong>observantias</strong></span> <span class='ocrx_word' id='word_1_293' title='bbox 401 2633 523 2696; x_wconf 81' lang='lat' dir='ltr'><strong>regulares,</strong></span> <span class='ocrx_word' id='word_1_294' title='bbox 536 2633 565 2683; x_wconf 86' lang='lat' dir='ltr'><strong>nd</strong></span> <span class='ocrx_word' id='word_1_295' title='bbox 575 2645 632 2696; x_wconf 83' lang='lat' dir='ltr'><strong>quas</strong></span> <span class='ocrx_word' id='word_1_296' title='bbox 645 2631 678 2681; x_wconf 94' lang='lat' dir='ltr'><strong>illi</strong></span> <span class='ocrx_word' id='word_1_297' title='bbox 687 2631 727 2696; x_wconf 88' lang='lat' dir='ltr'><strong>qui</strong></span> <span class='ocrx_word' id='word_1_298' title='bbox 736 2634 800 2681; x_wconf 87' lang='lat' dir='ltr'><strong>sunt·</strong></span> 
     </span>
     <span class='ocr_line' id='line_1_36' title="bbox 28 2699 439 2765; baseline 0.036 -27"><span class='ocrx_word' id='word_1_299' title='bbox 28 2711 41 2731; x_wconf 62' lang='lat' dir='ltr'><strong>s</strong></span> <span class='ocrx_word' id='word_1_300' title='bbox 55 2699 103 2748; x_wconf 70' lang='lat' dir='ltr'><strong>sacru</strong></span> <span class='ocrx_word' id='word_1_301' title='bbox 113 2705 245 2765; x_wconf 83' lang='lat' dir='ltr'><strong>ordinibus,</strong></span> <span class='ocrx_word' id='word_1_302' title='bbox 261 2717 309 2762; x_wconf 89' lang='lat' dir='ltr'><strong>uon</strong></span> <span class='ocrx_word' id='word_1_303' title='bbox 322 2708 439 2754; x_wconf 89' lang='lat' dir='ltr'><strong>tenentur.</strong></span> 
     </span>
    </p>

    <p class='ocr_par' dir='ltr' id='par_1_4' title="bbox 32 2767 791 2984">
     <span class='ocr_line' id='line_1_37' title="bbox 51 2767 790 2842; baseline 0.005 -21"><span class='ocrx_word' id='word_1_304' title='bbox 51 2767 71 2810; x_wconf 81' lang='lat' dir='ltr'><strong>lt</strong></span> <span class='ocrx_word' id='word_1_305' title='bbox 82 2772 161 2830; x_wconf 78' lang='lat' dir='ltr'><strong>nimum</strong></span> <span class='ocrx_word' id='word_1_306' title='bbox 176 2791 236 2842; x_wconf 88' lang='lat' dir='ltr'><strong>ergo</strong></span> <span class='ocrx_word' id='word_1_307' title='bbox 250 2776 385 2838; x_wconf 88' lang='lat' dir='ltr'><strong>dicendum,</strong></span> <span class='ocrx_word' id='word_1_308' title='bbox 396 2775 456 2839; x_wconf 84' lang='lat' dir='ltr'><strong>qudd</strong></span> <span class='ocrx_word' id='word_1_309' title='bbox 465 2777 493 2825; x_wconf 90' lang='lat' dir='ltr'><strong>ad</strong></span> <span class='ocrx_word' id='word_1_310' title='bbox 503 2775 554 2826; x_wconf 88' lang='lat' dir='ltr'><strong>illus</strong></span> <span class='ocrx_word' id='word_1_311' title='bbox 563 2775 706 2826; x_wconf 82' lang='lat' dir='ltr'><strong>auctoritates</strong></span> <span class='ocrx_word' id='word_1_312' title='bbox 717 2776 790 2838; x_wconf 70' lang='lat' dir='ltr'><strong>Chry-</strong></span> 
     </span>
     <span class='ocr_line' id='line_1_38' title="bbox 32 2837 789 2912; baseline 0.001 -17"><span class='ocrx_word' id='word_1_313' title='bbox 32 2853 41 2864; x_wconf 71' lang='grc'><strong>“’</strong></span> <span class='ocrx_word' id='word_1_314' title='bbox 50 2837 94 2887; x_wconf 64' lang='lat' dir='ltr'><strong>tur</strong></span> <span class='ocrx_word' id='word_1_315' title='bbox 105 2845 195 2900; x_wconf 86' lang='lat' dir='ltr'><strong>treriter</strong></span> <span class='ocrx_word' id='word_1_316' title='bbox 210 2847 348 2912; x_wconf 82' lang='lat' dir='ltr'><strong>responderi</strong></span> <span class='ocrx_word' id='word_1_317' title='bbox 362 2851 448 2911; x_wconf 80' lang='lat' dir='ltr'><strong>posset,</strong></span> <span class='ocrx_word' id='word_1_318' title='bbox 463 2847 523 2912; x_wconf 83' lang='lat' dir='ltr'><strong>quod</strong></span> <span class='ocrx_word' id='word_1_319' title='bbox 538 2861 585 2898; x_wconf 87' lang='lat' dir='ltr'><strong>non</strong></span> <span class='ocrx_word' id='word_1_320' title='bbox 599 2847 697 2912; x_wconf 87' lang='lat' dir='ltr'><strong>loquitur</strong></span> <span class='ocrx_word' id='word_1_321' title='bbox 707 2847 736 2896; x_wconf 89' lang='lat' dir='ltr'><strong>de</strong></span> <span class='ocrx_word' id='word_1_322' title='bbox 748 2858 789 2896; x_wconf 87' lang='lat' dir='ltr'><strong>sa·</strong></span> 
     </span>
     <span class='ocr_line' id='line_1_39' title="bbox 38 2910 791 2984; baseline 0.009 -18"><span class='ocrx_word' id='word_1_323' title='bbox 38 2910 91 2959; x_wconf 49' lang='lat' dir='ltr'><strong>*riou</strong></span> <span class='ocrx_word' id='word_1_324' title='bbox 103 2925 169 2972; x_wconf 69' lang='lat' dir='ltr'><strong>euram</strong></span> <span class='ocrx_word' id='word_1_325' title='bbox 186 2919 288 2970; x_wconf 87' lang='lat' dir='ltr'><strong>minoris</strong></span> <span class='ocrx_word' id='word_1_326' title='bbox 307 2919 407 2981; x_wconf 88' lang='lat' dir='ltr'><strong>ordinis,</strong></span> <span class='ocrx_word' id='word_1_327' title='bbox 422 2921 461 2970; x_wconf 85' lang='lat' dir='ltr'><strong>sed</strong></span> <span class='ocrx_word' id='word_1_328' title='bbox 479 2919 508 2970; x_wconf 90' lang='lat' dir='ltr'><strong>de</strong></span> <span class='ocrx_word' id='word_1_329' title='bbox 520 2919 642 2984; x_wconf 82' lang='lat' dir='ltr'><strong>episeopo,</strong></span> <span class='ocrx_word' id='word_1_330' title='bbox 657 2917 696 2981; x_wconf 79' lang='lat' dir='ltr'><strong>qui</strong></span> <span class='ocrx_word' id='word_1_331' title='bbox 709 2916 791 2967; x_wconf 61' lang='lat' dir='ltr'><strong>dicitu*</strong></span> 
     </span>
    </p>
   </div>
   <div class='ocr_carea' id='block_1_4' title="bbox 0 0 967 3317">
    <p class='ocr_par' dir='ltr' id='par_1_5' title="bbox 0 0 967 3317">
     <span class='ocr_line' id='line_1_40' title="bbox 0 0 967 3317; baseline 0 0"><span class='ocrx_word' id='word_1_332' title='bbox 0 0 967 3317; x_wconf 95' lang='lat' dir='ltr'><strong> </strong></span> 
     </span>
    </p>
   </div>
  </div>
 </body>
</html>
