1917 3317
131 130 178 179 loo
217 137 469 190 summoueantur,
486 126 792 189 obssemmunnnr.
808 139 843 180 m.

34 261 38 270 .
130 221 157 268 ut
169 221 233 282 patet
246 219 314 266 lone
334 217 379 279 lll,
393 217 421 267 de
438 229 491 280 rege
501 215 550 281 (l),
569 215 633 279 «qni
649 216 743 266 indutus
761 219 797 268 est
812 226 903 279 sacoma

131 293 155 341 et
173 289 210 340 lll.
229 291 297 354 Heg„
316 289 382 348 lllll,
396 289 424 339 de
448 288 539 350 lebab,
552 288 591 351 pri
609 287 725 353 «operuit
744 288 816 339 silleio
834 300 911 339 omnen

132 373 205 412 suam.
226 360 392 425 addendoque
407 373 462 410 uero
483 364 517 411 est
537 359 624 423 n‘gnum
641 363 787 425 contemptus
800 361 910 412 diodorum

133 437 156 484 et
169 431 278 482 mundani
288 431 367 481 lsstds.
380 431 444 482 Unde
455 431 608 496 Hieronymus
621 432 676 483 dicit
689 431 725 482 od
735 434 863 482 Rusticum
873 445 913 480 mo-

132 503 239 554 nendum
252 503 396 554 :usordidae
407 507 486 556 vesus
497 504 598 554 candido
614 504 698 554 mentis
711 503 794 554 indicia
806 504 863 569 sin13
874 503 913 553 uilis

133 575 209 626 tunica
220 578 373 639 contemptum
383 576 459 627 sonuli
469 576 562 640 probel,
571 577 688 628 dumtaxat
696 589 725 628 ne
735 576 824 627 animus
834 578 913 635 ndat,

133 646 265 698 dolabitur,
283 659 402 711 sermoque
425 646 568 698 dnsentiant.
585 665 599 697 r
618 650 648 698 Et
666 649 789 699 woundum
809 652 914 712 unumque

133 719 214 770 borum
224 718 332 782 competit
342 718 455 781 religiosis
464 718 541 770 vilitas
548 719 723 783 vestium;quia
731 718 810 780 religio
816 724 916 771 estuans

134 789 273 856 poenilentlae
293 789 342 854 (Ξ),
355 794 378 841 et
398 793 541 855 contemptus
560 793 681 842 mundane
700 790 786 854 gloria.
805 791 851 842 Sed
871 789 917 855 publ

135 862 217 926 aliquis
233 861 289 912 uelit
301 863 345 913 boo
362 862 412 914 aliis
426 862 569 927 significare,
586 862 696 926 contingit
709 866 801 926 propter
812 863 858 913 tria
868 879 873 912 :
883 873 918 911 uuo
939 912 941 939 r

135 931 216 995 modo,
227 932 253 982 ad
265 931 301 982 sui
311 930 510 995 humilitationem3
521 931 581 983 siout
592 932 653 984 enim
666 946 695 982 ex
706 933 825 996 splendore
836 931 918 984 vestim
939 958 941 981 ι

135 1003 224 1054 unimus
238 1004 336 1054 hominis
356 1005 472 1066 elevatur,
487 1005 520 1054 ita
537 1019 567 1056 ex
583 1004 710 1056 bumilitate
724 1005 824 1054 vestium
841 1003 918 1056 bnmll
939 1002 941 1075 p

134 1076 210 1138 tutur;
225 1076 285 1128 unde
299 1076 326 1126 de
348 1077 438 1139 lebab,
452 1075 492 1140 qni
512 1089 628 1129 «earnem
646 1088 710 1126 suum
728 1075 801 1125 obicio
812 1074 918 1137 innuba
939 1094 941 1101 ·

135 1145 193 1196 dixit
206 1147 313 1198 Dominus
330 1148 357 1197 ad
371 1147 442 1198 Ellam
458 1162 463 1197 :
479 1165 494 1196 u
511 1149 592 1199 Nonne
608 1148 687 1199 vidisti
701 1147 777 1197 lebab
789 1148 919 1198 bumiliatud
939 1192 941 1211 ,

135 1231 209 1270 corum
222 1219 273 1270 me?
291 1235 304 1268 n
322 1221 349 1268 ut
365 1220 462 1270 habetur
482 1221 522 1271 lll.
536 1221 606 1285 fleg„
619 1221 680 1271 lllll.
695 1220 746 1270 allio
759 1219 826 1269 modo
841 1223 920 1285 propter
939 1218 941 1251 l

136 1291 264 1354 exemplum
279 1290 373 1341 aliorum
384 1308 391 1353 3
404 1293 465 1344 unde
478 1305 547 1356 snper
559 1292 614 1343 illud
627 1292 727 1347 uuiti„
738 1292 768 1341 lll
782 1306 790 1340 ι
803 1306 817 1338 n
831 1292 921 1342 Habebat

135 1361 296 1414 vestimentum
306 1364 333 1413 de
347 1363 399 1427 pilis
406 1367 559 1426 camelorum,
569 1381 583 1412 n
593 1368 638 1416 eto.
646 1365 701 1416 dicit
707 1365 801 1415 Glossa:
812 1381 828 1412 (ι
837 1365 880 1424 Qui
886 1376 922 1428 po·

135 1431 253 1484 nitentiam
271 1435 393 1499 predicat,
406 1436 508 1486 habitum
522 1435 661 1502 pronitemie
678 1436 806 1502 pretendit.
827 1453 842 1485 u
860 1434 924 1488 lerllb

136 1507 217 1568 modo,
228 1511 321 1571 propter
339 1507 429 1560 inanem
448 1507 555 1572 gloriam,
566 1508 625 1560 deut
638 1508 776 1572 Augustinus
789 1507 860 1571 dieit,
876 1506 926 1572 quil
939 1564 941 1569 Ι

138 1596 153 1628 u
167 1577 192 1630 in
207 1579 263 1644 ipsis
277 1579 381 1630 sordibus
394 1580 505 1632 luctuosis
521 1584 597 1645 potest
614 1594 666 1632 esse
678 1579 797 1644 jactantia.
813 1597 829 1627 n
843 1581 926 1631 Duobus

137 1665 190 1716 ergo
208 1652 288 1716 primis
303 1651 376 1704 modis
392 1652 505 1703 laudabile
520 1655 556 1703 est
569 1651 665 1716 abjectis
683 1651 786 1702 vestibus
801 1651 852 1714 uti3
871 1650 941 1715 tertio:

136 1723 191 1776 verb
201 1725 267 1775 modo
276 1728 311 1775 est
319 1724 434 1775 uitiosum.
446 1724 577 1776 llioautem
586 1725 652 1775 modo
662 1727 737 1789 potest
745 1722 890 1774 considerari
898 1725 927 1772 ba-
939 1742 941 1787 g

137 1794 199 1846 bitus
211 1795 264 1846 vilis
281 1799 304 1845 et
319 1794 431 1860 incultos,
446 1797 569 1848 seeundum
582 1796 643 1860 qnbd
657 1794 760 1860 procedit
779 1808 809 1845 ex
823 1796 941 1855 audiritis,¹

137 1868 175 1918 vel
189 1867 327 1932 negligentia
334 1905 343 1931 ,
354 1871 378 1919 el
395 1867 428 1918 sie
445 1868 515 1918 etiam
529 1869 557 1919 ad
567 1868 647 1918 uilium
658 1867 766 1932 pertinet.

168 1941 201 1990 lo
220 1940 317 2002 primum
328 1954 381 2004 orgo
392 1939 526 2004 dicendum,
536 1940 596 2018 gpbd
608 1941 686 1991 uilltas
696 1939 794 1990 uestium
808 1941 837 1990 de
850 1953 877 1990 se
894 1932 941 1989 nou!

136 2012 205 2064 habet
220 2011 317 2076 speeiem
340 2013 407 2076 mali,
422 2011 468 2062 imo
482 2012 563 2077 pedus·
576 2013 675 2077 speeiem
689 2011 759 2075 boni,
775 2011 864 2062 soilioet
885 2025 934 2062 oon·

135 2088 236 2149 templus
254 2084 374 2134 mundane
387 2083 474 2147 gloria.
487 2085 515 2134 lit
528 2084 581 2134 inde
595 2087 630 2135 est
646 2083 706 2148 qubd
725 2083 781 2132 mali
795 2084 840 2134 sub
853 2083 941 2133 uilitatel

135 2155 234 2207 vestium
252 2168 315 2205 suam
331 2154 440 2206 malitiam
455 2156 588 2218 ooonltuut3
602 2156 664 2207 unde
683 2154 829 2217 Augustinus
849 2154 935 2206 diobin

135 2226 179 2277 lib.
193 2227 223 2276 ll.
239 2227 362 2277 Deseror.
380 2229 484 2278 Domine¹
497 2229 525 2277 in
537 2234 628 2285 monte.
645 2241 697 2292 oap.
713 2231 752 2288 38,
767 2228 806 2278 vel
819 2232 867 2288 st,
882 2225 941 2289 quod

138 2316 152 2348 u
168 2312 214 2350 non
227 2299 279 2348 ideo
294 2298 377 2350 debent
391 2313 446 2351 oues
459 2300 535 2351 odisee
548 2299 711 2351 uestimentum
721 2313 804 2364 sunm,
820 2299 875 2364 qnia
891 2298 941 2361 ples

135 2383 230 2434 rumque
246 2370 285 2420 illo
299 2384 323 2422 se
338 2373 451 2423 occultant
464 2373 521 2437 lupi.
537 2389 551 2420 n

168 2443 203 2492 lo
218 2443 343 2492 seeundum
360 2443 494 2506 dicendum,
509 2443 569 2508 qubd
587 2443 738 2508 Hieronymus
751 2442 784 2493 lbi
798 2443 904 2508 loquitur
919 2441 941 2491 dt

136 2513 239 2566 uestibus
249 2514 339 2580 vilibus,
352 2529 403 2580 quae
413 2515 545 2568 delerantm
557 2520 651 2581 propter
663 2517 788 2566 humanam
804 2516 914 2578 gloriam.

171 2675 206 2740 (1)
229 2681 317 2738 Nempe
333 2693 387 2739 rego
405 2679 508 2740 Ninlsoo,
522 2686 645 2739 postquam
666 2679 753 2726 audiuit
768 2691 826 2725 earn
842 2681 897 2738 post
920 2673 941 2717 ll

120 2741 188 2788 'dies
205 2754 233 2788 ex
248 2744 410 2799 predicatione
428 2745 502 2801 ipsius
518 2747 583 2791 lonas
596 2743 784 2790 subvertendam.

169 2811 202 2876 (H)
214 2813 265 2860 Non
278 2829 306 2862 eo
319 2829 388 2862 sensu
399 2827 468 2873 quem
482 2827 557 2862 nonus
569 2815 663 2872 qnidam
674 2815 790 2872 religiosa
802 2816 862 2861 vitm
875 2809 941 2858 laostl

138 2877 265 2938 intellexit,
280 2884 306 2926 ut
317 2880 347 2926 sit
354 2879 495 2926 laninorosls
506 2879 597 2926 tantum
607 2885 671 2937 uptu.
686 2878 743 2932 Quid
754 2879 829 2936 peius
845 2873 941 2926 beronis
