1917 3317
186 200 218 239 nn
234 200 357 257 amorosa
373 199 467 241 cnnrsrn
483 201 517 241 nn
533 202 642 242 mnes.
769 194 815 243 ate

43 274 112 327 rutile
121 276 227 337 visitati,
239 278 280 329 sed
291 277 382 339 quidam
395 280 429 329 ad·
437 290 503 328 suam
520 278 702 331 emulationem
714 282 740 331 et
751 281 815 332 libe-

43 347 139 409 ctionem,
153 348 245 412 qnidam
261 353 335 399 autem
347 350 377 399 ed
391 362 456 400 suam
469 349 648 402 confutationem
658 354 682 402 et
694 351 815 404 confusio·

43 430 84 480 cm,
101 419 160 471 siem
180 419 297 483 damnuli3
315 421 375 471 unde
389 420 473 471 ibidem
486 421 608 472 subditur:
624 439 639 470 n
651 422 684 473 ut
700 424 817 475 erubescet

45 503 83 551 na,
95 494 117 542 et
131 492 284 543 confundetur
296 491 344 553 sol,
358 495 403 542 etc.
420 509 434 539 n
450 493 529 544 Potest
544 492 615 544 etiarn
630 495 676 545 boe
688 494 773 545 referri
786 496 816 547 nd

43 560 166 613 titutionem
180 574 226 625 qua
237 562 390 613 visitabuntur
400 560 424 613 in
435 562 473 613 die
485 563 574 628 judieii,
586 577 633 614 non
644 569 669 615 nt
681 563 815 630 liberentm,

43 633 54 681 d
67 639 90 683 nt
105 633 202 699 amplids
216 635 411 697 condemnentur,
428 634 554 687 seeunddm
572 636 629 687 illud
648 637 766 701 Septen..
784 640 813 691 l:

46 706 142 757 visitabo
153 720 222 771 snper
232 706 294 757 viros
307 706 394 758 defixos
407 707 432 759 in
445 706 540 758 fecibus
550 708 607 758 suis.
619 724 634 755 n

48 779 76 827 ld
89 779 213 829 secundnm
225 776 355 837 dicendum,
367 777 427 841 qndd
440 778 493 829 edm
505 778 587 838 dicitnr
596 778 621 829 in
631 779 727 834 Glossa:
746 782 816 833 «Ubi

43 850 73 899 lla
88 850 243 901 misericordia
256 863 297 901 eos
308 849 463 914 refrigerabat,
479 850 675 915 »intelligendum
695 856 730 903 est
739 866 813 917 qnan-

43 936 60 971 rn
73 924 99 973 ad
110 920 250 986 refrigerium
265 922 374 986 perfecte
383 921 533 984 liberationis,
543 922 596 985 quia
611 921 683 975 sancti
692 928 769 988 patrer
781 924 811 975 ab

43 992 57 1041 is
76 992 157 1043 inferni
177 990 306 1043 carceribus
326 998 378 1045 ante
401 993 486 1061 Christi
503 993 626 1043 adrentum
644 1006 692 1045 non
708 998 814 1059 poterant

43 1078 110 1115 rerarr.

46 1138 75 1187 ld
85 1138 176 1188 tertium
189 1136 329 1200 dicendum,
343 1134 403 1200 qndd
416 1137 518 1187 nonfuit
530 1140 622 1201 propter
635 1137 722 1188 christi
735 1138 814 1203 inpo-

43 1208 113 1270 rtianr,
128 1208 191 1272 qudd
204 1220 251 1259 non
260 1210 314 1261 sunl
328 1208 400 1271 alqui
412 1208 502 1259 liberati
513 1209 541 1259 de
554 1208 656 1272 quolibet
668 1213 729 1259 statu
742 1209 814 1260 infer-

45 1279 107 1343 linm,
119 1279 181 1331 siem
192 1280 220 1330 de
238 1279 339 1344 qnobbot
353 1281 414 1329 statu
428 1280 607 1343 mundanorum,
622 1280 663 1331 sed
676 1283 768 1343 propter
781 1280 815 1331 di·

44 1364 97 1401 rsam
122 1355 270 1415 utrorumque
297 1349 464 1413 conditionem
488 1364 540 1401 nam
562 1350 686 1413 homines,
706 1351 814 1414 quamdin

43 1427 87 1472 runt
97 1462 103 1485 ,
115 1426 213 1489 possunt
223 1424 252 1474 ud
268 1422 336 1474 fidem
352 1426 377 1473 et
391 1421 525 1473 ebaritamrn
533 1422 649 1485 converti,
664 1423 719 1486 mnia
732 1421 757 1471 in
769 1424 815 1473 bac

43 1506 57 1542 a
70 1507 114 1546 non
131 1500 188 1547 sunt
206 1494 312 1547 homines
332 1493 458 1546 confirmati
470 1494 496 1544 'm
508 1494 569 1546 bono
581 1493 618 1546 vel
631 1494 657 1545 in
668 1495 742 1559 mulo,
757 1494 815 1545 sieut

43 1569 61 1615 st
73 1567 159 1619 exitum
173 1568 202 1619 ab
215 1569 259 1619 bac
268 1566 325 1617 rita.

300 1744 464 1795 dR'flCULUS
479 1745 527 1797 vll.

45 1871 96 1917 rom
107 1872 177 1929 pueri
190 1871 234 1930 otti
243 1884 298 1917 ecem
306 1872 421 1929 uncinoli
433 1874 530 1929 peccota
548 1870 708 1926 docueram
719 1870 811 1922 fuerim

285 1936 300 1979 d
310 1934 405 1980 cbristo
415 1935 520 1981 liberati

45 2064 75 2113 ld
84 2062 206 2128 septimum
218 2061 251 2112 sie
259 2059 388 2125 proceditur
394 2060 439 2125 (t).
450 2060 544 2111 Videtur
554 2059 615 2123 qndd
625 2060 692 2125 pueri
702 2059 743 2124 qui
760 2073 815 2112 cnm

43 2134 115 2197 lginali
131 2136 225 2200 peccato
243 2133 404 2197 decesserant,
415 2130 503 2183 fuerint
517 2144 560 2196 per
573 2132 706 2183 descensum
729 2131 815 2183 Christi

43 2208 98 2257 crati
112 2208 141 2259 ub
154 2206 254 2257 inferno.
270 2206 321 2255 Non
333 2204 394 2255 enim
414 2204 551 2256 tenebantur
563 2203 589 2254 in
606 2204 696 2255 inferno
709 2203 756 2255 nisi
770 2218 813 2268 pro

44 2284 101 2331 cento
112 2278 225 2345 originali,
237 2277 297 2329 sient
307 2280 330 2327 et
338 2278 409 2327 sancti
420 2280 506 2341 patres.
521 2276 567 2327 Sed
583 2276 656 2327 sancti
670 2278 746 2342 pubes
758 2280 814 2327 sunt
835 2292 838 2298 ·

54 2352 144 2403 inferno
160 2349 249 2403 liberntl
261 2363 302 2414 per
315 2348 443 2413 Christum,
459 2350 485 2398 ut
498 2348 567 2413 snprl
585 2348 728 2400 dictumest.
753 2349 814 2413 llrgo

56 2424 118 2487 pueri
132 2422 235 2473 simililer
246 2434 287 2487 per
299 2420 416 2471 Christum
429 2423 483 2471 sunt
496 2420 525 2471 ab
538 2419 628 2471 inferno
641 2419 741 2471 liberati.

46 2500 67 2545 n.
81 2496 205 2557 Praeterea,
222 2494 344 2559 Apostolus
358 2492 421 2554 dicit,
435 2492 546 2553 Rom.,lf
562 2508 568 2542 :
584 2492 635 2542 «si
645 2493 714 2542 nnius
727 2491 812 2543 delicto

43 2566 76 2616 rlti
89 2566 174 2617 mortui
184 2570 253 2629 sunt,
264 2564 334 2616 multd
345 2564 418 2629 magis
429 2562 500 2628 gratia
513 2564 555 2615 llei
564 2569 587 2616 ct
597 2565 697 2624 donum,
708 2561 817 2627 ingratia

43 2637 79 2689 ins
88 2636 190 2691 bominis
202 2638 257 2689 lesu
268 2637 361 2701 Christi,
370 2636 395 2687 in
403 2638 479 2701 plures
493 2635 648 2689 abundarit.»
662 2636 708 2686 sed
720 2639 817 2700 propter

43 2715 131 2761 ¹contum
144 2708 325 2775 primipotentis
340 2708 405 2774 pneri
419 2722 470 2761 cum
484 2709 532 2761 solo
543 2706 649 2772 originali
664 2711 759 2771 peceato
773 2708 817 2759 de·

50 2870 79 2932 (tt
93 2875 126 2919 ne
135 2873 250 2921 uncum
261 2872 286 2918 rr
296 2874 339 2931 ur,
350 2870 428 2923 sm,
437 2872 543 2933 acerna,
553 2884 595 2929 qn.
607 2871 632 2931 s,
643 2875 689 2918 cn.
699 2870 816 2930 mqua-

43 2956 91 2991 nne.
106 2944 135 3001 3;
151 2944 401 3006 etopose.,111‚cop.
418 2944 474 2991 ili.
