<?xml version="1.0" encoding="UTF-8"?>
<!DOCTYPE html PUBLIC "-//W3C//DTD XHTML 1.0 Transitional//EN"
    "http://www.w3.org/TR/xhtml1/DTD/xhtml1-transitional.dtd">
<html xmlns="http://www.w3.org/1999/xhtml" xml:lang="en" lang="en">
 <head>
  <title>
</title>
<meta http-equiv="Content-Type" content="text/html;charset=utf-8" />
  <meta name='ocr-system' content='tesseract 3.04.00' />
  <meta name='ocr-capabilities' content='ocr_page ocr_carea ocr_par ocr_line ocrx_word'/>
</head>
<body>
  <div class='ocr_page' id='page_1' title='image "./summatheologica02nicogoog_0241.png"; bbox 0 0 1917 3317; ppageno 0'>
   <div class='ocr_carea' id='block_1_1' title="bbox 610 118 1799 184">
    <p class='ocr_par' dir='ltr' id='par_1_1' title="bbox 610 118 1799 184">
     <span class='ocr_line' id='line_1_1' title="bbox 610 118 1799 184; baseline -0.004 -13"><span class='ocrx_word' id='word_1_1' title='bbox 610 118 704 172; x_wconf 68' lang='grc'><strong>186</strong></span> <span class='ocrx_word' id='word_1_2' title='bbox 1015 126 1140 184; x_wconf 58' lang='lat' dir='ltr'><strong>usp</strong></span> <span class='ocrx_word' id='word_1_3' title='bbox 1167 127 1249 176; x_wconf 81' lang='lat' dir='ltr'><strong>ru,</strong></span> <span class='ocrx_word' id='word_1_4' title='bbox 1281 125 1469 173; x_wconf 72' lang='lat' dir='ltr'><strong>oum.</strong></span> <span class='ocrx_word' id='word_1_5' title='bbox 1504 127 1546 178; x_wconf 83' lang='lat'><strong>1,</strong></span> <span class='ocrx_word' id='word_1_6' title='bbox 1581 126 1695 171; x_wconf 67' lang='grc' dir='ltr'><strong>Αιτ.</strong></span> <span class='ocrx_word' id='word_1_7' title='bbox 1729 126 1799 167; x_wconf 73' lang='grc' dir='ltr'><strong>τι.</strong></span> 
     </span>
    </p>
   </div>
   <div class='ocr_carea' id='block_1_2' title="bbox 538 202 1917 269">
    <p class='ocr_par' dir='ltr' id='par_1_2' title="bbox 538 202 1917 269">
     <span class='ocr_line' id='line_1_2' title="bbox 538 202 1917 269; baseline -0.002 -11"><span class='ocrx_word' id='word_1_8' title='bbox 538 224 544 228; x_wconf 92' lang='grc'><strong><em>·</em></strong></span> <span class='ocrx_word' id='word_1_9' title='bbox 609 209 738 261; x_wconf 76' lang='lat' dir='ltr'><strong>turos</strong></span> <span class='ocrx_word' id='word_1_10' title='bbox 753 240 769 268; x_wconf 85' lang='lat'><em>,</em></span> <span class='ocrx_word' id='word_1_11' title='bbox 798 204 968 269; x_wconf 74' lang='lat' dir='ltr'><strong>quibus</strong></span> <span class='ocrx_word' id='word_1_12' title='bbox 993 203 1140 255; x_wconf 76' lang='lat' dir='ltr'><strong>voluit</strong></span> <span class='ocrx_word' id='word_1_13' title='bbox 1169 202 1408 266; x_wconf 79' lang='lat' dir='ltr'><strong>subvenit3</strong></span> <span class='ocrx_word' id='word_1_14' title='bbox 1437 202 1538 255; x_wconf 75' lang='lat' dir='ltr'><strong>aliis</strong></span> <span class='ocrx_word' id='word_1_15' title='bbox 1574 205 1729 255; x_wconf 74' lang='lat' dir='ltr'><strong>autem</strong></span> <span class='ocrx_word' id='word_1_16' title='bbox 1756 216 1849 255; x_wconf 79' lang='lat' dir='ltr'><strong>non</strong></span> <span class='ocrx_word' id='word_1_17' title='bbox 1872 216 1917 255; x_wconf 76' lang='lat' dir='ltr'><strong>su</strong></span> 
     </span>
    </p>
   </div>
   <div class='ocr_carea' id='block_1_3' title="bbox 606 274 1917 987">
    <p class='ocr_par' dir='ltr' id='par_1_3' title="bbox 606 274 1917 482">
     <span class='ocr_line' id='line_1_3' title="bbox 609 274 1917 344; baseline -0.002 -15"><span class='ocrx_word' id='word_1_18' title='bbox 609 276 778 344; x_wconf 73' lang='lat' dir='ltr'><strong>quibus</strong></span> <span class='ocrx_word' id='word_1_19' title='bbox 797 276 847 327; x_wconf 91' lang='lat' dir='ltr'><strong>in</strong></span> <span class='ocrx_word' id='word_1_20' title='bbox 869 290 951 327; x_wconf 84' lang='lat' dir='ltr'><strong>sua</strong></span> <span class='ocrx_word' id='word_1_21' title='bbox 978 275 1378 340; x_wconf 76' lang='lat' dir='ltr'><strong>praedestinatione</strong></span> <span class='ocrx_word' id='word_1_22' title='bbox 1405 274 1583 327; x_wconf 74' lang='lat' dir='ltr'><strong>occulte</strong></span> <span class='ocrx_word' id='word_1_23' title='bbox 1608 274 1818 339; x_wconf 86' lang='lat' dir='ltr'><strong>quidem,</strong></span> <span class='ocrx_word' id='word_1_24' title='bbox 1843 276 1917 327; x_wconf 81' lang='lat' dir='ltr'><strong>sed</strong></span> 
     </span>
     <span class='ocr_line' id='line_1_4' title="bbox 606 346 1917 413; baseline -0.003 -13"><span class='ocrx_word' id='word_1_25' title='bbox 606 348 833 413; x_wconf 67' lang='lat' dir='ltr'><strong>judicavit</strong></span> <span class='ocrx_word' id='word_1_26' title='bbox 856 363 868 397; x_wconf 91' lang='lat'>:</span> <span class='ocrx_word' id='word_1_27' title='bbox 893 347 959 397; x_wconf 82' lang='lat' dir='ltr'><strong>ita</strong></span> <span class='ocrx_word' id='word_1_28' title='bbox 988 346 1333 398; x_wconf 81' lang='lat' dir='ltr'><strong>misericordiam</strong></span> <span class='ocrx_word' id='word_1_29' title='bbox 1368 346 1471 410; x_wconf 84' lang='lat' dir='ltr'><strong>ejus</strong></span> <span class='ocrx_word' id='word_1_30' title='bbox 1490 347 1541 396; x_wconf 85' lang='lat' dir='ltr'><strong>in</strong></span> <span class='ocrx_word' id='word_1_31' title='bbox 1566 346 1638 396; x_wconf 84' lang='lat' dir='ltr'><strong>his</strong></span> <span class='ocrx_word' id='word_1_32' title='bbox 1664 346 1745 410; x_wconf 85' lang='lat' dir='ltr'><strong>qui</strong></span> <span class='ocrx_word' id='word_1_33' title='bbox 1772 347 1917 399; x_wconf 77' lang='lat' dir='ltr'><strong>liberm</strong></span> 
     </span>
     <span class='ocr_line' id='line_1_5' title="bbox 612 417 1917 482; baseline -0.003 -9"><span class='ocrx_word' id='word_1_34' title='bbox 612 420 793 475; x_wconf 78' lang='lat' dir='ltr'><strong>ritatem</strong></span> <span class='ocrx_word' id='word_1_35' title='bbox 828 419 879 470; x_wconf 95' lang='lat' dir='ltr'><strong>in</strong></span> <span class='ocrx_word' id='word_1_36' title='bbox 905 417 979 471; x_wconf 80' lang='lat' dir='ltr'><strong>bis</strong></span> <span class='ocrx_word' id='word_1_37' title='bbox 998 418 1081 482; x_wconf 85' lang='lat' dir='ltr'><strong>qui</strong></span> <span class='ocrx_word' id='word_1_38' title='bbox 1108 418 1373 481; x_wconf 83' lang='lat' dir='ltr'><strong>puniuntur,</strong></span> <span class='ocrx_word' id='word_1_39' title='bbox 1402 418 1502 469; x_wconf 86' lang='lat' dir='ltr'><strong>sine</strong></span> <span class='ocrx_word' id='word_1_40' title='bbox 1530 418 1814 470; x_wconf 68' lang='lat' dir='ltr'><strong>dubitatione</strong></span> <span class='ocrx_word' id='word_1_41' title='bbox 1841 431 1917 469; x_wconf 81' lang='lat' dir='ltr'><strong>cre</strong></span> 
     </span>
    </p>

    <p class='ocr_par' dir='ltr' id='par_1_4' title="bbox 612 488 1917 987">
     <span class='ocr_line' id='line_1_6' title="bbox 675 488 1907 553; baseline -0.003 -9"><span class='ocrx_word' id='word_1_42' title='bbox 675 494 739 546; x_wconf 70' lang='lat' dir='ltr'><strong>Ad</strong></span> <span class='ocrx_word' id='word_1_43' title='bbox 770 492 953 542; x_wconf 88' lang='lat' dir='ltr'><strong>tertium</strong></span> <span class='ocrx_word' id='word_1_44' title='bbox 979 489 1219 540; x_wconf 84' lang='lat' dir='ltr'><strong>dicendum</strong></span> <span class='ocrx_word' id='word_1_45' title='bbox 1234 527 1249 553; x_wconf 84' lang='lat'>‚</span> <span class='ocrx_word' id='word_1_46' title='bbox 1266 489 1386 553; x_wconf 81' lang='lat' dir='ltr'><strong>quod</strong></span> <span class='ocrx_word' id='word_1_47' title='bbox 1410 490 1660 553; x_wconf 83' lang='lat' dir='ltr'><strong>perfectum</strong></span> <span class='ocrx_word' id='word_1_48' title='bbox 1679 493 1753 540; x_wconf 88' lang='lat' dir='ltr'><strong>est</strong></span> <span class='ocrx_word' id='word_1_49' title='bbox 1779 488 1907 553; x_wconf 80' lang='lat' dir='ltr'><strong>prius</strong></span> 
     </span>
     <span class='ocr_line' id='line_1_7' title="bbox 614 562 1901 627; baseline -0.002 -11"><span class='ocrx_word' id='word_1_50' title='bbox 614 566 662 616; x_wconf 91' lang='lat' dir='ltr'><strong>in</strong></span> <span class='ocrx_word' id='word_1_51' title='bbox 699 564 890 617; x_wconf 80' lang='lat' dir='ltr'><strong>diversis</strong></span> <span class='ocrx_word' id='word_1_52' title='bbox 922 562 1129 626; x_wconf 81' lang='lat' dir='ltr'><strong>quidem,</strong></span> <span class='ocrx_word' id='word_1_53' title='bbox 1162 566 1365 625; x_wconf 85' lang='lat' dir='ltr'><strong>tempore</strong></span> <span class='ocrx_word' id='word_1_54' title='bbox 1404 567 1451 612; x_wconf 89' lang='lat' dir='ltr'><strong>et</strong></span> <span class='ocrx_word' id='word_1_55' title='bbox 1490 566 1650 613; x_wconf 80' lang='lat' dir='ltr'><strong>natura</strong></span> <span class='ocrx_word' id='word_1_56' title='bbox 1670 600 1684 623; x_wconf 90' lang='lat'><strong>,</strong></span> <span class='ocrx_word' id='word_1_57' title='bbox 1721 566 1901 627; x_wconf 86' lang='lat' dir='ltr'><strong>oportet</strong></span> 
     </span>
     <span class='ocr_line' id='line_1_8' title="bbox 612 633 1912 703; baseline -0.006 -13"><span class='ocrx_word' id='word_1_58' title='bbox 612 638 867 703; x_wconf 84' lang='lat' dir='ltr'><strong>perfectum</strong></span> <span class='ocrx_word' id='word_1_59' title='bbox 892 636 953 685; x_wconf 87' lang='lat' dir='ltr'><strong>sit</strong></span> <span class='ocrx_word' id='word_1_60' title='bbox 980 634 1101 697; x_wconf 87' lang='lat' dir='ltr'><strong>quod</strong></span> <span class='ocrx_word' id='word_1_61' title='bbox 1126 633 1217 685; x_wconf 76' lang='lat' dir='ltr'><strong>alia</strong></span> <span class='ocrx_word' id='word_1_62' title='bbox 1242 633 1300 687; x_wconf 81' lang='lat' dir='ltr'><strong>ad</strong></span> <span class='ocrx_word' id='word_1_63' title='bbox 1324 633 1654 698; x_wconf 77' lang='lat' dir='ltr'><strong>perfectionem</strong></span> <span class='ocrx_word' id='word_1_64' title='bbox 1673 634 1912 697; x_wconf 84' lang='lat' dir='ltr'><strong>adducit);</strong></span> 
     </span>
     <span class='ocr_line' id='line_1_9' title="bbox 613 705 1917 769; baseline -0.004 -8"><span class='ocrx_word' id='word_1_65' title='bbox 613 713 662 761; x_wconf 85' lang='lat' dir='ltr'><strong>et</strong></span> <span class='ocrx_word' id='word_1_66' title='bbox 695 709 852 759; x_wconf 90' lang='lat' dir='ltr'><strong>eodem</strong></span> <span class='ocrx_word' id='word_1_67' title='bbox 885 706 1203 769; x_wconf 75' lang='lat' dir='ltr'><strong>imperfectum</strong></span> <span class='ocrx_word' id='word_1_68' title='bbox 1247 710 1318 755; x_wconf 88' lang='lat' dir='ltr'><strong>est</strong></span> <span class='ocrx_word' id='word_1_69' title='bbox 1352 705 1479 769; x_wconf 81' lang='lat' dir='ltr'><strong>prius</strong></span> <span class='ocrx_word' id='word_1_70' title='bbox 1513 710 1747 769; x_wconf 86' lang='lat' dir='ltr'><strong>tempore,</strong></span> <span class='ocrx_word' id='word_1_71' title='bbox 1779 706 1869 756; x_wconf 83' lang='lat' dir='ltr'><strong>etsi</strong></span> <span class='ocrx_word' id='word_1_72' title='bbox 1896 720 1917 756; x_wconf 84' lang='lat' dir='ltr'><strong>s</strong></span> 
     </span>
     <span class='ocr_line' id='line_1_10' title="bbox 615 777 1917 841; baseline -0.005 -7"><span class='ocrx_word' id='word_1_73' title='bbox 615 784 792 834; x_wconf 76' lang='lat' dir='ltr'><strong>natura.</strong></span> <span class='ocrx_word' id='word_1_74' title='bbox 833 778 908 831; x_wconf 84' lang='lat' dir='ltr'><strong>Sic</strong></span> <span class='ocrx_word' id='word_1_75' title='bbox 947 790 1057 841; x_wconf 79' lang='lat' dir='ltr'><strong>ergo</strong></span> <span class='ocrx_word' id='word_1_76' title='bbox 1090 777 1479 841; x_wconf 78' lang='lat' dir='ltr'><strong>imperfectionem</strong></span> <span class='ocrx_word' id='word_1_77' title='bbox 1509 781 1683 828; x_wconf 79' lang='lat' dir='ltr'><strong>naturae</strong></span> <span class='ocrx_word' id='word_1_78' title='bbox 1725 779 1917 830; x_wconf 74' lang='lat' dir='ltr'><strong>bumana</strong></span> 
     </span>
     <span class='ocr_line' id='line_1_11' title="bbox 615 848 1917 917; baseline 0.002 -16"><span class='ocrx_word' id='word_1_79' title='bbox 615 849 831 917; x_wconf 71' lang='lat' dir='ltr'><strong>praecedit</strong></span> <span class='ocrx_word' id='word_1_80' title='bbox 871 853 1041 904; x_wconf 64' lang='lat' dir='ltr'><strong>aterna</strong></span> <span class='ocrx_word' id='word_1_81' title='bbox 1075 849 1155 903; x_wconf 76' lang='lat' dir='ltr'><strong>Dei</strong></span> <span class='ocrx_word' id='word_1_82' title='bbox 1178 848 1430 914; x_wconf 77' lang='lat' dir='ltr'><strong>perfecti03</strong></span> <span class='ocrx_word' id='word_1_83' title='bbox 1462 850 1543 902; x_wconf 86' lang='lat' dir='ltr'><strong>sed</strong></span> <span class='ocrx_word' id='word_1_84' title='bbox 1582 849 1786 913; x_wconf 81' lang='lat' dir='ltr'><strong>sequitur</strong></span> <span class='ocrx_word' id='word_1_85' title='bbox 1826 849 1917 915; x_wconf 72' lang='lat' dir='ltr'><strong>ipsa</strong></span> 
     </span>
     <span class='ocr_line' id='line_1_12' title="bbox 618 919 1662 987; baseline -0.006 -8"><span class='ocrx_word' id='word_1_86' title='bbox 618 926 739 979; x_wconf 72' lang='lat' dir='ltr'><strong>mata</strong></span> <span class='ocrx_word' id='word_1_87' title='bbox 769 919 990 987; x_wconf 75' lang='lat' dir='ltr'><strong>perieotio</strong></span> <span class='ocrx_word' id='word_1_88' title='bbox 1014 919 1118 986; x_wconf 81' lang='lat' dir='ltr'><strong>ejus</strong></span> <span class='ocrx_word' id='word_1_89' title='bbox 1143 920 1194 971; x_wconf 88' lang='lat' dir='ltr'><strong>in</strong></span> <span class='ocrx_word' id='word_1_90' title='bbox 1211 920 1380 974; x_wconf 86' lang='lat' dir='ltr'><strong>unione</strong></span> <span class='ocrx_word' id='word_1_91' title='bbox 1412 921 1471 971; x_wconf 81' lang='lat' dir='ltr'><strong>ad</strong></span> <span class='ocrx_word' id='word_1_92' title='bbox 1501 921 1662 973; x_wconf 82' lang='lat' dir='ltr'><strong>Deum.</strong></span> 
     </span>
    </p>
   </div>
   <div class='ocr_carea' id='block_1_4' title="bbox 1201 1099 1624 1152">
    <p class='ocr_par' dir='ltr' id='par_1_5' title="bbox 1201 1099 1624 1152">
     <span class='ocr_line' id='line_1_13' title="bbox 1201 1099 1624 1152; baseline -0.005 -1"><span class='ocrx_word' id='word_1_93' title='bbox 1201 1099 1517 1152; x_wconf 77' lang='lat' dir='ltr'><strong>ARTICULUS</strong></span> <span class='ocrx_word' id='word_1_94' title='bbox 1545 1100 1624 1149; x_wconf 82' lang='lat' dir='ltr'><strong>vl.</strong></span> 
     </span>
    </p>
   </div>
   <div class='ocr_carea' id='block_1_5' title="bbox 733 1224 1917 1334">
    <p class='ocr_par' dir='ltr' id='par_1_6' title="bbox 733 1224 1917 1334">
     <span class='ocr_line' id='line_1_14' title="bbox 733 1224 1917 1334; baseline -0.001 -60"><span class='ocrx_word' id='word_1_95' title='bbox 733 1229 905 1274; x_wconf 73' lang='lat' dir='ltr'><strong>Utrum</strong></span> <span class='ocrx_word' id='word_1_96' title='bbox 933 1226 1218 1271; x_wconf 63' lang='lat' dir='ltr'><strong>Inoas-natio</strong></span> <span class='ocrx_word' id='word_1_97' title='bbox 1244 1224 1679 1334; x_wconf 45' lang='lat' dir='ltr'><strong>fflffmndquflt</strong></span> <span class='ocrx_word' id='word_1_98' title='bbox 1709 1237 1864 1284; x_wconf 64' lang='lat' dir='ltr'><strong>usqne</strong></span> <span class='ocrx_word' id='word_1_99' title='bbox 1888 1241 1917 1273; x_wconf 82' lang='lat' dir='ltr'><strong><em>a</em></strong></span> 
     </span>
     <span class='ocr_line' id='line_1_15' title="bbox 1326 1302 1512 1334; baseline 0.005 -1"><span class='ocrx_word' id='word_1_100' title='bbox 1326 1302 1409 1334; x_wconf 78' lang='lat' dir='ltr'><strong>mu</strong></span> <span class='ocrx_word' id='word_1_101' title='bbox 1478 1303 1512 1334; x_wconf 74' lang='lat' dir='ltr'><strong>t.</strong></span> 
     </span>
    </p>
   </div>
   <div class='ocr_carea' id='block_1_6' title="bbox 619 1415 1917 2773">
    <p class='ocr_par' dir='ltr' id='par_1_7' title="bbox 619 1415 1917 1911">
     <span class='ocr_line' id='line_1_16' title="bbox 682 1415 1917 1481; baseline -0.004 -7"><span class='ocrx_word' id='word_1_102' title='bbox 682 1420 751 1474; x_wconf 70' lang='lat' dir='ltr'><strong>Ad</strong></span> <span class='ocrx_word' id='word_1_103' title='bbox 790 1421 973 1471; x_wconf 84' lang='lat' dir='ltr'><strong>sextum</strong></span> <span class='ocrx_word' id='word_1_104' title='bbox 1007 1416 1075 1469; x_wconf 87' lang='lat' dir='ltr'><strong>sic</strong></span> <span class='ocrx_word' id='word_1_105' title='bbox 1110 1415 1365 1481; x_wconf 87' lang='lat' dir='ltr'><strong>proceditur</strong></span> <span class='ocrx_word' id='word_1_106' title='bbox 1375 1416 1467 1481; x_wconf 78' lang='lat'>(1).</span> <span class='ocrx_word' id='word_1_107' title='bbox 1512 1416 1701 1467; x_wconf 81' lang='lat' dir='ltr'><strong>Videtur</strong></span> <span class='ocrx_word' id='word_1_108' title='bbox 1728 1416 1854 1481; x_wconf 78' lang='lat' dir='ltr'><strong>qnod</strong></span> <span class='ocrx_word' id='word_1_109' title='bbox 1895 1420 1917 1469; x_wconf 93' lang='lat'>1</span> 
     </span>
     <span class='ocr_line' id='line_1_17' title="bbox 619 1488 1917 1558; baseline -0.006 -10"><span class='ocrx_word' id='word_1_110' title='bbox 619 1507 734 1558; x_wconf 79' lang='lat' dir='ltr'><strong>opus</strong></span> <span class='ocrx_word' id='word_1_111' title='bbox 762 1491 929 1544; x_wconf 81' lang='lat' dir='ltr'><strong>differri</strong></span> <span class='ocrx_word' id='word_1_112' title='bbox 956 1490 1162 1542; x_wconf 77' lang='lat' dir='ltr'><strong>debuerit</strong></span> <span class='ocrx_word' id='word_1_113' title='bbox 1193 1501 1338 1553; x_wconf 85' lang='lat' dir='ltr'><strong>usque</strong></span> <span class='ocrx_word' id='word_1_114' title='bbox 1369 1488 1418 1537; x_wconf 88' lang='lat' dir='ltr'><strong>in</strong></span> <span class='ocrx_word' id='word_1_115' title='bbox 1446 1488 1581 1542; x_wconf 79' lang='lat' dir='ltr'><strong>finem</strong></span> <span class='ocrx_word' id='word_1_116' title='bbox 1610 1488 1784 1539; x_wconf 87' lang='lat' dir='ltr'><strong>mnndi.</strong></span> <span class='ocrx_word' id='word_1_117' title='bbox 1817 1490 1917 1541; x_wconf 88' lang='lat' dir='ltr'><strong>Dici</strong></span> 
     </span>
     <span class='ocr_line' id='line_1_18' title="bbox 619 1559 1917 1621; baseline -0.002 -6"><span class='ocrx_word' id='word_1_118' title='bbox 619 1565 809 1621; x_wconf 76' lang='lat' dir='ltr'><strong>Psalm.</strong></span> <span class='ocrx_word' id='word_1_119' title='bbox 839 1563 980 1618; x_wconf 84' lang='lat' dir='ltr'>LXIX</span> <span class='ocrx_word' id='word_1_120' title='bbox 1006 1576 1019 1611; x_wconf 90' lang='lat'>:</span> <span class='ocrx_word' id='word_1_121' title='bbox 1049 1578 1078 1610; x_wconf 73' lang='grc' dir='ltr'><strong>(ε</strong></span> <span class='ocrx_word' id='word_1_122' title='bbox 1099 1561 1320 1612; x_wconf 80' lang='lat' dir='ltr'><strong>Senectus</strong></span> <span class='ocrx_word' id='word_1_123' title='bbox 1340 1573 1444 1613; x_wconf 86' lang='lat' dir='ltr'><strong>mea</strong></span> <span class='ocrx_word' id='word_1_124' title='bbox 1468 1559 1518 1610; x_wconf 87' lang='lat' dir='ltr'><strong>in</strong></span> <span class='ocrx_word' id='word_1_125' title='bbox 1545 1559 1857 1613; x_wconf 74' lang='lat' dir='ltr'><strong>misericordia</strong></span> <span class='ocrx_word' id='word_1_126' title='bbox 1877 1562 1917 1613; x_wconf 79' lang='lat' dir='ltr'><strong>ul</strong></span> 
     </span>
     <span class='ocr_line' id='line_1_19' title="bbox 619 1632 1917 1696; baseline 0 -10"><span class='ocrx_word' id='word_1_127' title='bbox 619 1636 669 1691; x_wconf 88' lang='lat' dir='ltr'><strong>in</strong></span> <span class='ocrx_word' id='word_1_128' title='bbox 696 1634 944 1687; x_wconf 87' lang='lat' dir='ltr'><strong>novissimo</strong></span> <span class='ocrx_word' id='word_1_129' title='bbox 967 1672 981 1696; x_wconf 85' lang='lat'>,</span> <span class='ocrx_word' id='word_1_130' title='bbox 998 1650 1026 1683; x_wconf 71' lang='lat' dir='ltr'><strong>b</strong></span> <span class='ocrx_word' id='word_1_131' title='bbox 1057 1639 1109 1684; x_wconf 88' lang='lat' dir='ltr'><strong>ut</strong></span> <span class='ocrx_word' id='word_1_132' title='bbox 1136 1633 1291 1684; x_wconf 81' lang='lat' dir='ltr'><strong>Glossa</strong></span> <span class='ocrx_word' id='word_1_133' title='bbox 1318 1632 1443 1682; x_wconf 87' lang='lat' dir='ltr'><strong>dicit.</strong></span> <span class='ocrx_word' id='word_1_134' title='bbox 1474 1633 1561 1683; x_wconf 86' lang='lat' dir='ltr'><strong>Sed</strong></span> <span class='ocrx_word' id='word_1_135' title='bbox 1581 1636 1763 1696; x_wconf 85' lang='lat' dir='ltr'><strong>tempus</strong></span> <span class='ocrx_word' id='word_1_136' title='bbox 1785 1633 1917 1686; x_wconf 74' lang='lat' dir='ltr'><strong>luca:</strong></span> 
     </span>
     <span class='ocr_line' id='line_1_20' title="bbox 622 1702 1917 1770; baseline -0.003 -11"><span class='ocrx_word' id='word_1_137' title='bbox 622 1706 833 1761; x_wconf 74' lang='lat' dir='ltr'><strong>maximae</strong></span> <span class='ocrx_word' id='word_1_138' title='bbox 874 1710 1056 1770; x_wconf 85' lang='lat' dir='ltr'><strong>tempus</strong></span> <span class='ocrx_word' id='word_1_139' title='bbox 1084 1704 1431 1768; x_wconf 76' lang='lat' dir='ltr'><strong>misericordiae,</strong></span> <span class='ocrx_word' id='word_1_140' title='bbox 1459 1702 1709 1755; x_wconf 72' lang='lat' dir='ltr'><strong>seeundum</strong></span> <span class='ocrx_word' id='word_1_141' title='bbox 1744 1704 1861 1757; x_wconf 82' lang='lat' dir='ltr'><strong>illud</strong></span> <span class='ocrx_word' id='word_1_142' title='bbox 1901 1707 1917 1755; x_wconf 74' lang='lat'><em>1</em></span> 
     </span>
     <span class='ocr_line' id='line_1_21' title="bbox 626 1774 1917 1842; baseline 0.001 -15"><span class='ocrx_word' id='word_1_143' title='bbox 626 1795 655 1827; x_wconf 75' lang='grc' dir='ltr'>α</span> <span class='ocrx_word' id='word_1_144' title='bbox 677 1777 896 1838; x_wconf 78' lang='lat' dir='ltr'><strong>Quoniam</strong></span> <span class='ocrx_word' id='word_1_145' title='bbox 931 1776 1059 1827; x_wconf 86' lang='lat' dir='ltr'><strong>venit</strong></span> <span class='ocrx_word' id='word_1_146' title='bbox 1097 1781 1277 1841; x_wconf 88' lang='lat' dir='ltr'><strong>tempus</strong></span> <span class='ocrx_word' id='word_1_147' title='bbox 1315 1776 1562 1827; x_wconf 85' lang='lat' dir='ltr'><strong>miserendi</strong></span> <span class='ocrx_word' id='word_1_148' title='bbox 1608 1774 1728 1839; x_wconf 79' lang='lat' dir='ltr'><strong>ejus,</strong></span> <span class='ocrx_word' id='word_1_149' title='bbox 1759 1791 1788 1823; x_wconf 74' lang='lat' dir='ltr'><strong>u</strong></span> <span class='ocrx_word' id='word_1_150' title='bbox 1820 1778 1917 1842; x_wconf 61' lang='lat' dir='ltr'><strong>Em«</strong></span> 
     </span>
     <span class='ocr_line' id='line_1_22' title="bbox 623 1848 1587 1911; baseline -0.002 -12"><span class='ocrx_word' id='word_1_151' title='bbox 623 1848 792 1907; x_wconf 74' lang='lat' dir='ltr'><strong>differri</strong></span> <span class='ocrx_word' id='word_1_152' title='bbox 817 1848 973 1899; x_wconf 89' lang='lat' dir='ltr'><strong>debuit</strong></span> <span class='ocrx_word' id='word_1_153' title='bbox 1000 1861 1142 1911; x_wconf 78' lang='lat' dir='ltr'><strong>usque</strong></span> <span class='ocrx_word' id='word_1_154' title='bbox 1169 1850 1217 1898; x_wconf 92' lang='lat' dir='ltr'><strong>in</strong></span> <span class='ocrx_word' id='word_1_155' title='bbox 1243 1849 1381 1899; x_wconf 78' lang='lat' dir='ltr'><strong>finem</strong></span> <span class='ocrx_word' id='word_1_156' title='bbox 1409 1848 1587 1902; x_wconf 85' lang='lat' dir='ltr'><strong>mundi.</strong></span> 
     </span>
    </p>

    <p class='ocr_par' dir='ltr' id='par_1_8' title="bbox 621 1919 1917 2417">
     <span class='ocr_line' id='line_1_23' title="bbox 688 1919 1917 1985; baseline 0.003 -14"><span class='ocrx_word' id='word_1_157' title='bbox 688 1926 735 1971; x_wconf 76' lang='lat'><strong>2.</strong></span> <span class='ocrx_word' id='word_1_158' title='bbox 769 1923 1015 1984; x_wconf 78' lang='lat' dir='ltr'><strong>Praeterea‚</strong></span> <span class='ocrx_word' id='word_1_159' title='bbox 1040 1920 1157 1971; x_wconf 88' lang='lat' dir='ltr'><strong>sicut</strong></span> <span class='ocrx_word' id='word_1_160' title='bbox 1176 1921 1343 1972; x_wconf 86' lang='lat' dir='ltr'><strong>dictum</strong></span> <span class='ocrx_word' id='word_1_161' title='bbox 1366 1924 1462 1985; x_wconf 80' lang='lat' dir='ltr'><strong>est,</strong></span> <span class='ocrx_word' id='word_1_162' title='bbox 1487 1920 1741 1985; x_wconf 79' lang='lat' dir='ltr'><strong>perfectum</strong></span> <span class='ocrx_word' id='word_1_163' title='bbox 1766 1919 1817 1970; x_wconf 90' lang='lat' dir='ltr'><strong>in</strong></span> <span class='ocrx_word' id='word_1_164' title='bbox 1835 1923 1917 1974; x_wconf 80' lang='lat' dir='ltr'><strong>sub</strong></span> 
     </span>
     <span class='ocr_line' id='line_1_24' title="bbox 626 1992 1913 2058; baseline -0.002 -11"><span class='ocrx_word' id='word_1_165' title='bbox 626 1997 828 2058; x_wconf 85' lang='lat' dir='ltr'><strong>tempore</strong></span> <span class='ocrx_word' id='word_1_166' title='bbox 852 1996 926 2044; x_wconf 86' lang='lat' dir='ltr'><strong>est</strong></span> <span class='ocrx_word' id='word_1_167' title='bbox 948 1993 1176 2056; x_wconf 81' lang='lat' dir='ltr'><strong>posterius</strong></span> <span class='ocrx_word' id='word_1_168' title='bbox 1203 1992 1466 2057; x_wconf 79' lang='lat' dir='ltr'><strong>imperfecto</strong></span> <span class='ocrx_word' id='word_1_169' title='bbox 1492 2006 1630 2056; x_wconf 81' lang='lat' dir='ltr'><strong>:ergo</strong></span> <span class='ocrx_word' id='word_1_170' title='bbox 1656 1992 1765 2042; x_wconf 90' lang='lat' dir='ltr'><strong>illud</strong></span> <span class='ocrx_word' id='word_1_171' title='bbox 1786 1995 1913 2056; x_wconf 80' lang='lat' dir='ltr'><strong>quod</strong></span> 
     </span>
     <span class='ocr_line' id='line_1_25' title="bbox 625 2064 1917 2130; baseline -0.001 -12"><span class='ocrx_word' id='word_1_172' title='bbox 625 2066 876 2130; x_wconf 78' lang='lat' dir='ltr'><strong>perfectum</strong></span> <span class='ocrx_word' id='word_1_173' title='bbox 897 2066 1029 2115; x_wconf 86' lang='lat' dir='ltr'><strong>debet</strong></span> <span class='ocrx_word' id='word_1_174' title='bbox 1056 2078 1156 2115; x_wconf 81' lang='lat' dir='ltr'><strong>esse</strong></span> <span class='ocrx_word' id='word_1_175' title='bbox 1182 2064 1371 2117; x_wconf 88' lang='lat' dir='ltr'><strong>omnino</strong></span> <span class='ocrx_word' id='word_1_176' title='bbox 1392 2064 1601 2114; x_wconf 82' lang='lat' dir='ltr'><strong>ultimum</strong></span> <span class='ocrx_word' id='word_1_177' title='bbox 1622 2064 1669 2113; x_wconf 90' lang='lat' dir='ltr'><strong>in</strong></span> <span class='ocrx_word' id='word_1_178' title='bbox 1688 2068 1917 2127; x_wconf 81' lang='lat' dir='ltr'><strong>tempore.</strong></span> 
     </span>
     <span class='ocr_line' id='line_1_26' title="bbox 624 2134 1917 2207; baseline 0.002 -21"><span class='ocrx_word' id='word_1_179' title='bbox 624 2137 838 2207; x_wconf 75' lang='lat' dir='ltr'><strong>perfectio</strong></span> <span class='ocrx_word' id='word_1_180' title='bbox 857 2138 1067 2189; x_wconf 69' lang='lat' dir='ltr'><strong>humanae</strong></span> <span class='ocrx_word' id='word_1_181' title='bbox 1085 2139 1259 2188; x_wconf 65' lang='lat' dir='ltr'><strong>naturai</strong></span> <span class='ocrx_word' id='word_1_182' title='bbox 1280 2140 1354 2187; x_wconf 85' lang='lat' dir='ltr'><strong>est</strong></span> <span class='ocrx_word' id='word_1_183' title='bbox 1377 2136 1426 2186; x_wconf 91' lang='lat' dir='ltr'><strong>in</strong></span> <span class='ocrx_word' id='word_1_184' title='bbox 1452 2134 1623 2188; x_wconf 87' lang='lat' dir='ltr'><strong>unione</strong></span> <span class='ocrx_word' id='word_1_185' title='bbox 1651 2135 1708 2187; x_wconf 82' lang='lat' dir='ltr'><strong>ad</strong></span> <span class='ocrx_word' id='word_1_186' title='bbox 1735 2135 1917 2188; x_wconf 82' lang='lat' dir='ltr'><strong>Verbun</strong></span> 
     </span>
     <span class='ocr_line' id='line_1_27' title="bbox 625 2207 1917 2273; baseline 0.001 -13"><span class='ocrx_word' id='word_1_187' title='bbox 625 2210 806 2266; x_wconf 83' lang='lat' dir='ltr'><strong>Christo</strong></span> <span class='ocrx_word' id='word_1_188' title='bbox 831 2208 1105 2273; x_wconf 84' lang='lat' dir='ltr'><strong>complacuit</strong></span> <span class='ocrx_word' id='word_1_189' title='bbox 1120 2221 1299 2258; x_wconf 86' lang='lat' dir='ltr'><strong>omnem</strong></span> <span class='ocrx_word' id='word_1_190' title='bbox 1320 2207 1648 2272; x_wconf 85' lang='lat' dir='ltr'><strong>plenitudinem</strong></span> <span class='ocrx_word' id='word_1_191' title='bbox 1670 2207 1917 2261; x_wconf 70' lang='lat' dir='ltr'><strong>divinitatis</strong></span> 
     </span>
     <span class='ocr_line' id='line_1_28' title="bbox 621 2278 1917 2346; baseline -0.004 -10"><span class='ocrx_word' id='word_1_192' title='bbox 621 2286 676 2338; x_wconf 79' lang='lat' dir='ltr'><strong>nt</strong></span> <span class='ocrx_word' id='word_1_193' title='bbox 706 2281 950 2346; x_wconf 76' lang='lat' dir='ltr'><strong>Apostolus</strong></span> <span class='ocrx_word' id='word_1_194' title='bbox 971 2280 1107 2342; x_wconf 85' lang='lat' dir='ltr'><strong>dicit,</strong></span> <span class='ocrx_word' id='word_1_195' title='bbox 1138 2280 1349 2341; x_wconf 62' lang='lat' dir='ltr'><strong>Cotosx„</strong></span> <span class='ocrx_word' id='word_1_196' title='bbox 1380 2281 1413 2335; x_wconf 88' lang='lat'><strong>1.</strong></span> <span class='ocrx_word' id='word_1_197' title='bbox 1437 2280 1556 2343; x_wconf 81' lang='lat' dir='ltr'><strong>Ergo</strong></span> <span class='ocrx_word' id='word_1_198' title='bbox 1587 2278 1844 2335; x_wconf 75' lang='lat' dir='ltr'><strong>incarnatio</strong></span> <span class='ocrx_word' id='word_1_199' title='bbox 1876 2282 1917 2334; x_wconf 88' lang='lat' dir='ltr'><strong>di</strong></span> 
     </span>
     <span class='ocr_line' id='line_1_29' title="bbox 626 2352 1189 2417; baseline 0.002 -16"><span class='ocrx_word' id='word_1_200' title='bbox 626 2366 768 2417; x_wconf 80' lang='lat' dir='ltr'><strong>usque</strong></span> <span class='ocrx_word' id='word_1_201' title='bbox 790 2354 838 2401; x_wconf 92' lang='lat' dir='ltr'><strong>in</strong></span> <span class='ocrx_word' id='word_1_202' title='bbox 856 2352 997 2404; x_wconf 85' lang='lat' dir='ltr'><strong>finem</strong></span> <span class='ocrx_word' id='word_1_203' title='bbox 1018 2352 1189 2410; x_wconf 84' lang='lat' dir='ltr'><strong>mundi.</strong></span> 
     </span>
    </p>

    <p class='ocr_par' dir='ltr' id='par_1_9' title="bbox 627 2421 1917 2773">
     <span class='ocr_line' id='line_1_30' title="bbox 689 2421 1917 2486; baseline -0.001 -10"><span class='ocrx_word' id='word_1_204' title='bbox 689 2428 734 2476; x_wconf 83' lang='grc'><strong>3.</strong></span> <span class='ocrx_word' id='word_1_205' title='bbox 777 2426 1004 2476; x_wconf 80' lang='lat' dir='ltr'><strong>Praeterea</strong></span> <span class='ocrx_word' id='word_1_206' title='bbox 1022 2462 1036 2485; x_wconf 91' lang='lat'><strong>,</strong></span> <span class='ocrx_word' id='word_1_207' title='bbox 1063 2438 1156 2476; x_wconf 87' lang='lat' dir='ltr'><strong>non</strong></span> <span class='ocrx_word' id='word_1_208' title='bbox 1194 2426 1265 2474; x_wconf 88' lang='lat' dir='ltr'><strong>est</strong></span> <span class='ocrx_word' id='word_1_209' title='bbox 1290 2421 1572 2475; x_wconf 81' lang='lat' dir='ltr'><strong>conveniens</strong></span> <span class='ocrx_word' id='word_1_210' title='bbox 1608 2421 1706 2473; x_wconf 80' lang='lat' dir='ltr'><strong>fieri</strong></span> <span class='ocrx_word' id='word_1_211' title='bbox 1742 2435 1828 2486; x_wconf 87' lang='lat' dir='ltr'><strong>per</strong></span> <span class='ocrx_word' id='word_1_212' title='bbox 1862 2423 1917 2475; x_wconf 77' lang='lat' dir='ltr'><strong>du</strong></span> 
     </span>
     <span class='ocr_line' id='line_1_31' title="bbox 627 2493 1917 2560; baseline -0.004 -12"><span class='ocrx_word' id='word_1_213' title='bbox 627 2509 767 2548; x_wconf 89' lang='lat' dir='ltr'><strong>unum</strong></span> <span class='ocrx_word' id='word_1_214' title='bbox 794 2495 890 2546; x_wconf 81' lang='lat' dir='ltr'><strong>tieri</strong></span> <span class='ocrx_word' id='word_1_215' title='bbox 917 2498 1083 2560; x_wconf 86' lang='lat' dir='ltr'><strong>potest.</strong></span> <span class='ocrx_word' id='word_1_216' title='bbox 1107 2495 1193 2546; x_wconf 89' lang='lat' dir='ltr'><strong>Sed</strong></span> <span class='ocrx_word' id='word_1_217' title='bbox 1222 2507 1343 2545; x_wconf 85' lang='lat' dir='ltr'><strong>unus</strong></span> <span class='ocrx_word' id='word_1_218' title='bbox 1364 2493 1533 2545; x_wconf 85' lang='lat' dir='ltr'><strong>Christi</strong></span> <span class='ocrx_word' id='word_1_219' title='bbox 1560 2493 1784 2545; x_wconf 83' lang='lat' dir='ltr'><strong>adventus</strong></span> <span class='ocrx_word' id='word_1_220' title='bbox 1804 2494 1917 2545; x_wconf 62' lang='lat' dir='ltr'><strong>surii</strong></span> 
     </span>
     <span class='ocr_line' id='line_1_32' title="bbox 627 2564 1917 2630; baseline -0.005 -7"><span class='ocrx_word' id='word_1_221' title='bbox 627 2567 683 2623; x_wconf 80' lang='lat' dir='ltr'><strong>ad</strong></span> <span class='ocrx_word' id='word_1_222' title='bbox 713 2568 905 2619; x_wconf 84' lang='lat' dir='ltr'><strong>salutem</strong></span> <span class='ocrx_word' id='word_1_223' title='bbox 933 2569 1142 2620; x_wconf 81' lang='lat' dir='ltr'><strong>humanae</strong></span> <span class='ocrx_word' id='word_1_224' title='bbox 1158 2570 1329 2619; x_wconf 65' lang='lat' dir='ltr'><strong>natura</strong></span> <span class='ocrx_word' id='word_1_225' title='bbox 1348 2604 1363 2630; x_wconf 84' lang='lat'>‚</span> <span class='ocrx_word' id='word_1_226' title='bbox 1386 2564 1466 2629; x_wconf 83' lang='lat' dir='ltr'><strong>qui</strong></span> <span class='ocrx_word' id='word_1_227' title='bbox 1495 2565 1582 2615; x_wconf 88' lang='lat' dir='ltr'><strong>erit</strong></span> <span class='ocrx_word' id='word_1_228' title='bbox 1599 2565 1648 2617; x_wconf 89' lang='lat' dir='ltr'><strong>in</strong></span> <span class='ocrx_word' id='word_1_229' title='bbox 1677 2564 1769 2620; x_wconf 82' lang='lat' dir='ltr'><strong>fine</strong></span> <span class='ocrx_word' id='word_1_230' title='bbox 1798 2580 1917 2617; x_wconf 81' lang='lat' dir='ltr'><strong>mun·</strong></span> 
     </span>
     <span class='ocr_line' id='line_1_33' title="bbox 629 2637 1917 2706; baseline -0.002 -13"><span class='ocrx_word' id='word_1_231' title='bbox 629 2639 828 2706; x_wconf 89' lang='lat' dir='ltr'><strong>oportuit</strong></span> <span class='ocrx_word' id='word_1_232' title='bbox 860 2638 980 2703; x_wconf 79' lang='lat' dir='ltr'><strong>quod</strong></span> <span class='ocrx_word' id='word_1_233' title='bbox 1014 2642 1145 2688; x_wconf 85' lang='lat' dir='ltr'><strong>antea</strong></span> <span class='ocrx_word' id='word_1_234' title='bbox 1169 2637 1349 2688; x_wconf 83' lang='lat' dir='ltr'><strong>veniret</strong></span> <span class='ocrx_word' id='word_1_235' title='bbox 1382 2650 1465 2701; x_wconf 91' lang='lat' dir='ltr'><strong>per</strong></span> <span class='ocrx_word' id='word_1_236' title='bbox 1490 2637 1869 2690; x_wconf 81' lang='lat' dir='ltr'><strong>incarnationem.</strong></span> <span class='ocrx_word' id='word_1_237' title='bbox 1899 2640 1917 2690; x_wconf 84' lang='grc'>1</span> 
     </span>
     <span class='ocr_line' id='line_1_34' title="bbox 628 2708 1735 2773; baseline -0.004 -9"><span class='ocrx_word' id='word_1_238' title='bbox 628 2710 753 2764; x_wconf 84' lang='lat' dir='ltr'><strong>natio</strong></span> <span class='ocrx_word' id='word_1_239' title='bbox 786 2710 957 2762; x_wconf 82' lang='lat' dir='ltr'><strong>differri</strong></span> <span class='ocrx_word' id='word_1_240' title='bbox 977 2710 1133 2766; x_wconf 85' lang='lat' dir='ltr'><strong>debuit</strong></span> <span class='ocrx_word' id='word_1_241' title='bbox 1159 2722 1301 2773; x_wconf 83' lang='lat' dir='ltr'><strong>usque</strong></span> <span class='ocrx_word' id='word_1_242' title='bbox 1328 2709 1378 2759; x_wconf 83' lang='lat' dir='ltr'><strong>in</strong></span> <span class='ocrx_word' id='word_1_243' title='bbox 1399 2709 1537 2760; x_wconf 82' lang='lat' dir='ltr'><strong>finem</strong></span> <span class='ocrx_word' id='word_1_244' title='bbox 1559 2708 1735 2765; x_wconf 80' lang='lat' dir='ltr'><strong>mundi.</strong></span> 
     </span>
    </p>
   </div>
   <div class='ocr_carea' id='block_1_7' title="bbox 703 2864 1669 2930">
    <p class='ocr_par' dir='ltr' id='par_1_10' title="bbox 703 2864 1669 2930">
     <span class='ocr_line' id='line_1_35' title="bbox 703 2864 1669 2930; baseline 0 -18"><span class='ocrx_word' id='word_1_245' title='bbox 703 2864 765 2930; x_wconf 84' lang='grc'><strong>(1)</strong></span> <span class='ocrx_word' id='word_1_246' title='bbox 796 2866 923 2913; x_wconf 86' lang='lat' dir='ltr'><strong>Idem</strong></span> <span class='ocrx_word' id='word_1_247' title='bbox 952 2864 1001 2926; x_wconf 88' lang='lat'><strong>1,</strong></span> <span class='ocrx_word' id='word_1_248' title='bbox 1029 2864 1081 2926; x_wconf 70' lang='grc' dir='ltr'><strong>Ξ,</strong></span> <span class='ocrx_word' id='word_1_249' title='bbox 1108 2864 1156 2909; x_wconf 90' lang='lat' dir='ltr'><strong>in</strong></span> <span class='ocrx_word' id='word_1_250' title='bbox 1186 2864 1303 2910; x_wconf 82' lang='lat' dir='ltr'><strong>loeis</strong></span> <span class='ocrx_word' id='word_1_251' title='bbox 1322 2868 1420 2927; x_wconf 47' lang='lat' dir='ltr'><strong>‚art-</strong></span> <span class='ocrx_word' id='word_1_252' title='bbox 1443 2864 1471 2914; x_wconf 86' lang='lat'>1</span> <span class='ocrx_word' id='word_1_253' title='bbox 1498 2864 1669 2917; x_wconf 75' lang='lat' dir='ltr'><strong>citetis.</strong></span> 
     </span>
    </p>
   </div>
  </div>
 </body>
</html>
