1917 3317
247 175 279 212 ua
295 174 417 213 oaarronn
432 175 537 213 emissi.
749 166 796 216 w

49 260 69 293 us
78 248 231 313 sensualitatis
247 253 271 301 et
283 254 327 301 hoe
342 252 409 302 modo
423 252 529 302 Christus
539 252 663 302 seeundum
680 251 797 303 sensuali-

49 322 227 385 numeravit,
246 323 306 386 qnia·
321 322 374 385 ejus
396 323 533 373 sensualitas
552 322 656 386 ejusdem
675 326 798 375 naturaei

50 392 81 437 nei
92 391 128 440 luit
139 393 163 441 in
174 394 273 443 Christo
284 398 308 443 et
320 394 345 443 in
358 394 432 444 nohis.
447 395 471 445 ln
486 394 551 443 uobis
569 398 644 444 autern
663 408 710 445 nou
723 396 800 459 potest

50 462 121 513 irretitas
137 476 203 515 orare
224 465 312 528 duplici
325 466 432 515 ratione:
449 464 523 529 prinrd
534 465 636 528 quidem,
647 466 701 529 qnia
720 469 798 517 motus

50 535 136 585 »talitatis
150 550 198 586 non
217 540 293 600 potest
312 535 429 587 sensibilia
443 537 617 599 transcendere3
635 542 659 586 et
677 538 729 587 ideo
749 550 797 589 noa

49 610 72 649 sl
86 606 105 654 in
125 608 195 658 Deum
219 609 361 670 ascendere,
380 609 440 671 quod
461 609 583 671 requiritur
602 609 630 657 ad
652 609 794 673 orationem3

49 677 101 739 ntuli,
116 680 165 742 quia
180 681 258 732 oratio
274 680 383 743 importat
397 681 517 743 quamdam
531 680 710 743 ordinationem,
730 684 798 745 prout

61 756 81 795 ut
94 752 167 815 aliquis
182 752 301 802 desiderat
322 752 407 814 aliquid
426 753 493 817 quasi
509 752 521 801 i
536 753 582 802 lleo
598 752 756 816 implendum
772 756 797 803 et

61 826 86 867 est
101 822 165 874 solius
185 822 297 873 rationis.
313 822 377 873 Unde
392 824 464 872 oratio
478 827 514 872 est
528 827 593 872 aetus
614 823 720 885 rationis,
735 823 797 874 utin

53 899 97 941 nne
109 895 210 944 habiturn
231 898 267 943 est
281 895 324 957 (1).
338 894 388 945 illio
402 894 469 943 modo
480 898 557 957 potest
574 894 619 943 diei
635 895 718 957 adnuis
731 908 797 945 orare

63 963 108 1010 elin
121 966 317 1023 sensualitatem,
332 964 384 1027 quia
399 966 487 1014 scilieet
501 966 552 1029 ejus
566 965 639 1015 oratio
653 966 737 1015 orando
750 967 797 1017 Deo

49 1036 94 1084 ufnit
107 1040 163 1101 qnod
183 1041 222 1087 est
240 1036 265 1086 in
284 1037 387 1101 appetitu
401 1036 556 1086 sensualitatis
571 1037 651 1099 ipsius.
667 1037 694 1085 Et
714 1050 797 1087 secuu-

50 1130 51 1147 r
65 1110 97 1155 lior
108 1111 216 1161 Christus
229 1112 305 1158 oravit
318 1108 443 1159 secundino
459 1107 673 1167 sensualitatem‚iu
686 1108 798 1171 quanmm

64 1182 148 1229 ernstio
160 1181 215 1243 ejus
231 1180 373 1243 exprimebat
384 1178 539 1229 sensualitatis
550 1179 659 1228 allectum
669 1217 675 1242 ‚
686 1184 797 1241 munnam

59 1250 135 1301 allatis
150 1254 286 1313 advocata3
303 1254 326 1299 et
339 1252 392 1313 hod,
410 1254 435 1299 ut
453 1264 496 1300 nos
512 1251 541 1300 de
559 1249 632 1299 tribus
652 1250 796 1299 instrueret:

55 1340 69 1361 n
81 1323 164 1385 suidern,
181 1328 210 1373 ut
224 1322 358 1373 ostenderet
370 1334 394 1371 se
404 1334 482 1370 ueram
494 1328 599 1370 naturam
610 1322 734 1369 humanam
745 1332 799 1369 sus·

49 1404 78 1438 sse
90 1407 134 1443 enin
149 1393 262 1444 omnibus
282 1392 426 1442 naturalibus
440 1391 575 1449 affectibusr
591 1390 705 1450 seeundo,
722 1396 747 1439 ut
761 1403 799 1441 os-

54 1465 156 1527 aliquod
175 1466 268 1515 homini
279 1464 335 1513 lieet
351 1462 476 1513 seeundum
493 1462 620 1512 naturalem
635 1460 741 1509 affectum
756 1459 800 1509 ali-

49 1536 51 1573 i
66 1535 180 1598 rellequod
194 1538 257 1586 Deus
271 1550 318 1585 non
333 1535 400 1597 unlt3
416 1535 498 1595 tertio,
514 1538 539 1582 ut
551 1534 656 1583 ostendat
670 1531 731 1595 qrrdd
742 1544 800 1595 pro-

58 1621 66 1645 u
80 1606 178 1658 allectum
195 1610 267 1658 debet
286 1608 356 1657 homo
370 1605 454 1655 divinae
468 1604 581 1655 voluntati
595 1604 718 1666 subjicere.
733 1601 799 1652 Unde

56 1676 120 1727 ulinns
130 1679 155 1729 in
168 1680 271 1729 Psalm.
284 1678 384 1739 xxxu,
400 1678 469 1726 dicit.
483 1694 497 1724 <r
510 1676 615 1726 Christus
628 1674 746 1723 hominem
759 1686 800 1736 ge-

67 1751 155 1801 ostendit
178 1752 297 1815 privatam
314 1752 436 1813 qnamdam
452 1748 552 1799 hominis
572 1747 726 1804 voluntatem,
745 1743 799 1795 edm

53 1856 56 1865 .
72 1838 81 1863 n
96 1826 197 1874 transeat
215 1822 230 1873 a
245 1834 282 1873 me
303 1820 364 1871 calix
382 1820 439 1881 iste3
460 1837 473 1866 n
490 1821 540 1869 lraee
553 1819 615 1868 enim
629 1822 678 1867 erut
692 1817 799 1867 voluntas

55 1906 91 1949 nn,
102 1896 222 1959 proprium
244 1892 331 1955 aliquid
351 1896 374 1941 et
389 1896 497 1953 tanquam
515 1890 630 1953 priuatum
648 1888 738 1937 rolens.
753 1887 800 1937 Sed

60 1969 109 2013 reno
125 1968 198 2017 eorde
214 1969 305 2014 rectum
318 1964 368 2011 vult
381 1975 430 2011 esse
446 1961 577 2020 hominem,
592 1959 621 2008 ad
637 1959 707 2007 Deum
721 1956 798 2021 dirigi,

52 2038 73 2083 n,
86 2053 97 2080 n
110 2042 277 2087 verumtamen
290 2046 336 2084 non
353 2034 412 2082 sicut
427 2046 468 2095 ego
482 2032 545 2090 uolo,
560 2030 600 2080 sed
613 2029 673 2079 sieut
685 2033 726 2092 tu;
742 2044 758 2075 u
769 2040 799 2077 ae

49 2112 92 2165 al,
106 2108 185 2158 ridete
214 2106 239 2155 iu
255 2118 310 2168 rue,
330 2104 385 2169 quia
399 2107 475 2167 potest
493 2100 576 2165 aliquis
592 2112 710 2165 proprium
724 2099 797 2161 uelle,

60 2185 97 2226 lens
110 2179 172 2229 aliur!
189 2178 262 2228 velit.
279 2194 293 2223 n

51 2250 153 2306 turinum
168 2264 230 2313 ergo
244 2248 380 2309 dicendum,
395 2242 455 2309 qudd
469 2256 522 2295 earo
536 2244 624 2294 exultat
635 2243 660 2291 in
675 2243 747 2292 neum
762 2240 800 2290 vl·

69 2332 106 2367 nnn
125 2334 167 2386 ner
184 2326 270 2371 aetum
285 2318 360 2368 earnis
374 2318 538 2367 ascendentem
554 2316 578 2364 in
597 2316 685 2377 Deum,
702 2316 741 2363 sed
759 2327 801 2378 per

62 2393 177 2445 ›rarriiama
194 2392 270 2443 eorde
283 2392 308 2441 in
322 2404 430 2451 earnem,
445 2390 467 2437 in
483 2385 594 2451 qnantdm
612 2388 728 2450 appetitus
742 2398 801 2435 sen-

63 2466 173 2526 =seqnitnr
192 2469 287 2515 motum
300 2462 421 2527 appetitus
435 2459 560 2510 rationalis.

70 2536 188 2587 secundnm
201 2535 339 2597 dicendum,
350 2532 412 2597 qudd
422 2531 479 2582 lieet
493 2529 631 2581 sensualitas
641 2530 686 2578 lroo
700 2525 800 2579 noluerit

49 2700 50 2715 ¹
71 2705 106 2751 Seu
127 2682 157 2767 ff,
181 2709 213 2766 2,
231 2720 274 2764 qu.
299 2703 345 2752 83.
365 2708 411 2749 art.
437 2680 704 2747 lesmorrensem
725 2698 799 2743 refert

53 2771 118 2815 eunias
131 2772 197 2828 quod
212 2771 227 2815 d
242 2768 386 2813 cassiodoro
402 2764 468 2821 quasi
484 2765 536 2809 oris
554 2764 621 2807 ratio
640 2766 795 2817 nuncupatur,

61 2831 154 2881 illisione
176 2832 286 2892 quadam
306 2829 415 2881 tantuma
434 2840 507 2883 quarn
527 2830 552 2871 et
571 2824 674 2895 assignat
694 2822 797 2868 lsidorus

57 2890 72 2933 l·
83 2897 211 2957 Etymoloq.
229 2896 267 2941 vel
281 2892 398 2951 Oriades„
412 2902 466 2947 eep.
476 2888 501 2934 5.
