1917 3317
255 182 286 217 nn
301 180 395 219 duam
410 182 520 230 cunnsnn,
537 180 590 219 arc.
784 176 829 223 aas

48 269 96 304 num
107 255 185 318 reddat,
198 259 222 305 nt
233 256 258 306 im
270 258 300 305 n.
317 257 401 306 Ettr'c.
417 257 498 306 dicitur
507 257 572 322 (cap.
585 256 622 321 6).
633 258 662 308 Et
676 258 728 309 idea
747 262 775 311 de
791 274 828 313 ra·

49 327 104 376 tinne
117 327 161 376 dani
173 329 253 379 timoris
269 342 316 378 nou
334 332 371 378 est
388 328 445 377 iilud
460 329 544 379 maium
560 329 621 393 qnod
636 331 730 395 respicit
748 333 826 395 timor,

50 399 86 445 sed
95 398 199 448 eminentia
209 398 269 449 iilius
279 399 350 459 boni,
366 400 456 449 scilicet
469 400 557 469 diuini,
574 400 640 464 cujus
651 406 763 464 potestate
778 405 824 453 ati-

50 470 100 528 rpmd
108 470 252 533 malumimdigi
263 474 350 535 petest.
364 471 410 521 Sed
423 485 476 536 spes
487 472 612 523 secandum
624 474 684 536 qudd
697 474 768 525 virtus
777 478 823 539 est,

51 540 127 602 respicit
138 554 177 590 uum
195 541 266 591 suidam
279 545 396 592 auctorem
409 543 477 607 huni,
497 544 536 593 sed
551 542 618 594 etiamn
632 542 707 608 ipsum
723 546 826 609 bonum,

48 608 69 654 in
82 615 174 670 quarum
185 616 218 661 est
227 626 274 661 uon
282 612 394 662 habitum.
404 614 433 661 ut
441 613 495 663 ideo
508 614 605 674 Cirristn,
617 614 656 677 qni
666 616 714 679 jain
723 617 822 668 hahebat

51 680 154 738 persenam
167 682 310 733 beatitudinis
318 684 415 747 bouum,
426 697 473 734 nou
485 684 613 735 attribuitur
623 685 696 736 virtus
707 686 766 751 spei,
781 688 823 738 sed

53 749 120 799 unum
130 752 215 803 timoris.

78 822 105 870 td
113 825 223 873 amandum
237 824 369 888 dicendum,
382 824 442 887 qudd
456 826 513 875 ratio
526 825 565 875 itta
577 826 679 891 procedit
691 827 719 877 de
735 827 824 889 timere,

52 894 150 943 murdim
159 896 216 959 qudd
228 896 322 959 respicit
332 896 448 959 objectum
460 898 519 960 qnod
532 901 568 946 est
581 897 674 947 maium.

72 964 99 1012 td
116 967 198 1016 tertium
212 968 347 1029 dicendum,
363 966 425 1031 qudd
437 968 539 1031 perfecta
558 967 658 1017 charitas
676 968 736 1019 iuras
754 967 825 1017 mittit

48 1031 133 1085 imorem
146 1038 263 1101 servitem,
280 1038 320 1101 qui
336 1039 431 1102 respicit
443 1039 600 1103 principaliter
614 1052 721 1103 poenam3
737 1038 771 1089 sic
785 1052 825 1088 au·
912 1084 913 1089 ,

48 1117 83 1152 aem
93 1107 152 1159 timor
165 1123 207 1160 nun
220 1110 266 1159 tuit
279 1109 304 1159 iu
318 1109 418 1160 Christe.

306 1286 469 1337 ARTICULUS
486 1287 535 1337 Vll.

124 1413 200 1457 Utra'rm
214 1412 242 1457 im
259 1412 354 1458 Christo
365 1412 459 1467 suerint
471 1412 556 1469 pratioe
568 1412 647 1469 pratis
662 1412 731 1457 datm.

74 1536 97 1582 td
110 1539 223 1601 septimum
240 1537 275 1588 sic
298 1537 480 1601 proceditur(t).
501 1537 595 1587 Videtur
610 1536 672 1600 qudd
691 1538 716 1585 in
735 1536 824 1588 Christo

49 1614 85 1651 nur
98 1606 171 1659 inerint
183 1608 263 1673 gratim
276 1609 346 1672 gratis
361 1609 427 1658 datae.
445 1607 471 1657 mi
488 1608 549 1657 enim
559 1608 598 1671 qui
607 1608 679 1657 habet
689 1606 774 1671 aliquid
789 1620 826 1657 se·

48 1676 126 1727 ramim
138 1682 316 1745 plenitudinem,
331 1692 378 1729 non
396 1680 502 1743 competit
523 1680 578 1729 illud
598 1680 683 1729 trabere
699 1678 825 1730 secuudirrn

48 1748 224 1815 participationem.
239 1753 285 1803 sed
299 1751 403 1802 Christus
411 1752 492 1800 habuit
503 1752 598 1814 gratiam
610 1751 736 1801 seeundum
750 1749 824 1815 pieni·

48 1821 139 1885 udinem,
149 1824 274 1875 secundina
289 1823 347 1873 illud
359 1824 443 1877 domn„
455 1823 462 1873 1
481 1838 487 1871 ε
505 1823 624 1872 «Plenum
636 1824 714 1885 gratiae
726 1826 750 1873 et
764 1821 824 1873 veri·

48 1890 94 1937 tans.
104 1910 116 1938 r
128 1895 207 1946 Gratim
220 1900 299 1945 autern
315 1894 386 1956 gratis
398 1894 456 1943 datae
468 1893 575 1943 videntur
588 1907 639 1944 esse
653 1894 756 1957 quadam
770 1906 823 1956 par·
912 1878 913 1933 Ῑ

49 1961 163 2023 rtaeipaticnes
175 1967 261 2017 divium
272 1965 364 2015 divisim
373 1968 397 2015 et
404 1964 570 2029 particulariter
585 1966 681 2016 diversis
692 1965 818 2027 attribute,
912 2006 913 2013 ,

51 2035 146 2085 *erundum
162 2038 218 2089 iliud
235 2039 255 2087 1.
279 2036 317 2086 ud
338 2038 408 2096 Cor„
429 2037 471 2086 xil
491 2050 497 2084 ε
518 2052 531 2082 c
550 2036 678 2087 divisiones
700 2034 822 2099 gratiarnm
880 2054 884 2061 ·
912 2014 913 2081 Ῐ

54 2108 110 2224 ³1th»
121 2109 177 2173 Ergo
188 2110 280 2161 ridetur
288 2108 350 2173 qued
363 2110 388 2158 in
399 2108 490 2159 Christo
504 2108 645 2159 meminerint
660 2107 737 2171 gratiae
753 2106 821 2169 gratis
912 2166 913 2175 J

59 2179 62 2194 ⁸
67 2193 72 2217 i

57 2209 212 2312 'mamurra
225 2252 288 2316 quud
302 2251 398 2301 debetur
409 2249 486 2311 alicui,
497 2262 543 2301 uum
555 2249 707 2300 videturesse
719 2246 788 2313 gratis
801 2245 824 2297 ei
912 2296 913 2303 ,

56 2312 114 2366 utrm.
125 2321 165 2373 Sed
179 2323 284 2374 debitum
298 2324 346 2371 erat
360 2320 566 2382 dominicarum,
584 2320 645 2383 qudd
663 2332 768 2371 sermone
785 2330 821 2366 sa·
912 2314 913 2329 ¹

55 2390 119 2442 iidie
131 2393 263 2445 ctscientiae
274 2393 410 2455 abundaret,
422 2396 446 2442 ct
458 2394 540 2455 potens
551 2394 611 2441 esset
622 2388 778 2441 invirtutibus
788 2387 823 2437 ia·
912 2382 913 2473 J

56 2454 116 2509 fiendis
126 2467 147 2513 ct
157 2466 181 2515 in
192 2466 246 2516 aliis
260 2464 411 2528 hujusmodi,
422 2476 472 2527 quaa
487 2462 600 2525 pertinent
614 2464 641 2513 ad
656 2462 740 2525 gratias
755 2459 824 2523 gratie
912 2480 913 2513 r

56 2522 110 2592 idria
122 2532 167 2586 ciam
180 2537 255 2601 «ipse
266 2536 297 2585 sit
310 2534 384 2584 virtus
395 2534 437 2583 Dei
451 2538 475 2583 et
487 2532 526 2582 Dei
539 2534 651 2597 sapientia
658 2570 667 2597 ,
676 2550 690 2580 n
702 2536 727 2581 ut
740 2530 824 2581 dicitnr
912 2562 913 2597 3

56 2592 69 2668 ¹:
78 2600 101 2645 nt
112 2603 171 2663 car„
184 2608 202 2657 1,
220 2608 282 2668 Ergo
295 2605 384 2655 Christe
395 2617 441 2655 nen
456 2604 500 2655 tuit
515 2604 654 2655 couveniens
667 2604 750 2653 habere
765 2613 822 2663 gra·
912 2618 913 2625 ¹

58 2669 235 2731 dimicemus.
912 2682 913 2733 3

82 2740 223 2812 ³·i’reterca,
243 2750 324 2813 gratie
345 2748 416 2812 gratis
433 2748 491 2799 datae
509 2744 641 2797 ordinantur·
656 2744 685 2795 ad
703 2741 823 2793 utilitatem
912 2770 913 2809 p

85 2881 106 2943 tt
116 2890 258 2942 nuseium
271 2895 314 2941 nn.
332 2893 424 2941 coena
438 2882 822 2977 nonr.,cap.1nn;aracvenc,
