1917 3317
136 154 180 201 toa
323 164 382 200 unns
398 164 435 208 ιιι,
451 161 547 204 numer.
563 160 629 209 nvn,
645 160 703 196 aur.
720 161 749 197 ιι.

133 239 208 303 ipsum
229 252 280 287 erse
299 238 416 301 personale
433 237 521 297 sortis,
537 248 590 286 ease
603 237 681 285 antem
699 234 847 299 capitatum,
859 238 882 284 et
909 260 913 268 ·

135 322 285 373 corporeum,
297 312 320 358 ol
335 320 386 371 esso
402 308 543 366 animatum,
558 309 633 356 totum
647 304 751 369 pertinet
770 306 803 355 arl
816 318 905 365 nnamr

135 391 215 431 sonam
227 379 312 441 Sortis3
323 383 347 429 ot
360 379 412 429 ideo
424 390 454 427 ex
468 377 575 427 omnibus
587 375 626 426 hir
640 388 687 426 non
702 376 730 425 itt
745 376 796 425 ulai
809 389 882 424 unum
902 400 906 408 ι

133 450 158 501 ln
176 450 250 500 Sorte.
263 451 290 499 nt
305 450 479 513 sicontlngeret
494 449 555 513 quod
569 451 623 512 nost
637 447 834 499 constitutionem
847 462 898 511 pers

134 520 221 583 sortis,
240 521 374 570 advenirent
390 521 450 571 Sorti
467 532 565 579 manns,
579 518 617 568 ael
630 518 723 581 pedes,
737 520 779 568 rel
799 520 861 570 oouli
879 523 904 580 l>

134 593 217 643 accidit
232 594 255 642 in
270 605 329 643 caero
343 595 413 653 nuto)
427 606 455 643 ex
468 591 505 641 his
518 604 566 640 non
581 595 726 640 aozresreret
740 592 808 642 Sorti
818 591 879 640 alind
892 609 904 637 ε

135 665 174 715 aed
195 665 269 715 solnm
286 664 365 715 relutio
382 664 485 726 qondam
499 664 527 712 ad
545 662 695 725 hujusmodi,
712 662 770 726 qula
787 662 879 713 soilirot
892 649 925 709 ll

137 740 201 787 retur
219 750 270 785 erse
284 748 331 785 non
344 735 417 785 solum
435 732 560 784 secunlum
579 745 607 781 ea
626 746 680 796 quae
699 733 769 795 prius
783 735 898 786 hahebat,
923 743 925 764 ¹

136 808 204 858 etiam
220 804 344 856 secuudum
357 818 384 855 ea
394 818 445 868 qnae
460 806 482 854 ei
490 804 639 868 postmodnm
652 804 817 855 advenerunt.
829 804 868 853 Sir
880 805 898 864 ig
923 817 925 820 ·

136 892 187 927 cunr
202 878 302 927 numana
316 879 395 925 natura
404 877 556 939 conjungatur
566 873 625 924 Filio
634 874 678 923 llei
688 874 847 938 hypostatioe
857 877 891 923 rol

137 948 245 998 sonaliter
258 948 266 1012 (
277 951 303 996 ut
318 946 386 1011 sopri
400 948 486 997 dictum
500 944 555 1008 est)
570 949 595 994 et
607 958 655 995 non
670 946 868 1005 accidentaliter,
881 963 898 992 o

136 1032 209 1081 nuens
224 1023 258 1068 est
273 1016 333 1081 quod
349 1017 476 1067 secundum
490 1018 615 1066 humanam
629 1020 741 1065 naturam
755 1031 806 1067 non
819 1019 892 1068 noser.

136 1102 223 1139 norum
240 1104 291 1138 esse
305 1088 437 1152 personale,
452 1088 494 1137 sed
513 1087 588 1138 solum
601 1100 663 1136 nora
678 1087 801 1139 habitudo
817 1104 870 1137 erse
881 1103 902 1149 ιν.

136 1160 195 1209 nulia
206 1158 373 1223 orneristentis
386 1160 414 1209 ad
428 1164 531 1208 naturum
550 1159 691 1221 humanam,
707 1161 738 1208 ut
751 1159 850 1209 soilioet
860 1173 904 1222 prr

136 1230 175 1280 illa
188 1230 237 1294 jam
247 1230 335 1280 dicutur
346 1231 472 1281 subsistere
483 1268 490 1293 ,
502 1242 547 1279 non
559 1228 634 1279 solum
649 1228 785 1280 secundum
798 1231 897 1281 dirinnn

100 1341 104 1349 .
137 1305 226 1362 turam,
241 1302 281 1352 sed
299 1302 369 1351 etium
383 1301 508 1351 secundum
519 1302 651 1350 humanam.

168 1373 201 1423 ad
214 1372 312 1436 primum
322 1385 376 1436 ergo
387 1373 522 1433 dicendum,
533 1371 593 1435 quod
601 1386 652 1420 erre
666 1372 841 1436 consequitur
851 1381 894 1423 nar·

138 1460 183 1498 non
197 1447 255 1497 siout
267 1447 391 1498 iubentem
404 1462 470 1506 esse,
480 1447 520 1497 sed
535 1445 595 1495 sicut
605 1457 650 1508 qua
662 1444 755 1507 aliquid
770 1452 827 1512 est;
842 1461 892 1511 ρει»

137 1524 213 1569 antero
229 1518 276 1568 sire
291 1518 432 1583 hypostasim
451 1516 606 1580 consequitur,
627 1515 688 1564 sicut
702 1516 841 1569 habentem
854 1532 904 1566 err-r

136 1589 188 1641 ideo
205 1589 278 1652 mugla
298 1589 382 1639 retinet
398 1588 510 1639 unitatem
532 1584 656 1637 secundum
670 1586 792 1637 unitatem
810 1590 901 1653 hyposn

138 1660 206 1723 quim
224 1661 306 1710 haheat
320 1660 449 1711 dualitatem
463 1656 587 1708 seonndlrm
601 1656 739 1706 dualitatem
757 1663 865 1710 natura.

171 1732 204 1780 lid
215 1732 340 1781 seeundum
354 1728 556 1793 dicendum,un
568 1727 687 1778 illuderse
700 1732 827 1781 eternum
844 1731 894 1781 Fun
904 1729 917 1774 l·

139 1801 198 1863 quod
214 1805 250 1850 ost
261 1801 338 1851 divina
349 1805 444 1862 natura,
460 1801 486 1851 iit
497 1816 549 1850 esre
558 1799 672 1859 hominis,
685 1797 709 1848 in
723 1806 853 1863 quantum
864 1805 911 1852 lum

139 1876 219 1920 natura
230 1872 353 1921 assumitur
367 1872 380 1921 i
394 1872 451 1922 lilio
462 1872 506 1922 liei
517 1871 660 1921 inunitatem
671 1883 796 1933 personas.

170 1943 203 1993 ln
223 1942 314 1991 tertium
334 1943 467 2007 dicendum,
486 1942 546 2006 quod
569 1946 627 1992 stout
639 1941 665 1991 in
677 1943 697 1991 l.
715 1948 789 2004 parte
816 1945 902 1995 (lictum

140 2014 198 2077 (qu.
218 2018 257 2073 ao,
271 2018 314 2063 nrt.
328 2018 340 2062 l
353 2014 373 2077 ),
389 2014 442 2077 qnia
455 2026 552 2078 persono
563 2012 641 2062 divina
655 2016 691 2063 est
702 2012 773 2063 idern
783 2028 847 2066 cnm
864 2025 911 2065 nnn:

140 2084 163 2133 in
178 2084 280 2148 personis
298 2084 383 2134 livinis
398 2098 443 2135 non
465 2091 503 2135 est
522 2084 583 2133 alind
595 2098 647 2133 erre
664 2095 775 2146 porsouae
798 2094 889 2150 prater
906 2107 913 2131 r

140 2158 241 2218 naturae3
259 2160 283 2206 et
303 2156 354 2205 ideo
371 2161 419 2205 tros
437 2169 541 2220 persona
559 2167 605 2206 nou
623 2155 711 2205 hahent
728 2155 783 2206 nisi
797 2172 877 2209 unum
900 2173 911 2190 ·

138 2226 253 2277 Haberent
260 2231 337 2279 autem
351 2227 434 2291 triplex
443 2243 502 2286 esre,
512 2227 532 2277 si
540 2227 566 2277 in
577 2226 611 2277 eis
622 2231 685 2277 esset
695 2226 761 2277 alind
773 2243 834 2280 esse
847 2244 906 2296 perf

139 2300 163 2347 et
174 2298 235 2348 aliud
248 2312 300 2347 esee
312 2303 408 2350 natura.

170 2370 204 2418 ld
219 2374 324 2433 quartum
334 2370 539 2433 dioeurlnm,quo‹l
553 2367 662 2419 animuin
676 2369 776 2421 Christo
791 2371 898 2423 datesrr

139 2440 203 2502 pori,
218 2439 243 2488 in
257 2444 369 2502 quantum
383 2441 438 2491 lacit
450 2441 527 2505 ipsum
546 2444 598 2489 actu
612 2439 754 2502 animatum,
772 2445 842 2504 quod
863 2455 896 2494 εει

140 2510 162 2560 ei
175 2511 371 2575 complementum
388 2517 475 2563 naturae
488 2516 512 2561 et
521 2511 674 2575 speciei.·Se‹l
684 2512 704 2561 si
714 2511 885 2576 intelligatur.

139 2581 271 2643 perlectum
285 2596 327 2647 per
344 2582 443 2631 animam
462 2586 546 2645 uosque
558 2583 679 2646 hypostasl
690 2583 793 2633 habente
817 2596 891 2635 utrnn

139 2654 183 2703 hoo
196 2660 269 2705 totum
282 2655 433 2717 compositum
443 2668 472 2703 ox
485 2654 561 2703 anima
573 2660 596 2703 et
608 2667 704 2718 corpore
719 2658 804 2717 (prout
813 2656 903 2721 signio·

140 2726 233 2777 nomine
247 2725 403 2783 humanitatis)
419 2738 465 2775 non
476 2725 616 2787 significatur
627 2730 652 2774 ut
663 2726 733 2790 quod
745 2730 797 2784 eat,
807 2729 855 2778 sed
872 2736 896 2777 ιιι

139 2794 240 2857 aliquid
259 2799 306 2845 est.
326 2797 355 2845 Et
378 2796 429 2845 ideo
447 2794 524 2859 ipsum
541 2800 642 2845 esseest
660 2810 766 2859 nemorum
785 2799 901 2849 subsiste:

140 2864 265 2919 secundum
284 2865 345 2928 quod
359 2865 428 2914 lubet
442 2866 599 2918 habitudinem
614 2868 643 2917 ml
656 2867 724 2919 talem
741 2873 855 2919 naturam
867 2887 874 2931 ;
889 2885 919 2926 ιε,
