1917 3317
156 216 172 263 o
265 225 373 263 sueonos
387 224 515 275 eunome,
533 224 627 269 oonsr.
644 225 734 276 cum,
750 227 805 264 aar.
822 228 840 264 r⁴

156 303 307 366 Philosophus
321 302 345 353 in
355 304 384 352 ll.
402 304 513 367 Metnplr.
532 304 597 362 (text.
614 304 647 359 tt
659 302 719 365 qudd
732 319 746 349 ιι
755 302 806 352 finis
818 305 943 369 contempl

156 374 225 425 tionis
238 377 272 424 est
283 374 375 423 veritas.
386 389 399 420 u
410 373 498 423 Veritas
508 379 583 423 autern
595 374 693 437 pertinet
704 375 731 423 ad
742 374 880 425 intellectum
891 378 946 427 tota

156 444 215 496 liter.
228 446 285 508 Ergo
304 444 392 496 videtur
408 444 469 509 qudd
484 444 530 495 vita
543 445 717 509 contemplativa
730 445 829 496 totaliter
841 446 865 496 in
883 446 943 498 inte

157 516 217 567 lectu
230 516 348 566 consistat.

190 593 213 638 2.
229 589 357 648 Preterea,
368 588 492 651 Gregorius
509 588 563 639 dicit
575 588 600 639 in
613 585 651 639 Vl.
667 588 755 638 llorol.
772 589 883 653 (utsup.)
895 592 946 653 qut

156 661 257 723 Rachel,
268 674 317 723 quie
333 660 494 723 interpretatur
504 678 517 708 ιι
531 661 604 710 visum
621 660 768 724 principium,
783 678 797 708 u
815 663 883 711 vitam
904 677 946 714 cor

158 732 314 796 temptativam
329 732 448 796 significat.
464 732 508 783 Sed
523 732 579 784 visio
594 733 700 798 principii
711 733 810 797 pertinet
823 734 921 797 proprie
941 753 946 786 ι

158 804 306 855 intellectum.
327 804 386 868 Ergo
405 804 452 853 vita
471 804 647 868 contemplativa
663 803 753 869 proprie
768 805 796 855 ad
814 805 945 858 intellectu

159 877 268 941 pertinet.

191 953 214 998 3.
233 949 355 1011 Praeterea,
376 947 496 1009 Gregorius
515 947 571 997 dicit
588 960 657 1011 super
676 948 762 997 llzeclr.
787 948 880 1012 (tromit.
908 954 946 1000 14

136 1020 140 1029 ’
161 1019 220 1083 quod
232 1037 245 1067 v
257 1020 284 1070 ad
298 1019 368 1069 vitam
383 1018 582 1083 contemplativam
600 1019 700 1083 pertinet
713 1021 741 1070 alr
755 1019 860 1071 exteriori
872 1022 946 1072 artior

160 1090 312 1155 quiescere.»
328 1091 370 1141 Sed
385 1091 421 1140 vis
433 1090 535 1140 allectiva
549 1090 596 1142 siue
611 1091 734 1155 appetitiva
750 1091 843 1141 inclinat
857 1093 884 1140 ad
897 1098 946 1145 ext

162 1163 232 1213 riores
256 1162 366 1211 actiones.
393 1162 452 1224 Ergo
476 1162 565 1212 videtur
581 1161 639 1225 qudrl
657 1163 705 1212 vita
726 1162 902 1227 contemplativa
925 1181 944 1217 n

163 1234 273 1300 pertineat
292 1234 444 1297 aliquomodo
459 1234 486 1282 ad
501 1233 548 1283 vim
562 1233 717 1297 appetitivam.

191 1306 233 1356 Sed
244 1311 322 1357 contra
332 1310 381 1365 est,
391 1304 450 1369 quod
461 1304 582 1366 Gregorius
594 1305 676 1354 ibidem
686 1306 754 1364 dicit,
764 1304 824 1368 quod
833 1322 846 1352 ι
855 1311 946 1361 conten

160 1376 244 1441 plativa
257 1378 301 1426 vita
316 1380 351 1427 est
364 1376 496 1426 charitatem
509 1375 554 1424 Dei
568 1379 591 1426 et
600 1376 696 1439 proximi
706 1379 754 1427 tota
764 1379 838 1426 mente
849 1377 945 1429 retiner

162 1453 185 1500 et
199 1450 239 1499 soti
250 1449 361 1499 desiderio
371 1448 493 1498 conditoris
502 1447 622 1498 inherere.
636 1449 703 1499 »Sed
713 1448 848 1499 desiderium
860 1452 883 1497 et
898 1463 946 1501 am·

162 1520 190 1571 ad
204 1520 250 1570 uim
262 1520 389 1570 affectivam
403 1519 452 1569 sive
466 1519 612 1583 appetitivam
630 1520 755 1584 pertinent,
771 1522 797 1569 ut
814 1519 881 1583 supra
895 1523 946 1574 hali

162 1596 210 1642 tum
230 1595 265 1642 est
285 1596 320 1652 tt,
335 1596 358 1654 2,
371 1606 410 1654 qu.
424 1594 469 1653 tt,
485 1595 527 1641 art.
541 1595 580 1652 3).
597 1592 656 1655 Ergo
675 1592 741 1642 etiam
762 1591 808 1641 vita
820 1594 945 1659 contempl

162 1664 208 1714 tiva
221 1665 288 1714 nabet
307 1662 390 1727 aliquid
403 1662 426 1712 in
438 1663 460 1711 ui
473 1662 576 1713 allectiva
589 1664 638 1715 sive
650 1664 785 1727 appetitiva.

194 1735 353 1798 (Coreunsro.
367 1734 539 1798 -Quanquam
554 1734 705 1787 essentialiter
724 1734 770 1784 vita
787 1737 945 1799 contemplati

164 1809 188 1859 iu
202 1821 269 1871 opere
283 1806 409 1857 intellectus
425 1807 547 1869 consistat,
563 1806 616 1871 qnia
630 1812 704 1857 tamen
719 1807 875 1870 uuusquisque
886 1810 945 1862 dele

165 1883 225 1930 tatur
239 1892 308 1943 quum
322 1882 358 1927 est
369 1878 465 1941 adeptus
475 1878 499 1928 id
510 1878 569 1941 quod
580 1883 649 1941 amat,
661 1878 715 1927 trino
725 1881 762 1929 est
775 1876 835 1940 dudd
849 1878 897 1928 vita
910 1896 944 1933 cor

163 1950 294 2013 temptativa
308 1950 336 1999 ad
350 1950 532 2015 delectationem,
543 1964 593 2014 quae
606 1950 633 2001 ad
643 1950 748 2001 allectum
765 1950 868 2015 pertinet,
885 1957 944 2006 term

164 2020 257 2073 metunt
538 2065 541 2073 .

194 2092 329 2156 Respondeo
349 2091 485 2157 dicendum,
510 2092 569 2156 dudd
591 2090 650 2143 sicud
673 2092 755 2142 dictum
771 2096 805 2143 ost
820 2092 873 2156 (qu.
897 2098 943 2149 171

165 2170 208 2216 art.
224 2165 265 2224 t),
278 2163 324 2212 vita
341 2165 518 2229 contemplativa
534 2165 623 2216 illorum
637 2177 688 2215 esse
698 2164 781 2215 dicitur
792 2165 831 2227 qni
840 2164 943 2233 principa

164 2236 216 2287 liter
225 2236 344 2284 intendunt
352 2236 536 2300 contemplationi
545 2235 655 2287 veritatis.
664 2236 762 2286 Intentio
770 2239 844 2286 antem
854 2241 943 2291 estant·

166 2306 302 2366 voluntatis,
313 2312 338 2355 nt
354 2320 420 2371 supra
433 2306 534 2357 traditum
547 2311 584 2357 est
596 2308 639 2368 (1,
652 2310 680 2366 2,
690 2321 729 2370 qn.
743 2310 786 2367 12,
799 2311 841 2356 art.
858 2308 898 2369 tt;
912 2326 942 2373 qu

166 2377 261 2428 intentio
277 2381 313 2426 cst
326 2378 354 2429 de
366 2378 426 2440 tine,
440 2378 479 2442 qui
491 2382 526 2429 est
537 2377 658 2427 voluntatis
671 2378 794 2441 objectum.
805 2379 833 2426 Et
847 2377 900 2427 ideo
916 2382 942 2436 vi

166 2448 353 2512 contemplativa,
369 2454 476 2513 quantum
491 2449 601 2513 adipeam
614 2449 735 2499 esmntiam
753 2449 899 2512 aetionis(1)‚
917 2461 942 2517 pa

166 2520 225 2571 tinet
245 2522 273 2571 ad
292 2521 441 2585 iutelectum3
454 2526 565 2587 quantum
581 2525 658 2573 ιιιιιιιιι
675 2522 702 2571 ad
719 2520 742 2572 id
762 2522 822 2584 qnod
836 2526 916 2572 movet
936 2537 941 2572 ι

165 2630 243 2680 Seni„
254 2630 306 2677 dist.
317 2630 360 2691 85,
375 2644 414 2689 qn.
427 2630 453 2691 1,
470 2636 513 2679 art.
524 2631 556 2685 ὓς
571 2636 594 2677 et
606 2643 646 2688 qu.
660 2630 690 2675 19
701 2663 708 2687 ‚
722 2630 750 2677 de
764 2632 845 2690 verit.²
859 2637 904 2676 art.
918 2632 941 2680 lt

167 2692 291 2826 &thim
305 2767 444 2825 operationis
457 2766 536 2823 iltius,
551 2778 602 2822 quar
618 2766 701 2811 dicitur
713 2765 924 2823 conumplotimn

168 2830 318 2886 contemplari
329 2836 365 2875 est
380 2830 456 2875 vidore
467 2840 520 2874 oum
529 2829 628 2885 quadam
641 2829 735 2885 speciali
747 2829 883 2881 attentione,
900 2780 940 2876 aaut

169 2890 375 3001 ἰιὲἰωίιιίἑεοίιιιὶιὶἰιιιίιιιιι
385 2892 498 2939 visionem
508 2892 615 2951 retertur,
625 2903 677 2948 quoa
685 2890 785 2937 maximo
795 2892 889 2937 altinum
900 2897 939 2939 ten
