1917 3317
128 176 153 212 ns
165 179 350 216 nsnrrusnrrnns
367 183 399 216 ru
415 182 510 219 srsrurr
525 181 700 218 sersoornunrr.
779 171 811 216 'li

42 249 98 298 eruti
107 251 135 302 rel
143 253 308 315 uiuidiorem,
318 256 408 317 quondo
420 254 552 317 religionem
560 255 724 318 ingrediuntur,
730 269 807 306 cumn

43 320 141 395 leporum,
152 328 175 374 ut
192 325 348 388 adipiscantur
359 327 517 389 perfectiorem
534 329 627 376 stolum.
642 327 706 377 Unde
716 340 747 377 ex
764 328 809 378 lroc

42 403 78 450 prr
89 395 205 445 mouentis
220 409 251 444 ex
266 401 332 459 perte
349 396 464 459 religionis
476 397 611 447 ostenditur.
626 397 652 446 ln
667 398 710 448 lroe
729 402 807 448 numm

40 461 84 521 quil
100 464 185 528 uligiosi
198 466 252 516 inici
265 471 412 516 assumuntur
421 467 446 516 in
459 467 588 518 clericatum
601 472 624 520 et
638 469 667 519 nd
679 481 758 518 meros
768 481 808 518 or·

42 532 102 594 diues,
115 537 225 588 manifeste
241 542 405 602 promoventur
419 532 554 601 ad'nrelius,
568 538 627 589 sieut
641 538 710 603 suprd
722 540 809 589 dietum

40 607 81 663 rst3
94 607 159 656 utlroo
172 608 301 660 ostenditur
311 622 340 659 ex
357 608 407 672 ipso
416 609 484 660 modo
496 609 619 673 loquendi,
633 609 685 660 sirm
699 609 808 673 llieronp·

43 685 85 751 nus
96 675 139 726 dirit
155 695 160 727 :
175 698 189 728 u
201 680 242 730 Sic
258 680 284 730 in
299 679 437 732 monasterio
454 679 521 742 rire,
534 685 562 730 nt
578 681 675 732 elerieus
695 693 747 730 esse
760 693 808 730 me

43 755 121 793 nrm.»

61 816 87 865 ld
99 819 193 880 quintum
207 822 345 882 uiuendum,
360 821 420 884 qudd
432 821 560 886 presbyteri
573 821 646 872 curati
658 826 683 873 et
698 821 808 872 orchidia·

36 886 74 961 rori
85 895 129 939 sunt
136 893 254 944 similiores
268 893 379 958 episcopis
392 893 458 957 quim
479 894 593 958 religiosi,
604 899 713 958 quantum
725 893 753 944 ed
765 893 808 944 eli·

33 958 89 1019 quid,
99 960 175 1012 scilieet
187 967 301 1026 mantum
320 965 349 1013 ad
362 977 437 1014 euram
453 965 588 1026 animarum,
598 977 666 1028 qnam
676 963 808 1015 seeundnrid

33 1029 114 1092 irrient3
127 1034 163 1083 sed
177 1039 289 1098 qnantum
305 1035 334 1084 nd
347 1039 480 1098 perpetuum
494 1035 655 1097 obligationem
669 1049 720 1098 que
733 1033 809 1097 requi-

33 1101 77 1146 ritur
86 1103 110 1150 ad
117 1107 194 1154 oletum
207 1105 375 1169 perfeetionis,
389 1105 509 1156 similiores
518 1111 572 1156 sunt
582 1106 689 1170 episeopo
699 1105 807 1168 religiosi,

35 1177 53 1218 rt
64 1175 157 1240 ersrprd
171 1177 238 1228 metis
251 1180 318 1240 petet
333 1177 384 1240 (ert.
396 1181 409 1226 5
422 1181 446 1228 ot
456 1179 492 1242 6).

55 1245 83 1292 ld
97 1251 178 1298 sertum
192 1249 327 1306 dicendum,
335 1247 398 1312 qudd
410 1249 531 1300 dildeultes
542 1263 593 1312 que
607 1251 646 1299 est
657 1261 687 1298 ex
698 1246 810 1298 arduitate

33 1314 93 1373 operis
105 1318 160 1368 eddit
174 1320 203 1371 ed
219 1321 387 1383 perlectionem
402 1319 509 1383 virtutis3
527 1320 649 1386 dillieultas
667 1323 744 1369 autern
757 1332 810 1381 que

35 1389 116 1461 prouenit
128 1404 154 1440 er
166 1391 320 1442 exterioribus
330 1391 510 1456 impedimentis,
522 1393 644 1456 quandoqn
656 1403 761 1454 rquruem
772 1406 809 1440 ur·

36 1459 97 1530 rrrnuil
111 1462 273 1524 perlectionem
297 1461 401 1525 virtutis,
414 1462 471 1527 pntd
488 1462 541 1514 eirrrr
559 1463 641 1526 aliquis
658 1476 704 1512 non
722 1460 809 1511 testim

37 1531 120 1604 virtutem
131 1539 189 1583 emat
199 1538 226 1584 ut
237 1533 402 1596 impedimenta
415 1534 506 1584 virtutis
521 1534 633 1584 declinere
647 1533 711 1591 uelit,
727 1544 811 1583 morn-

35 1595 78 1644 dun
89 1599 133 1650 illud
149 1605 269 1668 lpostoli,
284 1604 304 1654 l.
318 1603 353 1652 ud
369 1607 435 1662 Cor„
446 1605 476 1656 lii
495 1620 501 1654 ε
518 1622 532 1653 u
542 1603 622 1657 Omnis
636 1603 676 1668 qui
695 1603 721 1652 in
738 1614 811 1664 egone

33 1670 135 1734 contendit,
142 1677 168 1726 rh
174 1675 286 1730 omnibus
296 1687 321 1724 se
330 1675 456 1726 abstinet.»
465 1677 603 1739 Quandoque
612 1673 666 1726 rerd
674 1677 711 1724 est
719 1673 810 1736 signum

29 1740 147 1798 perfunderis
161 1746 272 1808 virtutis,
285 1745 341 1809 poti
350 1745 401 1796 sirm
418 1746 529 1798 alienior
544 1747 663 1810 inopinato
675 1745 713 1795 uel
725 1758 754 1796 ex
769 1757 810 1794 ne·

28 1812 110 1863 cessarie
125 1829 192 1868 eausa
210 1817 378 1881 impedimenta
395 1817 641 1880 virtulisoeourrnnt,
653 1820 744 1880 propter
760 1829 811 1878 que

29 1889 89 1931 terren
102 1884 209 1940 trireme
230 1902 281 1943 uon
300 1887 412 1952 declinet,
426 1889 451 1938 in
470 1892 531 1939 statu
549 1893 625 1939 numm
640 1885 756 1950 religionis
775 1890 812 1936 ost

29 1958 212 2013 irrepordiffieultns
226 1974 258 2011 ex
272 1959 384 2010 arduitate
397 1973 500 2023 opernm.
511 1959 556 2009 Sed
564 1959 589 2008 in
599 1958 636 2008 iris
645 1957 684 2020 qui
694 1957 719 2006 in
727 1956 811 2008 seculo

30 2025 94 2075 uiuunt
105 2032 309 2094 qualitercumque¹
324 2037 360 2080 est
373 2031 447 2094 molor
462 2031 582 2082 difficultas
596 2043 625 2080 ex
641 2027 812 2092 impedimentis

32 2095 109 2161 irruis,
120 2115 169 2166 qne
184 2102 291 2166 religiosi
305 2115 346 2166 per
355 2103 431 2152 omnin
444 2101 538 2167 prouidd
551 2102 688 2152 ritorerunt.

366 2284 452 2299 ...ό-ιι

231 2445 400 2518 dodillo
420 2445 594 2510 dlxxxv.

45 2579 67 2624 Β*
76 2593 242 2641 redimitum
251 2593 284 2638 ud
297 2596 387 2638 elotum
397 2593 580 2650 opiscoporum,
589 2591 619 2636 iro
632 2593 683 2636 outo
696 2590 814 2636 articulos

370 2661 459 2708 diuisa.

59 2806 131 2936 p{trude
142 2817 336 2869 musiderendnm
354 2822 390 2866 est
405 2814 432 2867 de
446 2815 482 2866 iris
494 2829 545 2880 quae
560 2816 672 2880 pertinent
685 2815 714 2866 ad
731 2817 814 2865 sulum

47 2892 56 2912 ⁴'
75 2894 176 2946 ildomm.
