1917 3317
156 219 201 272 itt
243 228 351 268 smnsns
366 225 494 278 muns,
512 226 608 274 uum.
622 225 752 278 annu,
766 225 821 266 sua.
836 225 859 264 n.

156 306 216 358 delia
225 307 252 356 ut
263 304 334 368 quieti
348 304 405 368 sitis,
417 307 440 356 el
452 307 479 356 ut
489 304 603 368 segnem
615 307 716 354 reanum
729 303 802 367 ugnus
811 315 819 362 ς
829 297 928 351 aalma:

158 395 172 426 u
186 377 287 428 llimissis
296 375 390 441 alienis,
401 377 459 440 guod
469 376 641 428 vobisutileest
649 375 858 428 inemendationem
865 371 929 420 risu.»

155 451 200 502 Sed
211 449 312 514 religiosi
328 449 455 514 spetialiter
469 453 589 500 amumuut
602 448 701 500 modium
714 445 873 503 emendationis
884 442 929 490 vila.

156 523 216 586 srgo
228 533 274 571 nen
286 521 370 572 delient
383 521 499 572 mumma
512 520 603 585 negotia
615 532 732 572 erereere.

185 596 210 644 8.
226 595 351 655 proterea,
362 605 431 656 snper
447 593 503 644 illud
518 594 623 652 diuite,
633 594 662 644 iil
677 608 683 641 ι
698 593 780 642 ollem
791 591 832 655 qui
847 584 930 639 modin

155 665 300 728 vestiuntur,
313 665 337 716 in
349 664 453 716 domibus
462 677 541 728 regum
549 668 615 727 mint,
628 664 704 714 »dieii
713 664 864 728 Hieronymus
874 675 879 708 :
890 655 930 732 elil

155 738 200 788 hoe
215 736 341 787 ostenditur
354 735 449 800 rigidam
462 735 547 798 ritem,
561 738 585 786 et
597 739 709 785 austeram
718 734 901 798 pradicationem,
909 740 932 803 r}-

155 811 204 860 tore
218 808 299 860 delere
318 807 380 858 anias
399 817 492 870 regum,
506 810 531 856 et
543 805 644 858 mollium
657 805 775 856 huminum
788 805 871 869 palatia
882 797 932 851 ded·

156 891 219 934 nom.
232 897 244 926 u
258 879 304 930 Sed
313 877 434 930 aeremitae
442 876 581 928 morsuum
591 877 732 941 negotium
742 877 827 941 legerit
835 871 931 945 nominent

157 952 186 1004 ed
197 949 385 1015 frequentandum
395 962 474 1014 regum
484 949 577 1014 palatia.
589 949 650 1014 Ergo
666 948 776 1000 nonlicet
788 945 895 1013 religios's
904 940 932 990 ²1¹·

156 1035 201 1087 qua
215 1023 306 1087 megella
319 1022 437 1074 saeoulmla
450 1024 596 1085 pertractare.

189 1095 234 1147 Sed
243 1098 375 1158 mamert,
387 1094 445 1158 qnod
458 1093 579 1158 spostolus
587 1092 641 1144 dioit
649 1093 684 1144 ud
695 1094 780 1148 lium„-
788 1095 832 1144 ult.
845 1090 931 1143 :aisn-

158 1167 240 1218 mendu
257 1167 322 1218 volis
338 1166 439 1217 Pirenen
451 1177 552 1216 mmmm
564 1169 678 1228 nmirum
692 1182 707 1212 n
719 1170 742 1217 et
760 1170 842 1230 postea
852 1158 932 1214 suedi:

161 1239 215 1288 ulit
223 1237 335 1290 assistetis
343 1237 365 1288 ai
374 1237 398 1286 in
409 1248 551 1300 murumque
564 1235 656 1300 negotio
669 1236 740 1288 uestri
755 1236 903 1300 indiguerit.»

192 1310 389 1374 (Connnnsro.-
398 1307 534 1373 cupiditatis
542 1320 625 1369 esum,
636 1307 746 1371 religiosis
761 1299 932 1360 nudatenuslirtl

158 1380 275 1434 aemularis
284 1393 363 1444 gerere
376 1379 479 1442 negotia,
490 1380 531 1431 sed
540 1392 569 1430 er
582 1380 716 1443 chamuto)

190 1453 325 1518 despondeo
333 1453 466 1514 dicendum,
475 1451 536 1515 quoe
547 1452 607 1502 sieut
618 1452 686 1516 sopri
696 1452 782 1502 dietum
792 1458 831 1504 est
840 1454 889 1516 ign.
898 1446 936 1498 ill,

159 1529 201 1576 ari.
221 1528 234 1576 d
253 1527 277 1575 et
296 1524 426 1586 l),statns
443 1522 560 1584 religionis
577 1527 616 1574 eet
627 1524 743 1575 ordinatus
756 1525 784 1574 ad
795 1522 938 1590 perfruiumur

159 1595 276 1648 chemtmis
287 1594 479 1659 consequendam.
496 1594 532 1648 sd
547 1607 616 1659 quam
634 1595 726 1658 quidem
738 1595 892 1660 principaliter
902 1599 936 1653 ps·

159 1668 217 1718 tinet
236 1667 276 1717 liei
288 1667 396 1730 dileetio,
408 1666 541 1718 secundarii
555 1671 631 1718 aulem
642 1668 732 1719 dileetio
747 1669 857 1734 proximi.
869 1668 894 1716 Et
905 1662 938 1737 idei

159 1737 261 1803 religiosi
273 1738 388 1803 precipui
401 1742 425 1790 el
434 1742 526 1804 propter
538 1752 564 1790 se
577 1739 660 1790 debent
671 1739 789 1792 intendere
801 1743 830 1792 ad
841 1743 884 1791 lieu
897 1745 935 1799 quor

160 1812 206 1862 ileo
225 1815 324 1875 racent3
339 1810 361 1860 si
373 1815 449 1862 antem
471 1809 596 1861 necessitas
613 1811 722 1874 proximis
736 1811 871 1876 immineat,
881 1813 938 1860 eorus

160 1879 289 1946 negotium
304 1883 412 1934 enaritate
427 1895 493 1945 agere
510 1882 602 1944 debent,
611 1883 735 1934 seeundum
748 1883 807 1937 illud
817 1884 855 1935 orl
865 1878 938 1933 Gelai-r

161 1954 208 2003 Vl:
227 1970 241 2001 «
256 1953 318 2004 Alter
328 1954 420 2004 alterius
435 1965 505 2004 onera
521 1956 624 2017 portale,
636 1957 660 2004 et
672 1954 707 2004 sie
718 1953 873 2020 adimplebitis
887 1954 936 2010 peges

161 2025 262 2088 Glrrisli3
275 2041 289 2072 s
304 2025 358 2090 qnia
378 2024 403 2076 lu
419 2026 463 2076 lma
478 2025 529 2088 ipsu
547 2025 608 2088 qnod
625 2026 735 2089 proximis
750 2027 856 2078 serrium
871 2022 936 2089 propit

162 2096 247 2157 ileum
258 2096 374 2147 dileetieni
392 2095 476 2148 divine
489 2097 652 2160 obsequuntur.
666 2097 730 2148 Unde
742 2097 826 2149 dieitur
846 2092 925 2149 lumi

163 2167 272 2230 ulieligle
286 2169 368 2219 munde
380 2173 403 2219 et
415 2167 558 2218 immaculata
569 2169 629 2231 upud
638 2169 710 2219 Deum
719 2173 741 2220 et
751 2170 846 2221 Petram
855 2164 937 2220 hecel

161 2238 253 2292 mitam
263 2239 360 2304 pupilles
372 2245 396 2291 el
406 2239 519 2290 viduaris
528 2239 673 2291 tribulatione
682 2252 771 2291 eorum
780 2257 796 2289 e
806 2243 888 2293 Gluese
898 2254 904 2287 :
913 2233 936 2282 «i

162 2314 212 2372 est,
227 2310 363 2363 Sneemrere
376 2311 411 2362 eis
425 2310 466 2375 qui
478 2314 556 2361 mrenl
567 2311 672 2375 praesidio
678 2348 688 2374 ‚
702 2312 846 2378 intempore
864 2320 936 2363 necess

162 2383 248 2434 tetis.»
264 2384 304 2434 Est
318 2397 372 2448 erge
389 2385 524 2444 denudum,
536 2384 598 2448 qudd
613 2398 682 2436 musa
694 2385 827 2449 rupiditatis
846 2375 936 2438 menei

163 2454 253 2518 negotis
270 2467 363 2518 gerere,
373 2465 418 2506 neu
429 2455 562 2520 monacbis,
579 2469 623 2506 nee
638 2457 729 2508 elarlms
741 2457 811 2522 liurt3
826 2471 896 2510 osma
909 2465 936 2502 vel

162 2525 279 2577 enumeris
289 2537 314 2579 se
329 2527 425 2590 negotiis
437 2527 596 2591 sacularibus,
607 2543 660 2579 eurr
673 2529 750 2580 debila
764 2524 935 2581 moderationel

162 2610 242 2662 gerere
256 2602 352 2662 pessunt
361 2599 484 2650 seeundum
494 2599 618 2662 superioris
630 2600 744 2652 licentium
751 2637 762 2664 ,
774 2600 802 2650 in
812 2601 935 2653 ministram

163 2673 186 2719 et
198 2669 325 2734 dirigendo.
340 2670 404 2721 llude
424 2669 506 2720 dieitur
519 2670 543 2719 iu
559 2672 672 2722 Decretis
687 2673 742 2723 dist.
758 2677 789 2722 88
805 2689 811 2723 :
830 2691 846 2722 u
862 2676 935 2723 Deciel

162 2741 446 2805 muumspuoduuuullnu
456 2743 565 2806 deinceps
575 2743 681 2794 oleriouru
689 2748 728 2794 aut
738 2746 900 2808 possessiones
910 2751 935 2790 nl

162 2811 258 2873 ducere,
273 2816 312 2862 sul
331 2813 428 2877 negotiis
444 2813 590 2864 sacularibus
608 2828 632 2865 se
646 2815 791 2876 immiscere,
809 2816 857 2866 nisi
875 2817 934 2880 prepi

160 2897 238 2936 omem
253 2888 293 2934 aut
306 2885 455 2950 pupillorum,
467 2892 508 2938 aut
522 2888 683 2953 orphanorum,
696 2893 737 2940 ant
749 2889 884 2952 uiduarum,
892 2891 929 2936 aut

163 2953 221 3005 lorti
236 2954 355 3021 episeopus
368 2956 465 3010 ciuitatis
478 2958 687 3012 mmmunoem
702 2973 777 3013 rernm
788 2960 934 3014 sollieitudinl
