1917 3317
280 200 314 235 nr
327 200 418 237 enarra
433 200 529 239 cuarsrr
536 226 545 253 ,
559 204 612 242 nrc.
805 199 851 245 355

351 383 510 435 numenius
522 385 550 435 ll.

50 504 135 551 Utriam
145 504 255 549 Christos
264 506 297 549 ait
305 510 376 563 eaput
388 505 520 561 hominum,
530 512 647 565 quantum
659 510 692 553 ad
700 523 806 567 corpora,
815 514 853 559 vel

268 570 345 613 sotum
356 572 473 626 quantam
484 570 517 615 ad
526 571 627 616 animos.

75 694 110 744 lid
123 693 249 743 semotum
262 693 295 743 sie
307 694 438 757 proceditur
449 696 493 758 (1).
502 696 596 746 Videtur
609 697 669 760 qnod
684 699 789 750 Christus
803 714 850 752 non

46 766 75 816 sit
82 767 154 829 eaput
164 764 293 827 hominum,
303 766 378 828 quoad
387 779 489 829 terpora.
500 768 604 817 Christus
613 769 673 818 enim
683 770 766 821 didm
775 776 853 836 eaput

47 836 176 892 Ecclesiae,
192 836 343 899 inquantum
359 837 436 885 inlinit
453 838 596 901 spiritualem
616 852 707 891 sensum
722 846 746 892 et
766 846 852 895 motum

48 908 122 972 gratim
139 909 165 957 in
187 908 325 958 Ecclesiam.
339 908 385 959 Sed
398 910 468 972 hujus
490 910 615 975 spiritualis
635 925 717 963 sensus
733 918 758 964 et
776 920 852 968 motus

49 992 117 1043 capax
130 991 179 1029 non
198 983 233 1029 est
244 992 335 1043 eorpus.
348 982 409 1043 Ergo
421 980 526 1031 Christus
543 996 589 1033 uon
603 987 639 1034 est
653 990 722 1048 caput
732 987 850 1038 hominum

49 1052 173 1102 meandum
187 1064 292 1115 torpore.

76 1128 102 1172 a.
113 1125 238 1184 Praeterea,
250 1124 373 1173 seeundum
385 1136 479 1187 corpora
493 1126 687 1177 communicamus
700 1140 753 1177 eum
766 1128 847 1179 brutis.

48 1194 141 1256 Siergo
157 1194 261 1245 Christus
275 1199 337 1245 esset
354 1200 423 1258 eaput
436 1196 556 1245 hominum
572 1200 681 1260 quantum
704 1200 730 1248 ad
746 1213 850 1264 corpora,

47 1268 181 1328 sequeretur
192 1264 253 1327 qued
264 1265 334 1315 etiam
343 1269 404 1316 esset
415 1270 483 1331 caput
493 1266 611 1317 brutomm
624 1266 755 1319 animalium
767 1286 772 1317 :
787 1273 849 1333 quod

46 1339 82 1385 est
93 1335 267 1387 inoonveniens.

76 1411 100 1455 3.
115 1410 241 1465 preterea,
250 1407 353 1459 Christus
361 1422 443 1473 eorpus
452 1422 520 1459 suum
529 1410 558 1459 ab
568 1410 619 1459 aliis
628 1410 758 1461 hominibus
770 1413 849 1476 traxit,

45 1482 71 1528 ut
91 1482 156 1542 patet
169 1479 272 1535 Melta„
289 1479 308 1528 l.
322 1482 347 1529 et
366 1481 439 1537 Lae„
453 1482 484 1531 lll
503 1482 548 1545 (t).
564 1482 608 1531 Sed
622 1484 691 1544 eaput
703 1486 737 1532 est
750 1484 849 1546 primum

44 1548 104 1599 inter
122 1553 204 1599 caetera
221 1550 336 1611 membra,
350 1555 376 1601 ut
389 1551 475 1601 dietum
496 1556 541 1601 est.
555 1551 616 1615 Ergo
629 1552 732 1602 Christus
753 1568 798 1603 non
813 1560 849 1604 est

44 1626 114 1686 eaput
127 1622 248 1681 Ecclesiae,
260 1626 370 1683 qnantum
391 1624 419 1673 ad
439 1636 543 1687 corpora.

74 1694 122 1744 Sed
138 1696 215 1742 eontra
237 1697 284 1752 est,
299 1695 359 1756 quod
375 1694 456 1745 dieitur
475 1695 587 1758 Potop„
608 1696 639 1744 lll
656 1708 662 1741 a
680 1712 694 1743 o
709 1694 849 1748 Reformahit

43 1764 269 1829 eorpnsonnititatis
279 1769 364 1815 nostran
374 1766 538 1829 configuratum
547 1766 635 1830 corpori
645 1767 756 1817 claritatis
769 1782 825 1819 suae.
836 1786 850 1817 n

79 1837 237 1898 (Coucnnsro.
251 1862 282 1873 -
298 1836 355 1885 Tota
375 1838 505 1887 humanitas
523 1836 610 1887 Christi
632 1839 657 1887 in
677 1850 755 1888 omnes
774 1839 852 1892 influit

42 1907 160 1968 homines,
171 1910 196 1957 et
205 1911 316 1969 quantum
328 1908 355 1957 ad
366 1908 477 1971 animam,
493 1914 516 1959 ει
526 1914 636 1971 quantum
650 1911 678 1960 ad
688 1924 780 1974 eorpus,
795 1912 851 1965 illud

42 1978 136 2043 quidem
148 1977 316 2042 principaliter,
327 1979 372 2029 hoe
384 1978 440 2030 rere
455 1979 613 2041 secundarie.)

72 2050 212 2113 Respondeo
229 2049 366 2111 dicendum,
380 2049 440 2113 quod
459 2064 542 2113 eorpus
560 2053 685 2101 humanum
698 2051 770 2102 hahet
785 2055 851 2103 natu·

42 2120 116 2171 ralem
132 2120 237 2171 ordinem
250 2121 280 2170 ad
293 2120 392 2171 animam
409 2121 610 2185 rationalemque
623 2125 658 2172 est
670 2123 762 2187 propria
779 2124 851 2174 terma

40 2193 95 2256 ejus
108 2194 131 2241 et
144 2196 228 2242 motor.
245 2191 274 2240 Et
284 2192 308 2242 in
319 2197 431 2256 quantum
446 2193 538 2255 quidem
552 2195 589 2243 est
603 2192 675 2243 iorma
690 2195 755 2258 ejus,
770 2195 851 2260 recipit

40 2263 70 2314 ale
87 2263 167 2313 anima
178 2263 248 2313 vitam
263 2267 286 2313 et
299 2271 392 2315 ceteras
410 2264 560 2327 proprietates
573 2265 736 2315 conuenientes
750 2267 850 2317 humano

40 2334 133 2399 oorpori
149 2333 276 2384 meandum
290 2348 355 2385 suam
370 2335 483 2399 speeiem;
494 2334 519 2383 in
532 2340 641 2399 quantum
656 2335 710 2386 vert>
725 2336 800 2385 anima
814 2338 851 2387 est

38 2411 121 2457 motor
142 2404 258 2469 eorporis,
278 2419 360 2471 eorpus
382 2407 586 2457 instrumentaliter
606 2407 676 2457 senuit
696 2408 790 2458 animae.
813 2407 852 2459 Sie

38 2490 97 2541 ergo
118 2477 242 2526 dicendum
264 2479 316 2535 est,
336 2476 398 2542 quon
420 2478 490 2528 habet
510 2478 558 2527 uim
586 2476 699 2528 inssneudi
722 2478 853 2529 humanitas

73 2592 116 2657 (1)
131 2597 165 2640 Ite
176 2596 213 2641 his
222 2597 291 2641 etiarn
305 2597 351 2655 111,
365 2597 419 2643 dist.
432 2596 471 2655 13,
487 2609 527 2653 qu.
542 2598 567 2655 2,
579 2602 623 2643 art.
634 2598 658 2655 θ,
672 2598 810 2653 questione.
821 2598 850 2655 3;

35 2664 62 2706 et
79 2659 112 2703 de
124 2658 205 2717 verit,
215 2670 255 2714 qu.
266 2658 306 2716 26,
320 2664 365 2703 art.
384 2658 409 2719 t,
425 2660 454 2705 ad
465 2659 491 2712 1;
508 2666 532 2706 et
545 2662 646 2719 Opoae„
660 2662 709 2719 LX,
725 2673 778 2718 cap.
791 2662 815 2708 3.

73 2726 112 2789 (2)
127 2730 155 2774 In
168 2729 229 2775 illius
239 2732 376 2789 genealogia
389 2744 459 2788 quarn
473 2736 570 2789 uterque
585 2732 705 2790 describit,
720 2733 763 2778 etsi
777 2734 853 2779 oliver-

38 2792 138 2839 simode
151 2804 179 2837 ae
194 2790 284 2838 (liverst
295 2795 365 2852 serie,
380 2801 406 2839 ut
418 2800 501 2851 postea
515 2796 605 2853 patebit
619 2806 663 2839 suo
680 2794 747 2853 loeo,
763 2796 851 2840 scilieet

38 2868 84 2914 qu.
104 2854 150 2910 at,
166 2860 210 2900 art.
229 2854 241 2899 t
257 2867 285 2900 au
304 2856 427 2915 deinceps,
447 2858 488 2903 ulai
507 2858 577 2903 etiarn
596 2857 716 2914 speciatim
734 2858 762 2902 tle
776 2858 852 2903 Adam

38 2930 72 2965 ae
92 2918 125 2963 de
140 2918 214 2963 llario
225 2930 253 2963 ae
263 2918 291 2963 (le
305 2919 433 2966 Abraham.
