1917 3317
219 147 251 184 nr
267 146 446 185 convnnmaura
462 146 657 186 mcaanamoms.
794 142 841 189 ἥδ

70 226 109 277 inntd
119 224 172 276 enim
187 223 274 278 offensa
286 226 321 273 est
332 224 436 285 gravior,
448 226 534 286 quanto
544 224 617 289 major
630 228 665 275 est
675 224 714 277 ilie
732 226 757 277 iu
767 240 839 292 quem

66 296 183 361 delinquitur.
197 295 263 345 Unde
283 294 383 358 oportuit
403 296 431 345 ad
449 295 583 358 condignam
601 298 796 361 satisfactionem,
814 304 841 351 ut

68 380 83 415 dd

85 373 110 418 ins
121 366 281 418 satisfacientis
294 366 388 417 haberet
399 366 524 417 efficaciam
539 367 658 429 infinitam,
670 374 750 433 utpote
761 371 802 421 Dei
814 375 839 423 ef

69 440 139 490 dominis
160 440 270 490 existens.
285 438 334 488 itio
352 440 420 489 modo
436 442 514 502 potest
534 439 580 489 dici
599 441 724 492 satisfactio
739 444 841 494 hominis

67 522 100 559 ese
117 509 226 560 sufficiens
247 508 395 573 imperfecte,
410 509 499 560 scilicet
520 511 644 559 secuudum
662 514 840 577 acceptationem

66 581 140 643 ejusqui
151 585 185 632 est
200 594 227 631 ea
245 585 380 641 contentus,
396 581 502 644 quamuis
514 594 561 631 non
576 582 607 632 sit
618 582 737 647 condigna.
755 586 783 634 Et
795 586 842 635 iuoc

67 654 115 701 nodo
129 652 250 703 satisfactio
270 652 321 716 puri
334 652 436 704 hominis
455 658 490 703 est
509 653 634 704 sufficiens.
655 655 684 704 itt
702 656 756 717 quia
772 670 842 708 omno

68 723 195 786 inperfectum
203 724 361 789 praesupponit
372 724 456 787 aliquid
467 725 601 788 perfectum,
611 724 624 775 ia
635 739 681 789 quo
690 731 840 789 sustentetur,

66 794 100 845 iude
113 796 215 861 estquod
228 795 303 847 omnis
316 797 368 859 puri
381 796 480 847 hominis
495 796 620 848 satisfactio
633 798 758 849 efficaciam
768 800 842 851 habet

64 866 221 919 isatisfaetiono
233 868 323 919 OEuristi.

84 942 107 990 td
117 942 207 991 tertium
220 939 350 1003 dicendum,
361 940 422 1005 qudd
436 942 497 991 Deus
510 942 646 992 assumendo
658 954 762 1004 munem,
776 956 841 993 suam

60 1014 182 1074 najestatem
194 1025 239 1063 non
253 1012 348 1072 minuit;
363 1017 387 1063 et
396 1026 436 1076 per
447 1025 589 1077 consequens
604 1026 650 1064 non
661 1013 771 1064 minuitur
781 1015 841 1066 ratio

61 1084 172 1135 reuerentiae
183 1084 211 1133 ad
223 1084 307 1147 ipsum,
319 1098 370 1147 qua
385 1088 480 1149 augetur
490 1098 531 1148 per
544 1088 692 1148 augmentum
706 1085 841 1149 cognitionis

61 1155 122 1217 ipsius.
136 1159 169 1207 Ex
187 1159 233 1207 hoc
254 1160 328 1207 autem
347 1156 408 1221 quod
427 1157 495 1208 nohis
515 1158 696 1222 appropinquare
713 1158 786 1207 voluit
799 1172 842 1221 per

60 1230 118 1279 aarum
129 1228 399 1294 assumptionem‚magis
408 1242 449 1279 nos
463 1230 491 1279 ad
505 1242 531 1280 se
547 1230 730 1293 cognoscendum
737 1228 839 1280 attraxit.

331 1407 491 1461 tinentiis
508 1409 547 1459 [ΙΙ.

94 1535 166 1580 dinem
174 1535 196 1581 ει·
205 1536 274 1581 domo
282 1546 330 1579 ιιοιι
339 1536 471 1592 peccasset,
482 1534 549 1579 Deua
562 1520 818 1589 incomotcafuiaaet,⁸

86 1660 114 1708 td
121 1662 205 1712 tertium
215 1661 249 1711 sic
258 1660 387 1725 proceditur
398 1660 441 1724 (f).
451 1659 612 1723 videturqudd
622 1659 642 1710 si
651 1662 720 1711 homo
730 1673 775 1710 non
786 1673 844 1724 pec·

61 1737 133 1796 nasset,
150 1733 298 1785 nihilominus
316 1734 375 1783 ficus
396 1732 526 1783 incarnatus
544 1732 633 1782 fuisset.
658 1733 764 1783 Maneute
781 1731 844 1783 enim

59 1812 215 1864 uansa,manet
230 1806 336 1856 effectus.
352 1805 414 1866 Sed,
430 1804 491 1854 sicut
512 1803 651 1867 Augustinus
666 1803 721 1854 dicit
740 1805 791 1854 xlii
812 1803 845 1853 de

63 1874 147 1937 futuit,
163 1880 231 1943 (cap.
245 1878 274 1927 tf
284 1876 305 1936 i,
319 1876 361 1925 alia
377 1876 446 1927 multa
457 1878 513 1925 sunt
525 1875 646 1938 cogitanda
660 1875 685 1925 iu
701 1873 785 1924 Christi
801 1876 841 1924 in-

62 1948 173 1999 carnatione
187 1952 270 2012 praeter
285 1946 448 1998 absolutionem
462 1948 474 1997 a
490 1950 598 2010 peccatoo
613 1944 737 2009 dequibus
755 1945 843 1994 dictum

64 2021 98 2062 est.
110 2018 160 2081 drgo
169 2020 257 2071 etiamsi
264 2022 332 2071 homo
343 2031 389 2070 nou
399 2024 529 2083 peccasset,
540 2020 600 2069 Deus
608 2017 738 2067 incarnatus
750 2016 841 2065 fuisset.

90 2091 111 2135 t.
122 2090 240 2155 Proteum,
255 2093 283 2142 ad
297 2089 484 2153 omnipotentiam
494 2090 577 2140 diuino
588 2090 680 2139 uirtutis
694 2088 807 2151 pertinet,
819 2089 846 2136 ut

67 2168 121 2214 fitia
139 2174 177 2213 sua
189 2164 307 2229 perficiat,
323 2166 347 2213 et
364 2174 389 2213 se
406 2161 538 2212 manifestet
554 2175 596 2225 pen
613 2162 711 2223 aliquem
730 2158 846 2209 infinitum

70 2228 160 2284 edentum.
171 2236 214 2286 Sed
224 2236 286 2287 nulia
299 2248 356 2299 pura
368 2237 470 2285 creatura
484 2237 561 2298 potest
568 2232 613 2283 dici
624 2231 730 2281 infinitus
739 2230 844 2293 effeetus,

73 2297 143 2353 sitcdp
161 2308 223 2359 finita
235 2321 277 2373 per
292 2320 356 2359 suam
375 2306 508 2357 essentiam.
523 2307 548 2355 in
562 2305 610 2355 soio
629 2308 704 2353 aufem
718 2316 787 2367 opere
803 2303 845 2352 in-

73 2375 181 2443 emtionis
194 2381 283 2431 uidetur
294 2379 408 2444 precipue
423 2376 565 2428 manifestari
578 2375 681 2426 infinitus
695 2374 790 2447 effectus
808 2371 845 2423 di-

74 2451 118 2513 dit
124 2451 219 2507 micantia
234 2454 293 2517 (per
303 2464 373 2515 quam
383 2452 405 2500 in
418 2450 531 2500 infinitum
544 2448 652 2499 distantia
664 2446 843 2510 conjunguntur,

74 2521 93 2555 ¹⁰
104 2524 190 2573 inanium
203 2524 336 2575 factumest
349 2521 409 2585 quod
418 2523 487 2572 homo
501 2524 562 2571 esset
574 2522 634 2569 Deus
644 2518 665 2583 );
679 2519 702 2567 in
717 2530 762 2581 quo
775 2517 845 2566 etiam

72 2592 127 2641 ‘iiie
136 2593 223 2647 maxime
237 2596 328 2647 videtur
338 2594 418 2659 perfici
428 2593 569 2654 uniuersum,
584 2604 626 2654 per
637 2588 844 2654 nmquodultima

109 2740 131 2805 ii
141 2753 178 2812 111,
191 2758 241 2807 anu
259 2759 286 2817 ι,
308 2772 351 2817 qu.
370 2756 401 2815 1,
415 2762 459 2803 ure.
481 2755 512 2811 e;
528 2759 552 2799 et
565 2756 612 2813 nv,
625 2752 679 2797 ansi.
696 2749 742 2803 ιι,
756 2753 800 2792 ιιι.
813 2746 848 2817 ²5

87 2812 189 2863 quum·
199 2821 224 2877 13
239 2827 264 2869 et
275 2824 305 2869 do
320 2822 401 2879 verit,
417 2832 458 2878 qu.
471 2819 502 2877 ii,
517 2814 638 2873 urt.t‚ad
650 2814 678 2865 33
689 2812 745 2856 etl.
762 2806 794 2852 od
808 2806 850 2850 Τι-

88 2870 149 2925 ”stu
156 2880 175 2941 Ι,
186 2883 236 2931 tect.
245 2886 267 2933 1.
