1917 3317
133 210 181 257 ιιι
326 220 387 257 rans
404 220 444 268 ιιι,
461 216 553 261 oum.
570 220 637 266 xxm,
653 178 707 255 sir.
724 221 743 255 1.

132 296 192 346 sium
211 293 406 344 Alexandrinum:
423 311 437 340 ι
453 295 517 353 Quod
534 293 604 355 dicit,
622 294 718 343 truisier
735 293 828 343 ulimm
838 292 898 341 istiu

134 380 189 429 me,
204 369 248 416 boc
268 378 313 416 non
331 370 381 425 est,
395 378 440 414 nou
457 366 565 414 adveniat
579 366 636 415 mibi
653 366 715 429 (nisi
733 366 796 416 euim
813 365 888 413 alien

134 438 250 488 transferri
266 452 311 487 non
326 438 421 501 polerit)
434 438 484 498 sed,
497 438 558 488 sicut
574 441 634 501 quoii
649 442 762 503 praeterit,
771 449 815 487 nee
829 436 900 485 iolas

135 513 170 560 est
188 522 229 557 uec
242 522 392 572 permaneus,
408 510 442 558 sie
456 510 564 560 Salvator
578 512 658 560 leuiter
674 512 822 560 invadentem
834 513 887 556 teob

135 594 189 631 uem
202 582 289 641 flagitat
310 582 371 644 pelli.
387 598 401 627 n
417 582 550 631 Ambrosius
561 588 639 631 autem
649 587 673 631 et
686 582 798 645 Origenes
809 581 900 629 elebo-

136 656 224 703 stomus
238 652 318 700 dicuat
330 652 389 715 qubd
403 652 470 702 «troc
480 654 548 717 petiit
561 655 627 717 quasi
643 656 728 715 bomo,
746 650 842 702 naturali
859 663 883 693 re

136 726 184 773 tate
198 726 291 772 mortem
305 736 420 772 recusans.
435 739 449 769 o
463 724 488 773 Si
500 738 554 786 ergo
567 725 708 787 intelligatur
720 725 782 789 qubil
796 722 896 787 petiens

138 796 183 845 boc
199 795 255 843 aiios
275 796 384 859 Martyres
408 808 454 845 sue
466 796 583 859 passionis
600 796 729 847 imitatores
743 794 808 856 lieri,
823 806 883 843 scius.

139 866 249 916 Hilarium
262 868 306 931 (ut
321 868 388 931 supra
398 868 417 929 ),
428 868 465 917 vel
479 869 499 917 si
513 869 580 932 petiit
598 869 662 933 quill
678 871 752 919 timor
765 866 857 916 bibendi
869 869 892 910 is·

141 952 193 988 eum
210 952 256 989 non
267 941 417 1003 perturbaret,
426 940 464 991 vel
477 940 537 1004 quiid
551 955 612 991 mors
627 955 681 991 eum
696 953 746 989 nou
757 938 878 990 debueret.
916 943 918 986 i

140 1010 196 1061 uiuo
211 1010 330 1075 impletum
345 1016 380 1061 est
397 1014 456 1075 quod
476 1011 566 1077 petivit.
584 1014 607 1062 Si
621 1012 677 1062 verb
699 1012 842 1075 intelligitur
855 1018 885 1072 ιιι·

141 1081 202 1145 qnid
223 1094 269 1131 uon
285 1083 373 1133 biberet
389 1084 480 1133 calicem
496 1084 575 1133 mortis
586 1088 609 1134 et
624 1083 758 1147 passionis,
778 1084 818 1132 vel
832 1081 883 1145 quil

140 1152 229 1203 biberet
245 1155 319 1217 insum
339 1154 351 1205 ιι
365 1154 461 1214 iudeis,
480 1168 526 1204 nou
536 1156 628 1218 uiridem
642 1156 782 1205 estfactum
798 1155 857 1218 qnod
870 1167 882 1212 ι·

142 1225 194 1289 quia
207 1226 264 1274 ratio
275 1240 325 1287 quae
334 1226 467 1289 petitionem
478 1227 710 1291 proposuit‚nolebet
718 1231 745 1275 ut
756 1229 802 1277 boc
810 1226 890 1287 impte-

142 1298 183 1348 sed
195 1296 223 1345 ad
237 1296 409 1346 instructionem
421 1300 519 1347 nostram
536 1299 627 1347 volebat
635 1300 798 1347 demonstrare
808 1298 870 1347 nubs
882 1309 888 1339 s

143 1367 285 1419 uoluntatem
307 1368 432 1418 naturalem
457 1372 481 1419 et
500 1374 588 1419 motum
613 1369 788 1432 sensualitatis,
806 1382 893 1435 quem·

143 1443 213 1493 bomo
223 1440 329 1491 babebat.

178 1514 209 1563 ad
223 1514 347 1563 secundum
361 1512 492 1576 dicendum,
501 1513 562 1577 quiid
576 1513 687 1563 Dominus
700 1526 749 1563 uon
764 1515 839 1565 oravit
850 1526 882 1576 nr

144 1584 212 1635 nibus
225 1584 409 1647 crucifixoribus,
420 1598 494 1647 neque
506 1585 575 1635 etiam
589 1599 631 1649 pro
645 1584 757 1635 omuibus
770 1586 812 1648 qui
825 1594 881 1635 ereo·

146 1657 213 1708 dituri
233 1656 257 1704 in
271 1670 338 1719 eum,
352 1656 394 1705 seli
408 1670 449 1719 pro
463 1656 501 1706 his
514 1657 586 1705 solum
605 1656 646 1717 qui
662 1661 730 1705 eraut
741 1657 886 1720 orsiesius:

144 1740 187 1791 per
201 1728 275 1791 ipsum
286 1731 358 1777 vitam
374 1732 566 1791 consequerentur
578 1731 697 1777 aeternam.

178 1800 242 1848 Unde
256 1800 374 1863 responsio
387 1800 414 1849 ad
425 1800 527 1849 tertium.

180 1869 213 1918 ild
235 1874 339 1932 quaestum
361 1870 499 1929 dicendum,
514 1869 574 1933 qubd
596 1882 647 1918 cum
670 1868 743 1931 licit,
760 1888 776 1918 ιι
795 1869 888 1919 mamas

147 1954 195 1991 nou
207 1942 316 1991 exaudies
331 1942 376 2005 (1),
394 1941 595 2004 »intelligendum
614 1944 649 1990 est
668 1945 785 2003 quantum
804 1943 832 1990 ad
851 1940 884 1988 ιιι.

146 2013 317 2075 sensualitatis,
332 2028 383 2077 quae
398 2020 494 2065 mortem
508 2014 646 2077 refugiebat3
660 2013 785 2063 exauditur
795 2018 895 2071 tamen-1

146 2086 195 2133 tum
207 2084 234 2134 ad
248 2086 353 2135 ellectum
366 2087 474 2148 rationis,
492 2089 519 2135 ut
530 2086 670 2136 dictumest.

405 2430 574 2501 blaseio
591 2428 696 2494 XXII.

225 2580 258 2621 De
271 2574 405 2620 sacerdotio
422 2573 530 2623 Cbru'stt',
543 2573 573 2618 io
586 2585 629 2617 rex
643 2572 769 2617 articulos
787 2573 879 2619 diuise.

179 2722 265 2773 beinle
278 2722 466 2773 considerandum
480 2726 516 2773 est
528 2723 557 2772 de
570 2720 697 2772 sacerdotio
710 2721 812 2773 Christi.

181 2794 211 2844 Et
228 2794 287 2843 circu
299 2795 343 2845 boc
353 2799 484 2857 quaeruntur
498 2808 539 2845 ser
553 2809 560 2844 z
575 2798 603 2843 1⁰
615 2791 698 2843 Uirium
713 2794 844 2846 conveniat
855 2793 891 2841 ιιι

182 2942 214 3005 (1)
230 2949 263 2991 lte
283 2947 372 2993 tibristo
392 2948 453 2993 enim
473 2948 522 2993 baec
540 2949 636 3007 intelligi
653 2954 721 3006 patet
740 2962 773 2997 ex
794 2952 838 2997 iltis
857 2950 918 2993 sei:-
