1917 3317
127 122 173 175 aaa
313 130 373 168 rans
389 130 416 167 ιιι
420 153 430 179 ,
446 130 539 175 onum.
555 129 621 175 nu,
634 129 695 168 auu.
714 131 756 167 un.

126 207 211 261 Christi
224 208 248 256 ιιι
263 205 445 257 commemoratio
457 208 616 268 peccatorum,
629 204 685 255 cium
701 206 814 257 dicitur:
828 225 845 257 ι
856 205 903 257 bini

127 281 193 331 uobis
213 278 287 329 debita
308 280 397 335 nostra,
415 277 550 332 subicito..
571 276 617 338 V13
632 276 739 327 offertur
753 278 829 329 ctiam
843 289 899 329 contr

127 350 262 401 sacrificinm
276 348 301 397 in
319 346 435 411 Ecclesia3
446 346 508 396 undo
521 349 544 395 et
555 346 640 397 uiridem
651 347 759 398 dicitnr:
774 366 790 397 u
798 352 885 401 Panem
895 367 904 382 ι·

125 427 185 473 trum
205 420 360 485 qnotidianam
378 420 406 468 da
420 418 486 469 nobis
507 417 585 469 bodie.
606 419 697 483 »Ergo
721 435 769 485 ρει
793 426 904 474 sacerdo.

127 494 212 546 Christi
227 507 273 543 non
284 491 403 555 expiantur
418 493 519 553 peccata.

159 572 182 617 3.
195 567 320 625 Praeterea,
332 562 357 612 in
371 564 441 611 veteri
452 563 502 625 tege
514 560 613 613 maxime
626 562 799 614 immolabatur
818 566 905 615 biron.s

127 641 222 705 peccato
238 636 363 701 principis,
376 634 415 683 rel
432 647 500 697 capra
517 648 558 698 pro
573 638 669 697 peccato
683 635 789 699 alicujus
810 639 842 689 de
855 655 888 701 pc·

129 712 168 760 vel
183 710 269 758 vitutus
282 720 323 770 pro
334 709 429 770 peccato
448 705 586 767 sacerdotis,
599 710 626 754 nt
642 710 708 769 patet
732 708 836 763 Lenit„
857 711 907 757 rt.-

130 782 234 833 Cbristns
249 779 305 831 nntli
324 780 404 829 borum
426 781 578 841 comparatur,
592 778 634 827 sed
654 791 734 841 agno,
750 781 897 831 secundinum

130 855 194 912 dea,
211 853 241 903 ιιι
260 867 267 901 :
290 868 303 898 n
317 852 363 913 Ego
382 849 449 913 qnasi
472 862 545 912 agnus
568 854 718 912 mansuetus,
732 852 777 914 qui
794 859 895 916 portatu

129 924 257 973 victimam.
268 939 281 970 ιι
293 922 352 984 Ergo
362 920 451 970 ridetur
460 922 518 985 qaod
532 920 584 984 ejus
593 920 750 971 sacerdotium
761 936 816 973 non
830 925 862 975 sit
875 948 895 973 ει

131 994 204 1047 tivum
217 999 370 1059 peccatorum.

164 1066 208 1115 Sed
219 1070 296 1116 contra
307 1068 342 1115 ost
351 1102 357 1127 ,
367 1064 427 1129 qnod
441 1063 563 1129 Apostolos
577 1062 632 1114 dicit
646 1063 781 1123 Hedr.,1X
796 1082 805 1115 ι
824 1085 841 1113 n
855 1069 888 1117 Sar

133 1138 225 1199 Christi,
240 1137 279 1201 qni
289 1151 331 1201 ρει
349 1137 458 1200 Spiritum
472 1139 577 1187 sauram
589 1136 693 1200 seipsum
709 1136 801 1188 obtulit
816 1138 883 1188 imma

132 1214 181 1261 tum
194 1212 249 1271 Deo,
264 1209 396 1259 emundabit
415 1207 577 1259 conscientiam
595 1213 697 1257 nostram
711 1209 742 1258 ab
757 1212 873 1275 operibns
890 1253 895 1258 .

132 1281 193 1342 tuis,
206 1282 232 1331 ad
246 1281 391 1331 serviendum
405 1281 452 1331 Deo
471 1279 568 1329 virenti.
581 1296 595 1327 ιι
609 1280 685 1342 Opera
699 1285 783 1330 autem
802 1289 885 1334 moron

133 1357 215 1403 cuntur
244 1357 347 1417 peccata.
370 1353 429 1415 Ergo
454 1350 608 1401 sacerdotium
629 1350 719 1401 Christi
738 1352 813 1403 babet
844 1356 884 1403 rin

133 1424 271 1475 emundandi
289 1428 391 1487 peccata.

168 1496 324 1561 (Concnusro.
335 1522 365 1531 —
373 1493 431 1546 edm
443 1494 527 1544 virtute
541 1492 626 1544 Christi
640 1492 722 1545 coliata
734 1494 810 1547 fucrit
822 1499 885 1548 nobi-
913 1507 915 1542 ι

134 1566 266 1619 tiricationis
288 1566 374 1629 gratia,
391 1570 414 1617 et
434 1566 538 1616 cbristus
557 1578 598 1631 pro
618 1565 687 1616 nobis
703 1565 774 1629 plene
792 1572 895 1619 satiris:
913 1589 915 1594 ·

135 1638 187 1703 ejus
203 1639 355 1689 sacerdotium
372 1637 462 1703 plenam
477 1636 525 1686 rim
538 1635 631 1701 peccati
641 1637 754 1701 expiandi
773 1640 881 1691 babuisse
913 1603 915 1688 i

137 1712 184 1760 tum
199 1710 262 1774 est.)

168 1783 304 1845 Respondoo
314 1782 434 1833 dicendum
442 1818 450 1844 ‚
459 1780 521 1844 quod
535 1782 562 1830 ad
574 1784 720 1844 peccatorum
730 1783 880 1845 periectamr
913 1801 915 1808 ·

137 1852 253 1903 dationem
267 1856 312 1904 dno
325 1854 480 1917 requiruntur,
501 1853 624 1901 secundnm
644 1854 706 1915 qnod
727 1854 775 1905 dno
789 1860 846 1904 sunt
860 1870 879 1902 ιι

138 1928 206 1985 cato,
220 1926 306 1975 scilicet
320 1926 409 1975 macula
423 1925 511 1988 culpe,
521 1928 544 1973 ει
554 1929 636 1974 reatus
649 1938 737 1987 poenae.
752 1926 844 1977 uacua
858 1943 884 1986 nn

137 1998 209 2061 culpan
224 1998 311 2047 delator
321 2012 362 2061 por
378 1998 548 2061 gratiamque
566 2010 606 2046 cor
620 1998 749 2059 peccatoris
764 2000 883 2049 consentit·

137 2068 222 2129 Deum3
237 2073 312 2119 reatus
321 2074 397 2119 antem
407 2080 480 2132 poenac
492 2069 590 2118 totaliter
600 2068 688 2117 tollitur
697 2082 740 2131 ρει
749 2071 797 2120 boc
809 2070 867 2133 qnod
879 2079 883 2114 ι

138 2140 185 2189 Deo
200 2140 309 2189 satisfacit
320 2141 365 2204 (t).
380 2141 505 2203 Utrumque
518 2143 593 2189 autem
612 2141 695 2189 borum
708 2139 783 2190 efficit
796 2142 891 2191 sacerdo¹

139 2210 243 2263 Christi:
259 2224 311 2260 nam
336 2210 419 2261 virtute
439 2210 527 2273 ipsius,
541 2210 613 2273 gratia
635 2210 701 2259 nobis
723 2212 802 2272 datur,
821 2226 885 2275 quai

139 2286 218 2332 nostra
241 2284 405 2333 convertuntur
426 2283 453 2332 ad
471 2282 559 2344 Deum,
577 2280 703 2332 secundnm
722 2281 781 2331 illud
801 2285 895 2336 Ronr.‚·

142 2354 289 2404 «iustificati
301 2354 369 2417 gratis
382 2367 423 2419 per
437 2354 531 2417 gratiam
548 2354 631 2416 ipsius,
647 2366 689 2415 ρει
699 2354 879 2418 redemptionem

140 2424 213 2477 estin
227 2425 315 2477 Christo
334 2426 404 2485 desa,
420 2438 489 2488 quern
508 2426 626 2489 proposuit
640 2424 700 2473 bens
720 2425 884 2489 propitiatore*

140 2496 208 2546 fidem
223 2496 248 2545 in
264 2496 374 2561 sangnine
388 2496 468 2559 ipsius.
484 2512 498 2543 ιι
514 2497 566 2560 ipse
579 2496 647 2547 etiarn
661 2509 704 2559 pro
717 2497 887 2561 nobisptcnari

139 2564 243 2631 tisiaco,
258 2568 281 2619 in
295 2571 405 2632 quantum
419 2567 470 2631 ipsc
486 2584 500 2615 n
513 2569 632 2631 languores
643 2571 735 2619 nostros
743 2568 809 2632 tulit,
826 2575 850 2619 ct
863 2570 892 2615 dn.
913 2603 915 2608 .

173 2667 206 2728 (ιι
222 2672 274 2715 Non
290 2670 453 2726 porticumque
469 2670 556 2729 modo,
570 2671 611 2715 sed
625 2670 654 2713 ud
672 2670 838 2725 aeqoabtatsna
852 2676 873 2712 rt
890 2680 896 2699 ν

142 2732 203 2778 tecte
213 2764 219 2787 ,
231 2734 267 2777 act
276 2733 299 2777 in
309 2733 352 2775 hac
362 2732 408 2776 vita
421 2737 534 2786 qnantum
547 2732 597 2778 ιιειι
610 2737 701 2789 potest,
712 2733 752 2778 net
767 2734 793 2777 iu
802 2736 890 2788 Purgrn

143 2793 163 2837 si
176 2795 278 2839 nondum
290 2792 357 2849 pleno
372 2793 424 2837 cdm
445 2790 483 2839 tato
502 2793 734 2852 circumsonarent,
748 2801 776 2839 ut
791 2808 836 2841 sno
855 2798 901 2839 ton·

143 2853 250 2909 protenso
265 2860 289 2899 ot
299 2852 440 2910 expressius.
