1917 3317
141 134 190 181 8³6
330 142 393 181 atas
408 144 451 193 ιιι,
467 143 563 189 otiosa.
578 142 646 193 nu,
663 144 721 181 m.
739 144 769 181 u.

173 220 217 270 Sed
228 222 306 270 contra
320 222 364 281 est,
375 220 435 283 quod
446 219 566 283 Apostolus
580 218 639 268 uicit
650 218 759 283 Euhias„
771 218 793 268 V
805 232 813 268 a
828 236 843 268 a
856 219 902 269 Chi

141 290 220 341 dilexit
239 304 296 352 uos,
309 293 331 339 et
346 289 436 339 tradidit
456 290 606 353 semetipsum
621 290 768 355 pronubis,
782 291 896 343 ohiatioiu

140 362 239 412 hostiam
255 361 300 411 Deo
317 362 340 410 iu
354 361 445 411 odorem
455 360 609 409 suavitatis.»

177 434 335 495 (Coucuusuo.
348 460 380 469 -
391 429 448 480 Cium
465 431 508 495 poi
525 431 645 480 Christum
661 431 753 483 ruerint
766 432 888 483 hominum

142 507 192 554 cata
210 505 297 566 deleta,
312 507 335 553 et
349 504 420 565 gratia
441 503 540 562 donata,
555 505 579 552 et
592 503 671 567 glorias
691 504 812 567 porieoh'o
830 507 897 555 hoto.

143 576 240 638 collata,
263 575 386 638 Christus,
406 574 430 623 iu
452 581 563 637 quantum
582 576 670 633 homo,
691 590 743 627 uou
763 576 838 629 modo
860 592 893 627 sa

142 646 205 709 fuit,
228 646 351 698 sedetiam
375 646 509 696 sacrifitium
528 650 551 697 et
569 647 647 697 hostia
669 648 797 712 perfecta,
811 664 855 713 ριο
870 667 891 713 ρ

142 719 264 780 videlicet,
276 717 370 782 paoitioa
384 720 407 767 et
420 718 604 781 holocaustum.)

176 791 310 854 Respondoo
320 789 449 851 dicandum,
463 790 523 853 quod
533 789 593 840 sicut
608 791 756 853 Augustinus
768 794 829 844 uicit
841 794 865 843 iu
877 795 892 842 X

145 862 225 913 Ct'vt‘t.
242 862 290 911 Dei
303 862 373 926 (cap,
390 862 432 927 5),
445 879 459 909 ι(
471 874 540 913 omno
553 862 693 911 sacrificium
704 864 827 926 visihilo,
841 867 892 915 ius}-

144 933 250 985 sacriheii
263 936 444 997 sacramentum,
461 932 547 995 idest,
562 946 654 983 sacrum
668 934 766 997 agnum
784 941 835 987 ost.
854 938 887 983 »t

144 1004 190 1055 hile
201 1008 275 1054 autem
286 1004 418 1054 sacrificium
434 1010 478 1067 est,
493 1018 534 1068 ρει
547 1006 607 1067 quod
617 1005 688 1055 homo
703 1007 757 1056 Deo
772 1008 898 1070 spirituo

145 1077 212 1127 offert
220 1114 228 1139 ,
244 1076 366 1127 secuudum
381 1077 436 1126 iliud
450 1076 547 1126 Psalm.
560 1076 579 1125 L
594 1091 599 1124 :
618 1076 795 1127 «Sacrificium
806 1081 855 1129 lieo
870 1094 886 1140 s,

146 1148 321 1198 contributatus.
337 1165 350 1195 u
364 1149 392 1197 ht
409 1148 460 1198 ideo
475 1161 542 1197 omno
563 1147 619 1197 iilud
643 1149 705 1211 quod
724 1150 778 1202 Deo
800 1153 888 1202 exhibo·

145 1222 190 1270 hoc
204 1220 262 1283 quod
282 1220 376 1283 spiritus
395 1220 492 1272 hominis
506 1220 592 1270 feratur
601 1219 627 1269 iu
640 1222 713 1269 heum
735 1227 820 1285 potest
835 1225 894 1273 diui·

145 1290 233 1341 tioium.
248 1290 337 1353 indiget
355 1292 424 1355 igitur
442 1292 512 1341 homo
528 1289 638 1341 sacrificio
657 1296 758 1355 propter
772 1294 821 1344 tria
837 1311 844 1343 :
858 1310 884 1342 uu

146 1361 197 1412 dom
210 1362 277 1412 modo
288 1397 295 1421 ‚
306 1363 332 1412 ad
346 1363 506 1413 remissionem
517 1366 616 1426 peceati,
626 1376 669 1427 ρει
679 1365 745 1425 quod
756 1364 833 1416 alteo
847 1380 891 1414 aua

146 1437 170 1483 et
180 1433 229 1485 ideo
241 1435 362 1497 Apostolus
376 1435 432 1484 dicit
441 1434 477 1483 od
492 1433 578 1490 fletu„
590 1434 617 1493 V,
630 1433 691 1496 quod
704 1436 734 1485 ad
750 1439 882 1488 sacerdote-1

145 1506 221 1569 tinet,
235 1524 249 1554 ι
262 1511 287 1555 ut
308 1506 388 1555 offerat
399 1507 457 1556 doua
471 1519 498 1555 ao
512 1504 619 1555 sacrificia
630 1518 673 1569 pro
685 1508 801 1568 peccatis.
814 1526 830 1555 u
842 1511 887 1558 Su·

132 1582 173 1627 'ut
189 1580 257 1629 homo
269 1578 292 1627 iu
303 1580 363 1627 statu
373 1578 450 1641 gratias
461 1580 619 1640 conservetur,
630 1590 725 1640 sempor
740 1579 792 1629 Boo
805 1579 885 1630 iuhau

147 1662 192 1712 quo
207 1652 257 1711 ejus
271 1662 316 1713 pax
325 1650 348 1698 et
364 1648 425 1699 salus
442 1648 560 1710 consistit3
574 1648 634 1697 uude
650 1651 673 1697 et
689 1648 715 1697 iu
729 1650 807 1700 veteri
822 1651 887 1713 tege)

146 1718 235 1768 labatur
245 1719 319 1769 hostia
331 1719 424 1783 pacitioa
435 1733 476 1783 ριο
487 1717 631 1769 offerentium
641 1718 729 1781 salute,
741 1726 770 1771 ut
779 1721 881 1770 hahetur
895 1745 899 1764 ι

147 1791 189 1844 111.
206 1790 291 1853 Tertio,
301 1791 330 1840 ad
344 1793 387 1841 hoo
402 1790 461 1855 quod
476 1792 570 1855 spiritus
587 1790 690 1841 hominis
708 1792 821 1855 ρειιεεῑε
837 1796 882 1842 Do.»

147 1866 193 1924 ior,
205 1864 267 1926 quod
277 1862 375 1917 mauimh
389 1865 433 1915 erit
442 1864 466 1913 iu
477 1864 561 1927 gloria3
575 1864 636 1913 uude
645 1867 670 1913 ot
679 1863 705 1912 iu
718 1866 799 1915 vetari
814 1866 865 1929 iege
876 1879 895 1914 o:

147 1932 215 1982 hatur
227 1934 385 1985 holocaustum
401 1935 466 1997 quasi
486 1953 499 1983 o
517 1939 592 1985 totum
607 1934 726 1983 intonsum
740 1934 791 1999 (t),
808 1953 825 1985 s
842 1942 866 1984 ut
880 1939 891 1980 «ξ

150 2004 242 2063 Lavit„
257 2005 275 2053 t.
289 2005 343 2054 Haec
359 2009 435 2055 autem
454 2018 496 2069 per
508 2004 674 2056 humanitatom
691 2004 782 2055 Christi
796 2007 866 2059 nohis
882 2023 896 2069 ρ

148 2072 231 2123 uiuat:
247 2087 300 2123 uam
314 2074 388 2139 primii
402 2076 495 2139 quidam
504 2080 582 2127 nostra
594 2077 689 2139 peccata
701 2074 781 2127 uateta
795 2083 866 2138 suut,
882 2093 889 2124 e

151 2142 204 2193 dhm
214 2144 271 2203 illud
287 2146 323 2195 od
341 2148 421 2203 Rom„
434 2148 463 2197 ltt
480 2162 486 2195 :
501 2164 515 2195 o
528 2148 633 2197 Traditus
645 2150 683 2197 ost
695 2151 796 2211 proptor
812 2149 893 2198 dolicha

150 2217 192 2265 ira.
207 2232 221 2263 u
236 2216 350 2279 Secundo,
369 2217 464 2279 gratiam
480 2231 523 2269 uos
537 2219 661 2267 salvantem
672 2231 715 2281 ρει
729 2218 809 2281 ipsum
820 2232 896 2280 acceo

149 2285 275 2335 secundiani
288 2286 343 2337 illud
355 2288 440 2345 Heba,
454 2288 492 2336 V:
505 2288 609 2338 «Factus
622 2292 658 2338 ost
672 2288 782 2339 omuibus
800 2290 899 2342 ohteuu-

148 2356 210 2407 t1hus
224 2357 280 2420 sihi,
301 2372 368 2409 causa
381 2360 461 2409 salutis
475 2363 573 2410 aeternae.
584 2377 598 2406 u
613 2358 707 2423 Tertio,
723 2373 766 2423 ρει
780 2360 860 2425 iusum
875 2377 889 2424 ρ

107 2436 113 2446 “
149 2426 237 2479 tionum
257 2430 333 2494 gioria
348 2430 423 2494 adepti
437 2443 529 2491 sumus,
545 2430 631 2489 Heba,
641 2430 680 2481 X:
699 2431 843 2482 «Habemus
857 2437 897 2480 ιιι,

149 2513 193 2564 ρει
207 2502 341 2565 sanguinem
355 2501 406 2565 ejus
416 2502 440 2551 iu
455 2502 574 2552 introitum
585 2502 735 2562 Sanctorum,
748 2517 763 2549 u
776 2502 867 2553 scilicet
878 2506 896 2549 iu

145 2571 208 2633 ¹riam
222 2575 347 2625 colestem.
361 2574 390 2623 Et
402 2574 456 2625 ideo
470 2576 520 2637 ipse
532 2573 646 2635 Christus,
654 2572 682 2623 iu
694 2576 812 2637 quantum
818 2575 900 2625 homo.

185 2715 220 2781 (t)
234 2722 269 2765 Ex
280 2732 353 2777 groeoa
365 2730 422 2763 voco
437 2718 573 2769 ὁλόκιιυστοι
579 2758 589 2786 ‚
600 2718 667 2775 quati
677 2718 783 2765 divisum
797 2717 849 2769 ὅλον
864 2738 906 2768 za·

151 2788 175 2835 id
189 2794 225 2835 est
238 2794 313 2901 togam
323 2791 461 2840 tuomum,
469 2790 520 2837 sivo
532 2788 703 2859 ὁλειάυτωμιι,
712 2795 742 2839 ιιι
752 2791 855 2839 hahetur
870 2805 904 2834 ιε.

152 2861 251 2904 eivers.
280 2890 287 2902 .
693 2878 695 2882 ·
