<?xml version="1.0" encoding="UTF-8"?>
<!DOCTYPE html PUBLIC "-//W3C//DTD XHTML 1.0 Transitional//EN"
    "http://www.w3.org/TR/xhtml1/DTD/xhtml1-transitional.dtd">
<html xmlns="http://www.w3.org/1999/xhtml" xml:lang="en" lang="en">
 <head>
  <title>
</title>
<meta http-equiv="Content-Type" content="text/html;charset=utf-8" />
  <meta name='ocr-system' content='tesseract 3.04.00' />
  <meta name='ocr-capabilities' content='ocr_page ocr_carea ocr_par ocr_line ocrx_word'/>
</head>
<body>
  <div class='ocr_page' id='page_1' title='image "./summatheologica02nicogoog_0239.png"; bbox 0 0 1917 3317; ppageno 0'>
   <div class='ocr_carea' id='block_1_1' title="bbox 625 132 1818 190">
    <p class='ocr_par' dir='ltr' id='par_1_1' title="bbox 625 132 1818 190">
     <span class='ocr_line' id='line_1_1' title="bbox 625 132 1818 190; baseline 0 -11"><span class='ocrx_word' id='word_1_1' title='bbox 625 132 726 180; x_wconf 70' lang='lat'><strong>2⁸2</strong></span> <span class='ocrx_word' id='word_1_2' title='bbox 1051 142 1174 180; x_wconf 72' lang='lat' dir='ltr'><strong>rna</strong></span> <span class='ocrx_word' id='word_1_3' title='bbox 1206 141 1291 190; x_wconf 85' lang='lat' dir='ltr'><strong>m,</strong></span> <span class='ocrx_word' id='word_1_4' title='bbox 1322 141 1513 187; x_wconf 67' lang='lat' dir='ltr'><strong>ouasr.</strong></span> <span class='ocrx_word' id='word_1_5' title='bbox 1549 142 1591 189; x_wconf 84' lang='lat'><strong>1,</strong></span> <span class='ocrx_word' id='word_1_6' title='bbox 1624 141 1734 179; x_wconf 67' lang='lat' dir='ltr'><strong>nr.</strong></span> <span class='ocrx_word' id='word_1_7' title='bbox 1766 142 1818 179; x_wconf 81' lang='lat' dir='ltr'><strong>v.</strong></span> 
     </span>
    </p>
   </div>
   <div class='ocr_carea' id='block_1_2' title="bbox 620 216 1917 2931">
    <p class='ocr_par' dir='ltr' id='par_1_2' title="bbox 624 216 1903 342">
     <span class='ocr_line' id='line_1_2' title="bbox 631 216 1903 281; baseline -0.002 -10"><span class='ocrx_word' id='word_1_8' title='bbox 631 224 679 271; x_wconf 88' lang='lat' dir='ltr'><strong>et</strong></span> <span class='ocrx_word' id='word_1_9' title='bbox 705 217 929 269; x_wconf 78' lang='lat' dir='ltr'><strong>veritatis.</strong></span> <span class='ocrx_word' id='word_1_10' title='bbox 957 234 987 266; x_wconf 72' lang='lat' dir='ltr'><strong>n</strong></span> <span class='ocrx_word' id='word_1_11' title='bbox 1018 219 1138 280; x_wconf 77' lang='lat' dir='ltr'><strong>Ergo</strong></span> <span class='ocrx_word' id='word_1_12' title='bbox 1176 217 1383 268; x_wconf 89' lang='lat' dir='ltr'><strong>Christus</strong></span> <span class='ocrx_word' id='word_1_13' title='bbox 1410 216 1438 267; x_wconf 69' lang='lat' dir='ltr'><strong>a</strong></span> <span class='ocrx_word' id='word_1_14' title='bbox 1470 216 1903 281; x_wconf 72' lang='lat' dir='ltr'><strong>principiohumani</strong></span> 
     </span>
     <span class='ocr_line' id='line_1_3' title="bbox 624 289 987 342; baseline -0.006 0"><span class='ocrx_word' id='word_1_15' title='bbox 624 292 722 342; x_wconf 89' lang='lat' dir='ltr'><strong>buit</strong></span> <span class='ocrx_word' id='word_1_16' title='bbox 742 289 987 340; x_wconf 84' lang='lat' dir='ltr'><strong>incarnari.</strong></span> 
     </span>
    </p>

    <p class='ocr_par' dir='ltr' id='par_1_3' title="bbox 620 360 1917 914">
     <span class='ocr_line' id='line_1_4' title="bbox 686 360 1917 425; baseline -0.002 -12"><span class='ocrx_word' id='word_1_17' title='bbox 686 362 773 413; x_wconf 87' lang='lat' dir='ltr'><strong>Sed</strong></span> <span class='ocrx_word' id='word_1_18' title='bbox 805 367 960 413; x_wconf 80' lang='lat' dir='ltr'><strong>contra</strong></span> <span class='ocrx_word' id='word_1_19' title='bbox 1003 365 1101 425; x_wconf 86' lang='lat' dir='ltr'><strong>est,</strong></span> <span class='ocrx_word' id='word_1_20' title='bbox 1129 362 1251 425; x_wconf 81' lang='lat' dir='ltr'><strong>qnod</strong></span> <span class='ocrx_word' id='word_1_21' title='bbox 1284 360 1448 412; x_wconf 84' lang='lat' dir='ltr'><strong>dicitur</strong></span> <span class='ocrx_word' id='word_1_22' title='bbox 1478 362 1675 421; x_wconf 66' lang='lat' dir='ltr'><strong>Galat„</strong></span> <span class='ocrx_word' id='word_1_23' title='bbox 1702 362 1763 411; x_wconf 90' lang='lat' dir='ltr'><strong>IV</strong></span> <span class='ocrx_word' id='word_1_24' title='bbox 1802 376 1815 411; x_wconf 71' lang='grc' dir='ltr'><strong><em>ε</em></strong></span> <span class='ocrx_word' id='word_1_25' title='bbox 1850 377 1877 409; x_wconf 73' lang='grc' dir='ltr'>α</span> <span class='ocrx_word' id='word_1_26' title='bbox 1903 361 1917 410; x_wconf 76' lang='lat' dir='ltr'><strong>l</strong></span> 
     </span>
     <span class='ocr_line' id='line_1_5' title="bbox 623 433 1917 499; baseline -0.002 -15"><span class='ocrx_word' id='word_1_27' title='bbox 623 435 856 499; x_wconf 82' lang='lat' dir='ltr'><strong>plenitudo</strong></span> <span class='ocrx_word' id='word_1_28' title='bbox 883 435 1126 498; x_wconf 64' lang='lat' dir='ltr'><strong>temporis»,</strong></span> <span class='ocrx_word' id='word_1_29' title='bbox 1157 433 1280 484; x_wconf 87' lang='lat' dir='ltr'><strong>misit</strong></span> <span class='ocrx_word' id='word_1_30' title='bbox 1305 434 1426 483; x_wconf 87' lang='lat' dir='ltr'><strong>Deus</strong></span> <span class='ocrx_word' id='word_1_31' title='bbox 1454 433 1621 483; x_wconf 83' lang='lat' dir='ltr'><strong>Filium</strong></span> <span class='ocrx_word' id='word_1_32' title='bbox 1658 447 1795 483; x_wconf 86' lang='lat' dir='ltr'><strong>suum</strong></span> <span class='ocrx_word' id='word_1_33' title='bbox 1825 433 1917 484; x_wconf 78' lang='lat' dir='ltr'><strong>fact</strong></span> 
     </span>
     <span class='ocr_line' id='line_1_6' title="bbox 625 504 1917 569; baseline -0.003 -13"><span class='ocrx_word' id='word_1_34' title='bbox 625 506 761 566; x_wconf 82' lang='lat' dir='ltr'><strong>licre,</strong></span> <span class='ocrx_word' id='word_1_35' title='bbox 797 506 967 556; x_wconf 76' lang='lat' dir='ltr'><strong>factum</strong></span> <span class='ocrx_word' id='word_1_36' title='bbox 1002 506 1085 555; x_wconf 88' lang='lat' dir='ltr'><strong>sub</strong></span> <span class='ocrx_word' id='word_1_37' title='bbox 1119 506 1235 568; x_wconf 86' lang='lat' dir='ltr'><strong>lege.</strong></span> <span class='ocrx_word' id='word_1_38' title='bbox 1268 520 1295 551; x_wconf 85' lang='lat'>»</span> <span class='ocrx_word' id='word_1_39' title='bbox 1330 505 1416 554; x_wconf 88' lang='lat' dir='ltr'><strong>Ubi</strong></span> <span class='ocrx_word' id='word_1_40' title='bbox 1456 504 1565 554; x_wconf 87' lang='lat' dir='ltr'><strong>dicit</strong></span> <span class='ocrx_word' id='word_1_41' title='bbox 1601 504 1788 566; x_wconf 86' lang='lat' dir='ltr'><strong>Glossa,</strong></span> <span class='ocrx_word' id='word_1_42' title='bbox 1817 504 1917 569; x_wconf 72' lang='lat' dir='ltr'><strong>quo«</strong></span> 
     </span>
     <span class='ocr_line' id='line_1_7' title="bbox 623 574 1917 641; baseline -0.002 -14"><span class='ocrx_word' id='word_1_43' title='bbox 623 578 839 641; x_wconf 86' lang='lat' dir='ltr'><strong>temporis</strong></span> <span class='ocrx_word' id='word_1_44' title='bbox 866 581 938 628; x_wconf 88' lang='lat' dir='ltr'><strong>est</strong></span> <span class='ocrx_word' id='word_1_45' title='bbox 968 594 996 624; x_wconf 78' lang='grc' dir='ltr'><strong>α</strong></span> <span class='ocrx_word' id='word_1_46' title='bbox 1024 577 1143 640; x_wconf 90' lang='lat' dir='ltr'><strong>quod</strong></span> <span class='ocrx_word' id='word_1_47' title='bbox 1169 574 1442 640; x_wconf 69' lang='lat' dir='ltr'><strong>praefinitum</strong></span> <span class='ocrx_word' id='word_1_48' title='bbox 1471 575 1563 625; x_wconf 77' lang='lat' dir='ltr'><strong>fuit</strong></span> <span class='ocrx_word' id='word_1_49' title='bbox 1585 574 1612 625; x_wconf 72' lang='grc' dir='ltr'>ὲ</span> <span class='ocrx_word' id='word_1_50' title='bbox 1636 576 1731 625; x_wconf 86' lang='lat' dir='ltr'><strong>Deo</strong></span> <span class='ocrx_word' id='word_1_51' title='bbox 1754 580 1888 627; x_wconf 82' lang='lat' dir='ltr'><strong>Patre</strong></span> <span class='ocrx_word' id='word_1_52' title='bbox 1910 592 1917 624; x_wconf 76' lang='grc' dir='ltr'>ι</span> 
     </span>
     <span class='ocr_line' id='line_1_8' title="bbox 620 648 1917 712; baseline -0.001 -14"><span class='ocrx_word' id='word_1_53' title='bbox 620 653 739 698; x_wconf 89' lang='lat' dir='ltr'><strong>teret</strong></span> <span class='ocrx_word' id='word_1_54' title='bbox 767 649 933 698; x_wconf 85' lang='lat' dir='ltr'><strong>Filium</strong></span> <span class='ocrx_word' id='word_1_55' title='bbox 964 662 1115 698; x_wconf 90' lang='lat' dir='ltr'><strong>suum.</strong></span> <span class='ocrx_word' id='word_1_56' title='bbox 1146 664 1173 694; x_wconf 84' lang='grc'>»</span> <span class='ocrx_word' id='word_1_57' title='bbox 1194 649 1280 698; x_wconf 85' lang='lat' dir='ltr'><strong>Sed</strong></span> <span class='ocrx_word' id='word_1_58' title='bbox 1303 648 1422 698; x_wconf 89' lang='lat' dir='ltr'><strong>Deus</strong></span> <span class='ocrx_word' id='word_1_59' title='bbox 1450 661 1532 698; x_wconf 85' lang='lat' dir='ltr'><strong>sua</strong></span> <span class='ocrx_word' id='word_1_60' title='bbox 1561 648 1787 712; x_wconf 78' lang='lat' dir='ltr'><strong>sapientia</strong></span> <span class='ocrx_word' id='word_1_61' title='bbox 1814 661 1917 699; x_wconf 89' lang='lat' dir='ltr'><strong>omn</strong></span> 
     </span>
     <span class='ocr_line' id='line_1_9' title="bbox 623 720 1917 784; baseline -0.001 -14"><span class='ocrx_word' id='word_1_62' title='bbox 623 721 742 784; x_wconf 86' lang='lat' dir='ltr'><strong>Ergo</strong></span> <span class='ocrx_word' id='word_1_63' title='bbox 772 720 1201 770; x_wconf 81' lang='lat' dir='ltr'><strong>convenientissimo</strong></span> <span class='ocrx_word' id='word_1_64' title='bbox 1234 723 1438 783; x_wconf 82' lang='lat' dir='ltr'><strong>tempore</strong></span> <span class='ocrx_word' id='word_1_65' title='bbox 1479 720 1601 769; x_wconf 85' lang='lat' dir='ltr'><strong>Deus</strong></span> <span class='ocrx_word' id='word_1_66' title='bbox 1640 724 1713 770; x_wconf 89' lang='lat' dir='ltr'><strong>est</strong></span> <span class='ocrx_word' id='word_1_67' title='bbox 1754 720 1917 769; x_wconf 80' lang='lat' dir='ltr'><strong>incarn:</strong></span> 
     </span>
     <span class='ocr_line' id='line_1_10' title="bbox 624 791 1917 856; baseline -0.001 -14"><span class='ocrx_word' id='word_1_68' title='bbox 624 793 902 842; x_wconf 81' lang='lat' dir='ltr'><strong>conveniens</strong></span> <span class='ocrx_word' id='word_1_69' title='bbox 927 805 1017 842; x_wconf 87' lang='lat' dir='ltr'><strong>non</strong></span> <span class='ocrx_word' id='word_1_70' title='bbox 1038 791 1125 842; x_wconf 85' lang='lat' dir='ltr'><strong>fuit</strong></span> <span class='ocrx_word' id='word_1_71' title='bbox 1151 791 1273 856; x_wconf 78' lang='lat' dir='ltr'><strong>quod</strong></span> <span class='ocrx_word' id='word_1_72' title='bbox 1301 791 1326 841; x_wconf 67' lang='lat' dir='ltr'><strong>a</strong></span> <span class='ocrx_word' id='word_1_73' title='bbox 1348 791 1579 855; x_wconf 83' lang='lat' dir='ltr'><strong>principio</strong></span> <span class='ocrx_word' id='word_1_74' title='bbox 1606 793 1793 843; x_wconf 85' lang='lat' dir='ltr'><strong>humani</strong></span> <span class='ocrx_word' id='word_1_75' title='bbox 1820 806 1917 856; x_wconf 70' lang='lat' dir='ltr'><strong>gen«</strong></span> 
     </span>
     <span class='ocr_line' id='line_1_11' title="bbox 623 868 899 914; baseline 0 -1"><span class='ocrx_word' id='word_1_76' title='bbox 623 868 899 914; x_wconf 83' lang='lat' dir='ltr'><strong>carnaretur.</strong></span> 
     </span>
    </p>

    <p class='ocr_par' dir='ltr' id='par_1_4' title="bbox 623 934 1917 1286">
     <span class='ocr_line' id='line_1_12' title="bbox 687 934 1892 999; baseline 0.001 -14"><span class='ocrx_word' id='word_1_77' title='bbox 687 935 1003 999; x_wconf 73' lang='lat' dir='ltr'><strong>(Coucnnsro.</strong></span> <span class='ocrx_word' id='word_1_78' title='bbox 1022 963 1087 973; x_wconf 89' lang='lat'>—</span> <span class='ocrx_word' id='word_1_79' title='bbox 1102 936 1201 985; x_wconf 89' lang='lat' dir='ltr'><strong>Non</strong></span> <span class='ocrx_word' id='word_1_80' title='bbox 1224 936 1377 986; x_wconf 80' lang='lat' dir='ltr'><strong>decuit</strong></span> <span class='ocrx_word' id='word_1_81' title='bbox 1404 935 1431 985; x_wconf 70' lang='lat' dir='ltr'><strong>a</strong></span> <span class='ocrx_word' id='word_1_82' title='bbox 1452 934 1683 999; x_wconf 84' lang='lat' dir='ltr'><strong>principio</strong></span> <span class='ocrx_word' id='word_1_83' title='bbox 1701 936 1892 986; x_wconf 87' lang='lat' dir='ltr'><strong>humani</strong></span> 
     </span>
     <span class='ocr_line' id='line_1_13' title="bbox 624 1006 1917 1071; baseline 0 -16"><span class='ocrx_word' id='word_1_84' title='bbox 624 1010 861 1071; x_wconf 85' lang='lat' dir='ltr'><strong>peccatum</strong></span> <span class='ocrx_word' id='word_1_85' title='bbox 883 1008 1033 1056; x_wconf 90' lang='lat' dir='ltr'><strong>Deum</strong></span> <span class='ocrx_word' id='word_1_86' title='bbox 1058 1006 1311 1066; x_wconf 85' lang='lat' dir='ltr'><strong>incarnari,</strong></span> <span class='ocrx_word' id='word_1_87' title='bbox 1342 1020 1446 1056; x_wconf 85' lang='lat' dir='ltr'><strong>cum</strong></span> <span class='ocrx_word' id='word_1_88' title='bbox 1475 1019 1567 1056; x_wconf 92' lang='lat' dir='ltr'><strong>non</strong></span> <span class='ocrx_word' id='word_1_89' title='bbox 1592 1007 1723 1056; x_wconf 87' lang='lat' dir='ltr'><strong>detur</strong></span> <span class='ocrx_word' id='word_1_90' title='bbox 1745 1006 1917 1057; x_wconf 69' lang='lat' dir='ltr'><strong>medici]</strong></span> 
     </span>
     <span class='ocr_line' id='line_1_14' title="bbox 623 1078 1917 1143; baseline 0.001 -16"><span class='ocrx_word' id='word_1_91' title='bbox 623 1078 738 1141; x_wconf 89' lang='lat' dir='ltr'><strong>mis,</strong></span> <span class='ocrx_word' id='word_1_92' title='bbox 765 1091 851 1128; x_wconf 86' lang='lat' dir='ltr'><strong>nec</strong></span> <span class='ocrx_word' id='word_1_93' title='bbox 879 1079 1033 1128; x_wconf 88' lang='lat' dir='ltr'><strong>statim</strong></span> <span class='ocrx_word' id='word_1_94' title='bbox 1062 1082 1163 1143; x_wconf 87' lang='lat' dir='ltr'><strong>post</strong></span> <span class='ocrx_word' id='word_1_95' title='bbox 1190 1081 1454 1143; x_wconf 83' lang='lat' dir='ltr'><strong>peccatum,</strong></span> <span class='ocrx_word' id='word_1_96' title='bbox 1480 1082 1531 1127; x_wconf 90' lang='lat' dir='ltr'><strong>ut</strong></span> <span class='ocrx_word' id='word_1_97' title='bbox 1555 1078 1691 1128; x_wconf 88' lang='lat' dir='ltr'><strong>homo</strong></span> <span class='ocrx_word' id='word_1_98' title='bbox 1710 1091 1794 1143; x_wconf 91' lang='lat' dir='ltr'><strong>per</strong></span> <span class='ocrx_word' id='word_1_99' title='bbox 1822 1092 1917 1142; x_wconf 69' lang='lat' dir='ltr'><strong>pec«</strong></span> 
     </span>
     <span class='ocr_line' id='line_1_15' title="bbox 623 1149 1917 1212; baseline 0 -14"><span class='ocrx_word' id='word_1_100' title='bbox 623 1149 761 1199; x_wconf 83' lang='lat' dir='ltr'><strong>liatus</strong></span> <span class='ocrx_word' id='word_1_101' title='bbox 789 1154 1132 1212; x_wconf 81' lang='lat' dir='ltr'><strong>recognosceret</strong></span> <span class='ocrx_word' id='word_1_102' title='bbox 1152 1164 1200 1201; x_wconf 90' lang='lat' dir='ltr'><strong>se</strong></span> <span class='ocrx_word' id='word_1_103' title='bbox 1236 1151 1479 1201; x_wconf 82' lang='lat' dir='ltr'><strong>liberatore</strong></span> <span class='ocrx_word' id='word_1_104' title='bbox 1500 1149 1735 1212; x_wconf 84' lang='lat' dir='ltr'><strong>indigere,</strong></span> <span class='ocrx_word' id='word_1_105' title='bbox 1765 1151 1847 1200; x_wconf 86' lang='lat' dir='ltr'><strong>sed</strong></span> <span class='ocrx_word' id='word_1_106' title='bbox 1876 1150 1917 1199; x_wconf 85' lang='lat' dir='ltr'><strong>in</strong></span> 
     </span>
     <span class='ocr_line' id='line_1_16' title="bbox 624 1220 1623 1286; baseline -0.002 -15"><span class='ocrx_word' id='word_1_107' title='bbox 624 1220 841 1285; x_wconf 90' lang='lat' dir='ltr'><strong>temporis</strong></span> <span class='ocrx_word' id='word_1_108' title='bbox 860 1259 871 1280; x_wconf 92' lang='lat'>,</span> <span class='ocrx_word' id='word_1_109' title='bbox 895 1223 1015 1283; x_wconf 89' lang='lat' dir='ltr'><strong>quod</strong></span> <span class='ocrx_word' id='word_1_110' title='bbox 1048 1223 1103 1272; x_wconf 85' lang='lat' dir='ltr'><strong>ab</strong></span> <span class='ocrx_word' id='word_1_111' title='bbox 1142 1225 1315 1273; x_wconf 82' lang='lat' dir='ltr'><strong>aeterno</strong></span> <span class='ocrx_word' id='word_1_112' title='bbox 1344 1220 1623 1286; x_wconf 81' lang='lat' dir='ltr'><strong>disposuit.)</strong></span> 
     </span>
    </p>

    <p class='ocr_par' dir='ltr' id='par_1_5' title="bbox 620 1292 1917 2931">
     <span class='ocr_line' id='line_1_17' title="bbox 687 1292 1917 1358; baseline 0.002 -17"><span class='ocrx_word' id='word_1_113' title='bbox 687 1292 960 1355; x_wconf 84' lang='lat' dir='ltr'><strong>Respondeo</strong></span> <span class='ocrx_word' id='word_1_114' title='bbox 993 1293 1265 1356; x_wconf 83' lang='lat' dir='ltr'><strong>dicendum,</strong></span> <span class='ocrx_word' id='word_1_115' title='bbox 1303 1293 1424 1358; x_wconf 79' lang='lat' dir='ltr'><strong>quod</strong></span> <span class='ocrx_word' id='word_1_116' title='bbox 1462 1292 1567 1342; x_wconf 80' lang='lat' dir='ltr'><strong>cum</strong></span> <span class='ocrx_word' id='word_1_117' title='bbox 1596 1305 1713 1357; x_wconf 87' lang='lat' dir='ltr'><strong>opus</strong></span> <span class='ocrx_word' id='word_1_118' title='bbox 1742 1293 1917 1343; x_wconf 75' lang='lat' dir='ltr'><strong>incarn:</strong></span> 
     </span>
     <span class='ocr_line' id='line_1_18' title="bbox 624 1363 1917 1429; baseline 0.001 -15"><span class='ocrx_word' id='word_1_119' title='bbox 624 1363 830 1428; x_wconf 85' lang='lat' dir='ltr'><strong>cipaliter</strong></span> <span class='ocrx_word' id='word_1_120' title='bbox 863 1364 1097 1414; x_wconf 75' lang='lat' dir='ltr'><strong>ordinetur</strong></span> <span class='ocrx_word' id='word_1_121' title='bbox 1130 1365 1183 1416; x_wconf 88' lang='lat' dir='ltr'><strong>ad</strong></span> <span class='ocrx_word' id='word_1_122' title='bbox 1214 1364 1545 1429; x_wconf 82' lang='lat' dir='ltr'><strong>reparationem</strong></span> <span class='ocrx_word' id='word_1_123' title='bbox 1572 1366 1784 1415; x_wconf 86' lang='lat' dir='ltr'><strong>humanae</strong></span> <span class='ocrx_word' id='word_1_124' title='bbox 1818 1369 1917 1415; x_wconf 85' lang='lat' dir='ltr'><strong>natt</strong></span> 
     </span>
     <span class='ocr_line' id='line_1_19' title="bbox 624 1435 1917 1504; baseline 0.001 -18"><span class='ocrx_word' id='word_1_125' title='bbox 624 1436 715 1486; x_wconf 82' lang='lat' dir='ltr'><strong>cati</strong></span> <span class='ocrx_word' id='word_1_126' title='bbox 742 1435 1059 1496; x_wconf 83' lang='lat' dir='ltr'><strong>abolitionem,</strong></span> <span class='ocrx_word' id='word_1_127' title='bbox 1088 1437 1374 1504; x_wconf 74' lang='lat' dir='ltr'><strong>manifestum</strong></span> <span class='ocrx_word' id='word_1_128' title='bbox 1408 1441 1478 1488; x_wconf 86' lang='lat' dir='ltr'><strong>est</strong></span> <span class='ocrx_word' id='word_1_129' title='bbox 1504 1436 1623 1500; x_wconf 78' lang='lat' dir='ltr'><strong>quod</strong></span> <span class='ocrx_word' id='word_1_130' title='bbox 1655 1449 1747 1486; x_wconf 90' lang='lat' dir='ltr'><strong>non</strong></span> <span class='ocrx_word' id='word_1_131' title='bbox 1778 1437 1868 1487; x_wconf 87' lang='lat' dir='ltr'><strong>fuit</strong></span> <span class='ocrx_word' id='word_1_132' title='bbox 1898 1452 1917 1487; x_wconf 81' lang='lat' dir='ltr'><strong>c</strong></span> 
     </span>
     <span class='ocr_line' id='line_1_20' title="bbox 622 1507 1913 1573; baseline 0.002 -16"><span class='ocrx_word' id='word_1_133' title='bbox 622 1507 847 1573; x_wconf 86' lang='lat' dir='ltr'><strong>principio</strong></span> <span class='ocrx_word' id='word_1_134' title='bbox 893 1507 1082 1557; x_wconf 85' lang='lat' dir='ltr'><strong>humani</strong></span> <span class='ocrx_word' id='word_1_135' title='bbox 1113 1508 1320 1570; x_wconf 83' lang='lat' dir='ltr'><strong>generis,</strong></span> <span class='ocrx_word' id='word_1_136' title='bbox 1352 1512 1455 1558; x_wconf 86' lang='lat' dir='ltr'><strong>ante</strong></span> <span class='ocrx_word' id='word_1_137' title='bbox 1497 1511 1732 1571; x_wconf 82' lang='lat' dir='ltr'><strong>peccatum</strong></span> <span class='ocrx_word' id='word_1_138' title='bbox 1766 1509 1913 1560; x_wconf 90' lang='lat' dir='ltr'><strong>Deum</strong></span> 
     </span>
     <span class='ocr_line' id='line_1_21' title="bbox 625 1580 1917 1643; baseline 0.002 -14"><span class='ocrx_word' id='word_1_139' title='bbox 625 1581 791 1643; x_wconf 77' lang='lat' dir='ltr'><strong>ruisse3</strong></span> <span class='ocrx_word' id='word_1_140' title='bbox 827 1593 918 1631; x_wconf 86' lang='lat' dir='ltr'><strong>non</strong></span> <span class='ocrx_word' id='word_1_141' title='bbox 945 1580 1066 1631; x_wconf 86' lang='lat' dir='ltr'><strong>euim</strong></span> <span class='ocrx_word' id='word_1_142' title='bbox 1095 1582 1224 1631; x_wconf 86' lang='lat' dir='ltr'><strong>datur</strong></span> <span class='ocrx_word' id='word_1_143' title='bbox 1253 1580 1473 1630; x_wconf 85' lang='lat' dir='ltr'><strong>medicina</strong></span> <span class='ocrx_word' id='word_1_144' title='bbox 1500 1580 1586 1630; x_wconf 88' lang='lat' dir='ltr'><strong>nisi</strong></span> <span class='ocrx_word' id='word_1_145' title='bbox 1607 1580 1707 1643; x_wconf 85' lang='lat' dir='ltr'><strong>jam</strong></span> <span class='ocrx_word' id='word_1_146' title='bbox 1728 1580 1917 1633; x_wconf 85' lang='lat' dir='ltr'><strong>infirmis</strong></span> 
     </span>
     <span class='ocr_line' id='line_1_22' title="bbox 624 1652 1917 1717; baseline 0.001 -15"><span class='ocrx_word' id='word_1_147' title='bbox 624 1652 850 1704; x_wconf 85' lang='lat' dir='ltr'><strong>Dominus</strong></span> <span class='ocrx_word' id='word_1_148' title='bbox 880 1652 1083 1716; x_wconf 62' lang='lat' dir='ltr'><strong>Matth„</strong></span> <span class='ocrx_word' id='word_1_149' title='bbox 1114 1653 1199 1715; x_wconf 87' lang='lat' dir='ltr'><strong>IX,</strong></span> <span class='ocrx_word' id='word_1_150' title='bbox 1231 1652 1379 1702; x_wconf 85' lang='lat' dir='ltr'><strong>dicit:</strong></span> <span class='ocrx_word' id='word_1_151' title='bbox 1413 1669 1439 1700; x_wconf 76' lang='lat' dir='ltr'><strong>n</strong></span> <span class='ocrx_word' id='word_1_152' title='bbox 1466 1654 1567 1703; x_wconf 91' lang='lat' dir='ltr'><strong>Non</strong></span> <span class='ocrx_word' id='word_1_153' title='bbox 1593 1656 1663 1703; x_wconf 87' lang='lat' dir='ltr'><strong>est</strong></span> <span class='ocrx_word' id='word_1_154' title='bbox 1696 1666 1817 1717; x_wconf 90' lang='lat' dir='ltr'><strong>opus</strong></span> <span class='ocrx_word' id='word_1_155' title='bbox 1845 1654 1917 1703; x_wconf 76' lang='lat' dir='ltr'><strong>val</strong></span> 
     </span>
     <span class='ocr_line' id='line_1_23' title="bbox 623 1724 1917 1787; baseline 0.002 -13"><span class='ocrx_word' id='word_1_156' title='bbox 623 1724 750 1787; x_wconf 85' lang='lat' dir='ltr'><strong>dico,</strong></span> <span class='ocrx_word' id='word_1_157' title='bbox 787 1725 865 1774; x_wconf 88' lang='lat' dir='ltr'><strong>sed</strong></span> <span class='ocrx_word' id='word_1_158' title='bbox 899 1725 1017 1775; x_wconf 84' lang='lat' dir='ltr'><strong>male</strong></span> <span class='ocrx_word' id='word_1_159' title='bbox 1044 1724 1344 1787; x_wconf 81' lang='lat' dir='ltr'><strong>habentibus3</strong></span> <span class='ocrx_word' id='word_1_160' title='bbox 1375 1738 1465 1775; x_wconf 87' lang='lat' dir='ltr'><strong>non</strong></span> <span class='ocrx_word' id='word_1_161' title='bbox 1495 1724 1617 1775; x_wconf 88' lang='lat' dir='ltr'><strong>enim</strong></span> <span class='ocrx_word' id='word_1_162' title='bbox 1646 1725 1754 1773; x_wconf 87' lang='lat' dir='ltr'><strong>veni</strong></span> <span class='ocrx_word' id='word_1_163' title='bbox 1778 1739 1917 1776; x_wconf 83' lang='lat' dir='ltr'><strong>vocar</strong></span> 
     </span>
     <span class='ocr_line' id='line_1_24' title="bbox 621 1795 1909 1860; baseline 0.002 -15"><span class='ocrx_word' id='word_1_164' title='bbox 621 1799 897 1860; x_wconf 79' lang='lat' dir='ltr'><strong>peccatores.</strong></span> <span class='ocrx_word' id='word_1_165' title='bbox 929 1813 956 1843; x_wconf 73' lang='lat' dir='ltr'><strong>n</strong></span> <span class='ocrx_word' id='word_1_166' title='bbox 980 1796 1067 1846; x_wconf 86' lang='lat' dir='ltr'><strong>Sed</strong></span> <span class='ocrx_word' id='word_1_167' title='bbox 1097 1809 1181 1846; x_wconf 84' lang='lat' dir='ltr'><strong>nec</strong></span> <span class='ocrx_word' id='word_1_168' title='bbox 1205 1795 1341 1847; x_wconf 83' lang='lat' dir='ltr'><strong>etiam</strong></span> <span class='ocrx_word' id='word_1_169' title='bbox 1364 1795 1516 1846; x_wconf 85' lang='lat' dir='ltr'><strong>statim</strong></span> <span class='ocrx_word' id='word_1_170' title='bbox 1542 1799 1653 1859; x_wconf 83' lang='lat' dir='ltr'><strong>post</strong></span> <span class='ocrx_word' id='word_1_171' title='bbox 1664 1800 1909 1860; x_wconf 86' lang='lat' dir='ltr'><strong>peceatum</strong></span> 
     </span>
     <span class='ocr_line' id='line_1_25' title="bbox 620 1866 1917 1932; baseline 0.001 -15"><span class='ocrx_word' id='word_1_172' title='bbox 620 1868 708 1918; x_wconf 76' lang='lat' dir='ltr'><strong>luit</strong></span> <span class='ocrx_word' id='word_1_173' title='bbox 737 1869 877 1917; x_wconf 87' lang='lat' dir='ltr'><strong>Deum</strong></span> <span class='ocrx_word' id='word_1_174' title='bbox 900 1868 1154 1917; x_wconf 84' lang='lat' dir='ltr'><strong>incarnari:</strong></span> <span class='ocrx_word' id='word_1_175' title='bbox 1176 1866 1324 1932; x_wconf 80' lang='lat' dir='ltr'><strong>primo</strong></span> <span class='ocrx_word' id='word_1_176' title='bbox 1350 1868 1564 1931; x_wconf 86' lang='lat' dir='ltr'><strong>quidem,</strong></span> <span class='ocrx_word' id='word_1_177' title='bbox 1592 1870 1778 1931; x_wconf 88' lang='lat' dir='ltr'><strong>propter</strong></span> <span class='ocrx_word' id='word_1_178' title='bbox 1806 1870 1917 1918; x_wconf 88' lang='lat' dir='ltr'><strong>cond</strong></span> 
     </span>
     <span class='ocr_line' id='line_1_26' title="bbox 624 1938 1917 2003; baseline 0.003 -16"><span class='ocrx_word' id='word_1_179' title='bbox 624 1938 747 1989; x_wconf 78' lang='lat' dir='ltr'><strong>meni</strong></span> <span class='ocrx_word' id='word_1_180' title='bbox 773 1938 945 2002; x_wconf 84' lang='lat' dir='ltr'><strong>peccati</strong></span> <span class='ocrx_word' id='word_1_181' title='bbox 964 1972 979 1994; x_wconf 84' lang='lat'>,</span> <span class='ocrx_word' id='word_1_182' title='bbox 1005 1940 1139 2002; x_wconf 76' lang='lat' dir='ltr'><strong>quod«</strong></span> <span class='ocrx_word' id='word_1_183' title='bbox 1160 1952 1218 1989; x_wconf 88' lang='lat' dir='ltr'><strong>ex</strong></span> <span class='ocrx_word' id='word_1_184' title='bbox 1254 1939 1466 2003; x_wconf 86' lang='lat' dir='ltr'><strong>superbia</strong></span> <span class='ocrx_word' id='word_1_185' title='bbox 1503 1942 1807 2003; x_wconf 81' lang='lat' dir='ltr'><strong>provenerat3</strong></span> <span class='ocrx_word' id='word_1_186' title='bbox 1841 1954 1917 1991; x_wconf 72' lang='lat' dir='ltr'><strong>un(</strong></span> 
     </span>
     <span class='ocr_line' id='line_1_27' title="bbox 620 2008 1917 2072; baseline 0.002 -12"><span class='ocrx_word' id='word_1_187' title='bbox 620 2014 719 2061; x_wconf 84' lang='lat' dir='ltr'><strong>erat</strong></span> <span class='ocrx_word' id='word_1_188' title='bbox 759 2011 897 2060; x_wconf 83' lang='lat' dir='ltr'><strong>horno</strong></span> <span class='ocrx_word' id='word_1_189' title='bbox 923 2008 1203 2069; x_wconf 77' lang='lat' dir='ltr'><strong>liberanduS,</strong></span> <span class='ocrx_word' id='word_1_190' title='bbox 1240 2014 1289 2059; x_wconf 89' lang='lat' dir='ltr'><strong>ut</strong></span> <span class='ocrx_word' id='word_1_191' title='bbox 1319 2010 1577 2060; x_wconf 79' lang='lat' dir='ltr'><strong>humiliatus</strong></span> <span class='ocrx_word' id='word_1_192' title='bbox 1601 2021 1917 2072; x_wconf 66' lang='lat' dir='ltr'><strong>recognoscere</strong></span> 
     </span>
     <span class='ocr_line' id='line_1_28' title="bbox 623 2080 1917 2145; baseline -0.002 -13"><span class='ocrx_word' id='word_1_193' title='bbox 623 2087 720 2132; x_wconf 89' lang='lat' dir='ltr'><strong>tore</strong></span> <span class='ocrx_word' id='word_1_194' title='bbox 755 2081 978 2144; x_wconf 86' lang='lat' dir='ltr'><strong>indigere.</strong></span> <span class='ocrx_word' id='word_1_195' title='bbox 1009 2081 1136 2131; x_wconf 88' lang='lat' dir='ltr'><strong>Unde</strong></span> <span class='ocrx_word' id='word_1_196' title='bbox 1163 2094 1299 2145; x_wconf 88' lang='lat' dir='ltr'><strong>super</strong></span> <span class='ocrx_word' id='word_1_197' title='bbox 1326 2081 1438 2131; x_wconf 86' lang='lat' dir='ltr'><strong>illud</strong></span> <span class='ocrx_word' id='word_1_198' title='bbox 1482 2080 1676 2142; x_wconf 64' lang='lat' dir='ltr'><strong>Galat„</strong></span> <span class='ocrx_word' id='word_1_199' title='bbox 1712 2082 1772 2131; x_wconf 84' lang='lat'><strong>111</strong></span> <span class='ocrx_word' id='word_1_200' title='bbox 1799 2096 1813 2130; x_wconf 74' lang='grc' dir='ltr'><strong>ε</strong></span> <span class='ocrx_word' id='word_1_201' title='bbox 1849 2100 1879 2131; x_wconf 86' lang='grc'>«</span> <span class='ocrx_word' id='word_1_202' title='bbox 1908 2094 1917 2129; x_wconf 70' lang='grc' dir='ltr'>ε</span> 
     </span>
     <span class='ocr_line' id='line_1_29' title="bbox 623 2152 1917 2219; baseline 0.002 -18"><span class='ocrx_word' id='word_1_203' title='bbox 623 2153 808 2215; x_wconf 83' lang='lat' dir='ltr'><strong>angelos</strong></span> <span class='ocrx_word' id='word_1_204' title='bbox 828 2153 877 2202; x_wconf 91' lang='lat' dir='ltr'><strong>in</strong></span> <span class='ocrx_word' id='word_1_205' title='bbox 904 2166 1044 2202; x_wconf 85' lang='lat' dir='ltr'><strong>mann</strong></span> <span class='ocrx_word' id='word_1_206' title='bbox 1066 2152 1349 2215; x_wconf 86' lang='lat' dir='ltr'><strong>Mediatoris,</strong></span> <span class='ocrx_word' id='word_1_207' title='bbox 1371 2168 1398 2199; x_wconf 90' lang='lat'>»</span> <span class='ocrx_word' id='word_1_208' title='bbox 1426 2152 1537 2203; x_wconf 89' lang='lat' dir='ltr'><strong>dicit</strong></span> <span class='ocrx_word' id='word_1_209' title='bbox 1562 2154 1721 2203; x_wconf 85' lang='lat' dir='ltr'><strong>Glossa</strong></span> <span class='ocrx_word' id='word_1_210' title='bbox 1742 2167 1755 2202; x_wconf 74' lang='grc' dir='ltr'>ε</span> <span class='ocrx_word' id='word_1_211' title='bbox 1780 2170 1807 2200; x_wconf 83' lang='grc'>«</span> <span class='ocrx_word' id='word_1_212' title='bbox 1830 2155 1917 2219; x_wconf 60' lang='lat' dir='ltr'><strong>Mag</strong></span> 
     </span>
     <span class='ocr_line' id='line_1_30' title="bbox 624 2224 1917 2288; baseline 0.004 -16"><span class='ocrx_word' id='word_1_213' title='bbox 624 2224 725 2273; x_wconf 87' lang='lat' dir='ltr'><strong>silio</strong></span> <span class='ocrx_word' id='word_1_214' title='bbox 752 2224 923 2273; x_wconf 81' lang='lat' dir='ltr'><strong>factum</strong></span> <span class='ocrx_word' id='word_1_215' title='bbox 957 2227 1055 2286; x_wconf 90' lang='lat' dir='ltr'><strong>est,</strong></span> <span class='ocrx_word' id='word_1_216' title='bbox 1080 2229 1132 2274; x_wconf 88' lang='lat' dir='ltr'><strong>ut</strong></span> <span class='ocrx_word' id='word_1_217' title='bbox 1157 2227 1262 2288; x_wconf 87' lang='lat' dir='ltr'><strong>post</strong></span> <span class='ocrx_word' id='word_1_218' title='bbox 1290 2224 1489 2274; x_wconf 85' lang='lat' dir='ltr'><strong>hominis</strong></span> <span class='ocrx_word' id='word_1_219' title='bbox 1518 2238 1669 2275; x_wconf 85' lang='lat' dir='ltr'><strong>casum</strong></span> <span class='ocrx_word' id='word_1_220' title='bbox 1698 2238 1790 2276; x_wconf 90' lang='lat' dir='ltr'><strong>non</strong></span> <span class='ocrx_word' id='word_1_221' title='bbox 1820 2227 1917 2277; x_wconf 86' lang='lat' dir='ltr'><strong>illic</strong></span> 
     </span>
     <span class='ocr_line' id='line_1_31' title="bbox 623 2294 1884 2359; baseline 0.003 -15"><span class='ocrx_word' id='word_1_222' title='bbox 623 2295 894 2347; x_wconf 81' lang='lat' dir='ltr'><strong>mitteretur.</strong></span> <span class='ocrx_word' id='word_1_223' title='bbox 930 2295 1127 2359; x_wconf 86' lang='lat' dir='ltr'><strong>Reliquit</strong></span> <span class='ocrx_word' id='word_1_224' title='bbox 1172 2294 1293 2345; x_wconf 90' lang='lat' dir='ltr'><strong>enim</strong></span> <span class='ocrx_word' id='word_1_225' title='bbox 1331 2296 1447 2346; x_wconf 87' lang='lat' dir='ltr'><strong>Deus</strong></span> <span class='ocrx_word' id='word_1_226' title='bbox 1486 2296 1609 2359; x_wconf 89' lang='lat' dir='ltr'><strong>prius</strong></span> <span class='ocrx_word' id='word_1_227' title='bbox 1647 2296 1884 2349; x_wconf 88' lang='lat' dir='ltr'><strong>hominem</strong></span> 
     </span>
     <span class='ocr_line' id='line_1_32' title="bbox 623 2366 1917 2430; baseline 0.002 -13"><span class='ocrx_word' id='word_1_228' title='bbox 623 2366 794 2417; x_wconf 80' lang='lat' dir='ltr'><strong>arbitrii</strong></span> <span class='ocrx_word' id='word_1_229' title='bbox 817 2366 867 2416; x_wconf 91' lang='lat' dir='ltr'><strong>in</strong></span> <span class='ocrx_word' id='word_1_230' title='bbox 892 2367 991 2430; x_wconf 82' lang='lat' dir='ltr'><strong>lege</strong></span> <span class='ocrx_word' id='word_1_231' title='bbox 1015 2366 1232 2427; x_wconf 85' lang='lat' dir='ltr'><strong>naturali,</strong></span> <span class='ocrx_word' id='word_1_232' title='bbox 1258 2371 1307 2417; x_wconf 91' lang='lat' dir='ltr'><strong>ut</strong></span> <span class='ocrx_word' id='word_1_233' title='bbox 1334 2367 1400 2417; x_wconf 85' lang='lat' dir='ltr'><strong>sio</strong></span> <span class='ocrx_word' id='word_1_234' title='bbox 1436 2368 1559 2417; x_wconf 79' lang='lat' dir='ltr'><strong>vires</strong></span> <span class='ocrx_word' id='word_1_235' title='bbox 1581 2371 1757 2430; x_wconf 62' lang='lat' dir='ltr'><strong>naturae</strong></span> <span class='ocrx_word' id='word_1_236' title='bbox 1787 2383 1884 2422; x_wconf 83' lang='lat' dir='ltr'><strong>suae</strong></span> <span class='ocrx_word' id='word_1_237' title='bbox 1906 2386 1917 2420; x_wconf 74' lang='grc' dir='ltr'>ι</span> 
     </span>
     <span class='ocr_line' id='line_1_33' title="bbox 625 2437 1917 2503; baseline 0.005 -16"><span class='ocrx_word' id='word_1_238' title='bbox 625 2440 702 2489; x_wconf 89' lang='lat' dir='ltr'><strong>ubi</strong></span> <span class='ocrx_word' id='word_1_239' title='bbox 733 2453 837 2488; x_wconf 84' lang='lat' dir='ltr'><strong>curn</strong></span> <span class='ocrx_word' id='word_1_240' title='bbox 863 2438 1103 2501; x_wconf 82' lang='lat' dir='ltr'><strong>deficeret,</strong></span> <span class='ocrx_word' id='word_1_241' title='bbox 1135 2437 1281 2501; x_wconf 81' lang='lat' dir='ltr'><strong>legem</strong></span> <span class='ocrx_word' id='word_1_242' title='bbox 1309 2439 1509 2503; x_wconf 85' lang='lat' dir='ltr'><strong>accepit,</strong></span> <span class='ocrx_word' id='word_1_243' title='bbox 1536 2453 1624 2503; x_wconf 84' lang='lat' dir='ltr'><strong>qua</strong></span> <span class='ocrx_word' id='word_1_244' title='bbox 1656 2441 1760 2490; x_wconf 84' lang='lat' dir='ltr'><strong>data</strong></span> <span class='ocrx_word' id='word_1_245' title='bbox 1793 2442 1917 2494; x_wconf 86' lang='lat' dir='ltr'><strong>iuva]</strong></span> 
     </span>
     <span class='ocr_line' id='line_1_34' title="bbox 625 2510 1915 2577; baseline 0.004 -17"><span class='ocrx_word' id='word_1_246' title='bbox 625 2524 714 2561; x_wconf 91' lang='lat' dir='ltr'><strong>non</strong></span> <span class='ocrx_word' id='word_1_247' title='bbox 750 2510 889 2574; x_wconf 81' lang='lat' dir='ltr'><strong>legis,</strong></span> <span class='ocrx_word' id='word_1_248' title='bbox 932 2512 1008 2561; x_wconf 85' lang='lat' dir='ltr'><strong>sed</strong></span> <span class='ocrx_word' id='word_1_249' title='bbox 1045 2513 1215 2562; x_wconf 84' lang='lat' dir='ltr'><strong>naturae</strong></span> <span class='ocrx_word' id='word_1_250' title='bbox 1245 2510 1383 2573; x_wconf 86' lang='lat' dir='ltr'><strong>vitio,</strong></span> <span class='ocrx_word' id='word_1_251' title='bbox 1415 2514 1466 2561; x_wconf 85' lang='lat' dir='ltr'><strong>ut</strong></span> <span class='ocrx_word' id='word_1_252' title='bbox 1493 2511 1559 2561; x_wconf 85' lang='lat' dir='ltr'><strong>ita</strong></span> <span class='ocrx_word' id='word_1_253' title='bbox 1600 2513 1780 2577; x_wconf 82' lang='lat' dir='ltr'><strong>cognita</strong></span> <span class='ocrx_word' id='word_1_254' title='bbox 1829 2528 1915 2565; x_wconf 87' lang='lat' dir='ltr'><strong>sua</strong></span> 
     </span>
     <span class='ocr_line' id='line_1_35' title="bbox 626 2581 1917 2649; baseline 0.005 -18"><span class='ocrx_word' id='word_1_255' title='bbox 626 2581 838 2633; x_wconf 82' lang='lat' dir='ltr'><strong>clamaret</strong></span> <span class='ocrx_word' id='word_1_256' title='bbox 857 2583 914 2632; x_wconf 84' lang='lat' dir='ltr'><strong>ad</strong></span> <span class='ocrx_word' id='word_1_257' title='bbox 936 2582 1185 2649; x_wconf 80' lang='lat' dir='ltr'><strong>medicum,</strong></span> <span class='ocrx_word' id='word_1_258' title='bbox 1199 2586 1245 2633; x_wconf 90' lang='lat' dir='ltr'><strong>et</strong></span> <span class='ocrx_word' id='word_1_259' title='bbox 1264 2584 1419 2647; x_wconf 85' lang='lat' dir='ltr'><strong>gratiae</strong></span> <span class='ocrx_word' id='word_1_260' title='bbox 1442 2588 1661 2646; x_wconf 83' lang='lat' dir='ltr'><strong>quaereret</strong></span> <span class='ocrx_word' id='word_1_261' title='bbox 1681 2584 1917 2637; x_wconf 82' lang='lat' dir='ltr'><strong>auxilium.</strong></span> 
     </span>
     <span class='ocr_line' id='line_1_36' title="bbox 624 2654 1917 2718; baseline 0.004 -15"><span class='ocrx_word' id='word_1_262' title='bbox 624 2658 808 2718; x_wconf 88' lang='lat' dir='ltr'><strong>propter</strong></span> <span class='ocrx_word' id='word_1_263' title='bbox 843 2654 1044 2704; x_wconf 88' lang='lat' dir='ltr'><strong>ordinem</strong></span> <span class='ocrx_word' id='word_1_264' title='bbox 1080 2654 1379 2717; x_wconf 86' lang='lat' dir='ltr'><strong>promotionis</strong></span> <span class='ocrx_word' id='word_1_265' title='bbox 1406 2654 1455 2703; x_wconf 93' lang='lat' dir='ltr'><strong>in</strong></span> <span class='ocrx_word' id='word_1_266' title='bbox 1481 2656 1680 2717; x_wconf 88' lang='lat' dir='ltr'><strong>bonum,</strong></span> <span class='ocrx_word' id='word_1_267' title='bbox 1719 2659 1917 2708; x_wconf 70' lang='lat' dir='ltr'><strong>secundi]</strong></span> 
     </span>
     <span class='ocr_line' id='line_1_37' title="bbox 627 2724 1917 2793; baseline 0.005 -20"><span class='ocrx_word' id='word_1_268' title='bbox 627 2726 888 2789; x_wconf 81' lang='lat' dir='ltr'><strong>imperfecto</strong></span> <span class='ocrx_word' id='word_1_269' title='bbox 915 2726 973 2775; x_wconf 90' lang='lat' dir='ltr'><strong>ad</strong></span> <span class='ocrx_word' id='word_1_270' title='bbox 992 2724 1264 2789; x_wconf 80' lang='lat' dir='ltr'><strong>‚perfectum</strong></span> <span class='ocrx_word' id='word_1_271' title='bbox 1292 2727 1571 2790; x_wconf 85' lang='lat' dir='ltr'><strong>proceditur.</strong></span> <span class='ocrx_word' id='word_1_272' title='bbox 1600 2728 1727 2779; x_wconf 88' lang='lat' dir='ltr'><strong>Unde</strong></span> <span class='ocrx_word' id='word_1_273' title='bbox 1766 2731 1917 2793; x_wconf 81' lang='lat' dir='ltr'><strong>Apost</strong></span> 
     </span>
     <span class='ocr_line' id='line_1_38' title="bbox 630 2796 1917 2864; baseline 0.006 -20"><span class='ocrx_word' id='word_1_274' title='bbox 630 2796 769 2851; x_wconf 80' lang='lat' dir='ltr'><strong>Cor..</strong></span> <span class='ocrx_word' id='word_1_275' title='bbox 800 2798 876 2846; x_wconf 88' lang='lat' dir='ltr'><strong>XV</strong></span> <span class='ocrx_word' id='word_1_276' title='bbox 916 2812 929 2847; x_wconf 92' lang='lat'>:</span> <span class='ocrx_word' id='word_1_277' title='bbox 964 2813 992 2843; x_wconf 91' lang='lat'>«</span> <span class='ocrx_word' id='word_1_278' title='bbox 1017 2798 1120 2846; x_wconf 89' lang='lat' dir='ltr'><strong>Non</strong></span> <span class='ocrx_word' id='word_1_279' title='bbox 1151 2796 1277 2861; x_wconf 88' lang='lat' dir='ltr'><strong>prius</strong></span> <span class='ocrx_word' id='word_1_280' title='bbox 1303 2799 1422 2861; x_wconf 90' lang='lat' dir='ltr'><strong>quod</strong></span> <span class='ocrx_word' id='word_1_281' title='bbox 1454 2798 1686 2862; x_wconf 84' lang='lat' dir='ltr'><strong>spirituale</strong></span> <span class='ocrx_word' id='word_1_282' title='bbox 1724 2804 1821 2864; x_wconf 87' lang='lat' dir='ltr'><strong>est,</strong></span> <span class='ocrx_word' id='word_1_283' title='bbox 1867 2815 1917 2853; x_wconf 90' lang='lat' dir='ltr'><strong>se</strong></span> 
     </span>
     <span class='ocr_line' id='line_1_39' title="bbox 631 2867 1917 2931; baseline 0.008 -16"><span class='ocrx_word' id='word_1_284' title='bbox 631 2867 745 2917; x_wconf 89' lang='lat' dir='ltr'><strong>male</strong></span> <span class='ocrx_word' id='word_1_285' title='bbox 764 2904 778 2931; x_wconf 93' lang='lat'>,</span> <span class='ocrx_word' id='word_1_286' title='bbox 805 2868 967 2919; x_wconf 85' lang='lat' dir='ltr'><strong>deinde</strong></span> <span class='ocrx_word' id='word_1_287' title='bbox 988 2868 1107 2931; x_wconf 88' lang='lat' dir='ltr'><strong>quod</strong></span> <span class='ocrx_word' id='word_1_288' title='bbox 1134 2867 1387 2931; x_wconf 85' lang='lat' dir='ltr'><strong>spirituale.</strong></span> <span class='ocrx_word' id='word_1_289' title='bbox 1410 2870 1592 2921; x_wconf 84' lang='lat' dir='ltr'><strong>Primus</strong></span> <span class='ocrx_word' id='word_1_290' title='bbox 1613 2871 1749 2923; x_wconf 86' lang='lat' dir='ltr'><strong>homo</strong></span> <span class='ocrx_word' id='word_1_291' title='bbox 1764 2872 1823 2923; x_wconf 85' lang='lat' dir='ltr'><strong>de</strong></span> <span class='ocrx_word' id='word_1_292' title='bbox 1852 2876 1917 2925; x_wconf 79' lang='lat' dir='ltr'><strong>ter</strong></span> 
     </span>
    </p>
   </div>
  </div>
 </body>
</html>
