1917 3317
944 21 948 91 l

124 115 154 162 dd
216 122 326 164 ausuum
342 122 471 174 suemus,
487 124 579 170 oum.
595 123 710 175 onum,
726 124 781 164 aar.
797 124 825 162 r.

124 204 227 252 naturam
248 199 413 272 quodammodo
431 200 573 251 immutabile
585 205 634 264 est3
648 200 699 251 uin
714 205 822 264 quuutum
840 197 909 249 uatum
949 226 951 249 ι

123 273 285 324 determinatur
298 272 327 322 ad
342 285 420 322 uuum.
433 273 460 322 Et
470 271 575 324 similiter
584 286 625 337 per
634 277 780 335 rumentum
794 266 913 336 summale,

124 343 221 396 intortis
241 343 323 407 uliquis
339 344 471 407 adipiscitur
492 343 744 409 statum-periectiouis
763 347 871 407 quuutum
890 336 916 386 ud
949 410 951 413 Ι

125 417 226 470 divinum
236 415 358 480 judicium.
372 417 416 466 Sed
429 422 539 480 qnantum
549 419 577 468 ad
588 416 748 468 distinctiones
757 411 916 488 ceclesiastico-¹

126 502 176 539 rum
190 492 306 548 statuum,
320 501 366 538 nou
376 487 506 553 adipiscitur
517 488 599 552 uliquis
612 492 697 540 sutum
708 486 865 553 perfectiouis,
879 480 918 532 ¹11⁵!

127 574 168 625 per
176 563 322 623 augmentum
335 561 359 610 in
372 559 409 610 iris
422 574 472 623 qum
485 560 586 612 exterius
599 565 703 623 ugrrmm.

159 631 192 680 ild
203 632 326 682 secundum
336 629 469 691 dicendum,
481 632 540 695 quod
549 632 586 681 illu
595 630 663 682 etiam
674 630 733 681 ratio
742 629 842 695 procedit
852 636 918 690 quun·

127 706 175 754 tum
190 704 217 754 ad
231 703 362 752 interiorem
382 705 474 754 statum.
489 704 519 753 lit
539 708 615 754 tumen
628 716 680 752 cum
699 701 779 766 uliquis
794 699 878 752 transit
896 696 920 745 de

128 777 221 838 peccato
235 774 258 822 in
272 773 381 837 gratiam,
401 774 483 825 transit
500 775 528 825 de
541 774 650 824 servitute
670 774 698 823 ud
712 765 920 836 linamtsm‚1uuod

128 859 173 896 nou
188 845 298 909 contingit
311 859 351 909 per
364 846 494 909 complicem
510 845 636 909 proiectum
653 845 746 910 matie,
761 845 807 896 nisi
819 857 873 895 cum
884 839 921 889 uli·

24 917 28 925 '
129 917 181 980 quis
202 918 286 982 obligat
298 931 322 968 se
336 918 363 969 ud
382 931 408 968 ea
422 931 472 980 qum
487 922 540 968 suut
553 918 640 981 gratie.

160 991 192 1040 dd
206 990 297 1040 tertium
316 989 448 1051 dicendum,
463 989 524 1052 quod
538 989 577 1040 illa
590 990 660 1040 etiam
673 989 729 1040 rutio
740 989 844 1052 omnedit
856 997 924 1052 quau·
949 988 951 991 '

128 1065 176 1112 tum
187 1062 215 1110 ud
227 1061 356 1113 interiorem
367 1064 461 1111 statum.
473 1062 500 1111 [dt
509 1064 596 1121 mmor,
605 1062 660 1112 licet
669 1061 767 1112 charitas
780 1061 857 1112 uomet
872 1071 926 1109 cou-

129 1132 237 1185 ditiouem
254 1132 377 1198 spiritualis
398 1132 513 1184 seruitutis
529 1137 553 1184 et
572 1133 697 1195 libertatis,
718 1135 762 1184 hoc
780 1137 861 1184 tamen
884 1139 925 1180 uon

129 1205 184 1258 tacit
197 1205 313 1258 charitatis
325 1209 479 1270 augmentum.

425 1385 584 1438 riduculus
599 1386 628 1436 V.

186 1511 270 1556 Utrctm
287 1510 394 1567 relictori
405 1513 428 1555 et
435 1512 533 1568 prolati
541 1511 590 1556 sint
605 1512 631 1555 ἐπ
640 1513 707 1556 statu
712 1510 883 1566 pnfectiotris.

162 1639 195 1688 ld
209 1636 311 1700 quintum
325 1635 359 1686 sic
368 1637 504 1700 proceditur.
512 1637 607 1686 Videtur
619 1636 679 1700 quon
691 1637 780 1701 prolati
793 1642 818 1691 et
830 1634 937 1702 religiosi

131 1723 177 1760 non
189 1709 234 1759 siut
244 1708 267 1758 iu
284 1711 342 1758 statu
352 1709 507 1774 perfectiouis.
518 1709 596 1760 Status
609 1707 670 1759 cnirn
685 1708 834 1772 perfectionis
849 1709 934 1760 distru-
949 1722 951 1729 ·

131 1780 207 1845 guitur
219 1785 297 1832 contra
312 1784 395 1830 stolum
414 1779 570 1842 incipientium
586 1783 610 1831 et
627 1779 810 1844 proficientium·
823 1782 876 1832 Sed
894 1794 940 1831 uon

131 1859 184 1904 suut
195 1852 270 1915 aliqua
284 1865 366 1914 genera
386 1851 502 1902 hominnm
513 1853 621 1916 deputatu
633 1850 763 1914 specialiter
775 1853 849 1902 statui
869 1854 939 1918 proti·

130 1923 237 1982 cientium
250 1923 288 1973 uel
300 1923 369 1974 etiam
386 1922 549 1987 incipientium.
563 1925 621 1987 Ergo
634 1924 724 1974 ridetur
734 1922 793 1986 quod
803 1938 851 1976 nec
868 1927 938 1977 etiam

98 2006 105 2021 ·
130 1996 227 2047 debeant
241 2008 293 2046 esse
308 1995 383 2059 aliqua
397 2007 479 2058 genem
499 1995 615 2046 homiuum
635 1995 741 2058 deputatu
758 1995 829 2045 statui
845 1998 942 2061 pericc-

130 2066 209 2118 tionis.

162 2143 185 2192 2.
205 2139 330 2201 praterea,
348 2141 421 2190 status
435 2139 534 2192 exterior
549 2139 616 2190 debet
631 2138 733 2193 interiori
747 2138 818 2188 statui
836 2155 943 2208 resnou·

129 2214 196 2276 dere;
211 2212 311 2276 alioquin
325 2213 445 2265 incurritur
458 2213 614 2273 mendacium,
629 2213 690 2276 quod
709 2225 755 2262 nou
772 2213 851 2265 solum
868 2222 912 2267 est
923 2218 951 2265 ia.

131 2283 194 2334 tulsis
210 2283 297 2346 verbis,
309 2287 351 2336 sad
365 2285 432 2336 etiam
447 2286 472 2335 iu
491 2285 602 2335 simulatis
619 2284 740 2347 operibus,
753 2287 780 2332 ut
797 2286 951 2338 Arubrosius·

130 2355 184 2406 dicit
198 2355 222 2405 iu
237 2358 333 2420 quodum
348 2371 450 2408 sermone
460 2356 504 2421 (ll.
516 2356 560 2406 Sed
572 2355 637 2406 mulli
654 2359 708 2406 suut
720 2354 806 2419 praelati
822 2357 866 2408 vel
889 2359 951 2411 reli.

130 2426 201 2491 giesi,
215 2427 254 2491 qui
273 2442 318 2479 nou
338 2429 423 2478 hubent
442 2427 571 2477 interiorem
589 2426 752 2490 perlectionem
767 2427 909 2482 charitatis.
929 2432 951 2481 Si

130 2512 183 2562 ergo
201 2511 281 2552 omnes
297 2500 395 2564 religiosi
409 2504 433 2550 et
444 2500 533 2564 prelati
552 2501 597 2550 siut
611 2500 636 2549 iu
650 2503 711 2550 statu
721 2498 898 2569 deductionis,
914 2518 951 2555 sea

165 2606 195 2671 (l)
211 2611 318 2656 Refertur
330 2611 354 2654 in
369 2611 487 2659 diceretis,
498 2607 570 2656 Guusd
580 2610 657 2664 XXII,
673 2622 713 2666 qu.
725 2607 749 2663 5,
762 2621 815 2664 cup.
838 2617 951 2669 cavete,

130 2677 192 2718 utcu
202 2676 311 2721 Sermone
326 2674 353 2718 dc
367 2673 497 2721 Abraham.
511 2675 553 2718 Est
567 2680 645 2718 nutem
659 2675 738 2720 Sermo
753 2684 796 2728 pro
810 2673 951 2724 Dominica

130 2735 155 2778 in
167 2737 292 2792 Passione,
306 2736 374 2790 cujus
385 2735 476 2788 initium
494 2742 530 2782 est
550 2754 556 2781 ι
570 2737 658 2781 Scitote
672 2737 776 2795 fratres,
791 2737 951 2792 explicando

130 2799 247 2852 quomodo
267 2810 292 2842 se
310 2798 411 2842 Abrahae
432 2797 491 2844 iiiios
511 2795 569 2848 luiso
583 2799 662 2847 dicam
674 2797 761 2857 aunei,
777 2797 819 2854 qui
832 2802 951 2857 Abraha

131 2871 202 2918 opera
218 2871 265 2904 non
277 2859 372 2905 iaciunt.
