1917 3317
292 179 324 219 ou
340 176 456 219 enerues
467 176 573 219 unrsrn
640 191 642 196 ·
789 167 836 216 tto

26 262 34 307 l
56 256 172 306 habetur
188 254 285 313 Eood„
297 254 385 318 llllt'l3
399 257 424 305 et
434 257 545 317 quantum
556 253 587 305 od
596 254 640 305 troo
650 254 734 305 uerius
743 266 838 319 respon-

26 332 53 380 et
70 327 174 390 figurae.
189 328 240 377 Non
251 330 328 377 eutem
341 328 431 390 oportet
441 325 503 390 quod
518 328 629 390 mantum
642 326 672 376 ad
682 325 768 387 omnia,
784 326 838 390 quio

26 415 64 451 rm
93 412 146 449 non
165 403 227 450 esset
243 398 384 461 similitudo,
398 398 550 460 sedveritus,
566 400 592 447 ut
612 399 764 448 Dumosoenus
783 398 839 449 dicit

26 489 33 522 ι
63 470 112 521 lll.
128 470 172 521 lib.
189 473 256 535 (cup.
277 475 307 521 26
320 473 338 532 t.
354 470 492 535 specialiter
509 473 602 532 tmen,
617 474 644 520 ut
661 470 838 534 chrysostomus

26 544 99 605 icit,
120 559 135 591 u
155 556 202 593 uon
223 543 327 607 caputet
346 544 488 605 amputatur,
509 545 536 590 ut
548 541 648 605 loanni,
663 554 737 605 neque
758 547 837 593 sectus

26 620 66 679 st,
86 618 118 667 ut
129 614 212 679 huius,
223 619 250 665 ut
260 628 343 678 eorpus
353 614 465 677 integrum
476 617 501 664 et
509 613 650 665 indivisibile
662 615 732 665 morti
746 619 836 677 seruet,

26 693 37 739 t
51 700 111 737 non
120 688 162 737 fiet
176 686 265 738 omusio
274 686 403 739 uolemilsus
421 685 545 736 Ecclesiam
556 684 667 737 liudem.
682 703 696 735 u
710 686 772 737 loeo
789 699 837 737 eu-

26 774 69 811 em
89 757 219 809 materialis
227 757 289 821 mnis
299 757 343 808 luit
352 757 377 807 in
385 756 520 808 lroloeeusto
531 756 625 819 Christi,
634 757 695 821 ignis
708 758 836 810 eharitatis.

51 830 96 881 Ad
115 829 244 879 morsuum
257 828 389 890 (licendum,
404 828 465 891 quot
476 826 580 881 Christus
590 828 766 880 ‹edetraotilsilou
783 842 838 893 pes-

26 903 137 953 ionesn
153 912 270 951 assumere
280 900 357 951 renuit
365 936 371 962 ,
380 910 430 962 qun
441 898 587 963 pertinebant
595 901 624 950 ud
632 900 749 953 leonum
759 900 836 953 seien-

26 974 63 1024 iae
77 971 121 1020 uel
137 970 217 1034 gratio
231 973 272 1020 eut
285 970 353 1021 etiem
363 968 470 1032 ιίιιιιίις
487 983 533 1021 nou
546 973 623 1023 uuum
635 971 686 1023 illos
697 986 750 1036 quo
764 973 837 1035 perti-

26 1048 89 1097 uenl
104 1042 134 1093 ud
153 1041 260 1106 iujuriam
273 1042 303 1093 eli
323 1042 430 1093 emerunt
448 1040 622 1107 illatumque
639 1042 700 1104 imo,
715 1046 741 1093 ut
757 1043 839 1096 dieitur

26 1116 121 1175 seor„
136 1114 191 1178 llll,
208 1114 339 1165 «sustinuit
350 1126 449 1175 eruoem,
464 1113 601 1165 contusione
611 1114 749 1179 contempti.
762 1132 777 1162 »

59 1187 101 1239 Ad
123 1184 218 1236 tertium
234 1186 371 1245 uiuendum,
390 1184 450 1249 quod
464 1185 525 1235 sicut
536 1186 678 1249 Augustinus
690 1185 762 1248 dieit,
778 1187 837 1237 xlv.

26 1261 133 1313 Contra
142 1258 276 1313 Faustum,-
286 1260 403 1323 perustum
415 1273 429 1305 u
439 1256 584 1307 nateoicum
591 1273 607 1305 ι
616 1260 661 1318 est,
673 1260 697 1309 et
706 1272 748 1321 per
755 1272 836 1312 eonse-

26 1344 109 1397 pueus
123 1343 185 1380 mors
195 1332 219 1381 et
230 1329 354 1381 mortalitas
367 1342 398 1379 ex
414 1332 510 1393 peceato
524 1330 680 1393 prouenieus3
694 1343 749 1381 oure
761 1333 839 1381 uuum

26 1401 122 1454 Christi
136 1400 238 1453 mortalis
247 1400 307 1459 lut.
323 1400 497 1451 similitudinem
509 1400 597 1451 hebens
609 1400 684 1451 earnis
696 1401 801 1465 peomti3
816 1406 841 1453 et

26 1476 130 1540 propter
147 1472 192 1523 hoe
205 1473 296 1537 Mopsus
315 1485 366 1523 eum
378 1471 483 1523 nominet
496 1471 686 1531 «nouolutum,
700 1488 716 1520 ιι
737 1472 798 1523 siout
814 1477 839 1523 et

27 1544 160 1610 Apostolus
174 1543 276 1593 nominat
287 1556 339 1593 eom
349 1546 516 1607 «pesculum»
531 1542 617 1603 dicens,
627 1543 656 1593 ll.
670 1543 786 1601 adcor„
800 1544 838 1593 V:

30 1636 46 1668 u
55 1620 120 1669 Eum
132 1614 224 1681 quinon
235 1619 331 1667 nouerat
341 1619 473 1679 peecatum,
486 1628 528 1680 pre
539 1614 607 1665 nohis
614 1620 734 1681 peoeuurm
745 1615 814 1676 teuit,
824 1632 839 1663 ι

31 1690 127 1745 seilicet
139 1690 232 1751 propter
246 1700 338 1752 punem
352 1688 450 1751 peceati.
463 1704 478 1735 e
490 1688 537 1738 lton
550 1687 601 1739 ileo
615 1686 688 1751 major
698 1686 784 1737 invidio
795 1692 839 1749 est,

31 1761 93 1828 quia
107 1758 183 1813 dixit:
199 1758 351 1809 Maledictus
360 1761 397 1807 eet
407 1760 425 1809 ὰ
437 1760 502 1819 Deo;
515 1758 560 1810 uisi
571 1760 634 1809 enim
646 1760 707 1810 Deus
719 1763 839 1823 peeeotum

33 1833 124 1886 odisset
141 1834 164 1881 et
184 1833 278 1881 mortem
295 1833 396 1881 nostrum
410 1830 462 1893 (l),
477 1832 507 1882 od
520 1844 572 1883 eam
589 1830 757 1897 suscipientem
770 1835 839 1895 atoue

34 1904 161 1957 uoluentem
176 1902 259 1953 Filium
274 1916 341 1953 snum
355 1915 401 1953 uon
416 1902 525 1955 mitteret
538 1902 652 1954 Confitere
666 1916 719 1967 ergo
732 1902 839 1954 moledio-

36 1982 91 2027 tum
103 1975 227 2039 eumepisse
241 1975 377 2039 pronubis,
392 1988 460 2039 quoru
473 1975 589 2027 eonfiteris
602 1980 717 2027 mortuum
733 1988 784 2027 esse
797 1989 839 2040 pro

36 2045 115 2099 nobis.
130 2063 143 2093 n
163 2047 227 2098 Unde
247 2046 284 2096 od
303 2046 400 2103 Galat..
420 2048 466 2109 ΙΙΙ,
481 2047 564 2097 dieitur
576 2062 583 2098 ε
599 2064 615 2095 u
630 2046 736 2097 Christus
748 2060 791 2098 uos
803 2061 839 2099 re·

38 2118 112 2171 demit
123 2118 150 2169 do
158 2118 277 2169 maledieto
285 2117 351 2181 legis,
365 2118 440 2169 lentus
453 2132 495 2182 pro
506 2118 572 2170 nobis
583 2119 765 2170 maledictum.»

77 2270 108 2333 (lt
122 2275 151 2318 ue
162 2274 284 2331 Augustini
298 2278 374 2319 textus
394 2273 480 2333 hebet,
498 2286 551 2331 unp.
576 2273 605 2330 6,
619 2278 645 2319 et
659 2279 686 2319 ut
701 2274 732 2320 nd
745 2275 839 2332 penem

43 2336 237 2384 constructionem
250 2337 422 2393 reponendum
439 2348 488 2383 non
508 2338 568 2383 sieut
585 2337 648 2394 prins
661 2342 687 2383 ut
703 2350 732 2383 er
748 2350 803 2395 unp.
823 2337 839 2382 3

44 2399 90 2447 ott
102 2416 107 2445 ι
117 2400 172 2448 ltine·
182 2402 307 2461 peceatum
318 2400 417 2453 odisset,
429 2412 480 2447 non
490 2399 524 2447 ad
532 2412 585 2447 soon
597 2400 837 2461 recommendamus.
