1917 3317
13 72 18 158 ἶ
116 107 163 155 nli
211 115 318 156 ssonnnl
334 115 462 167 sensnum,
475 116 569 162 onnon.
583 115 703 157 comum
707 140 716 167 ,
728 116 784 154 nnr.
798 118 816 154 r.

14 203 17 256 g
115 193 255 258 perfectione
271 192 397 256 religionis.
413 197 438 242 8⁰
451 191 531 243 Uirium
547 192 627 256 religio
647 192 797 246 solitariorum
814 195 844 246 sil
856 206 903 259 pre·

14 303 16 340 3
52 339 64 359 Ι
115 266 208 319 ferenda
222 264 326 330 religioni
338 265 362 314 iu
374 264 482 315 societuto
497 263 632 315 visentium.

414 435 578 486 numenius
590 435 609 485 1.

320 561 405 606 illenim
414 561 446 606 sit
460 562 555 606 tactim
564 573 614 605 una
626 561 718 619 religio.

14 713 15 720 .
146 691 181 741 ld
198 689 295 754 primum
309 687 342 738 sic
360 687 496 751 proceditur.
511 686 606 738 Videtur
620 686 681 750 quod
696 701 743 739 non
761 688 852 740 sitnisi
869 702 908 740 uno

14 769 17 819 l
113 762 201 814 tantum
216 761 303 824 religio.
314 762 341 810 ln
351 773 378 811 eo
394 759 454 810 euim
470 760 529 822 quod
548 759 646 810 totaliter
659 763 682 811 el
695 759 797 824 perfecte
807 762 907 820 habetur,

115 835 234 886 diversitas
247 846 297 884 esse
312 847 357 883 non
373 835 460 897 polest3
475 833 640 896 propterquod
657 845 703 882 non
721 836 858 896 potestesse
872 832 909 883 nisi

115 921 185 958 unum
203 906 298 971 primum
313 918 424 954 summum
437 905 522 955 bonum
530 942 539 968 ,
553 907 579 954 ut
591 905 615 954 in
627 906 646 955 1.
663 904 764 954 habitum
775 911 811 956 est
827 906 907 970 (seul.

13 985 16 1039 ἶ
114 984 185 1044 port,
196 994 236 1043 qu.
251 984 280 1039 6,
295 981 338 1027 art.
349 981 377 1035 i,
394 981 407 1025 3
412 1014 421 1040 ,
434 976 476 1041 l).
494 977 547 1040 Sed,
562 977 620 1027 sicut
634 977 755 1041 Gregorius
768 977 823 1028 dicit
839 993 909 1043 super

14 1046 16 1102 ᾗ
114 1055 216 1112 Ez‘cclr„
229 1068 243 1099 «
251 1050 302 1101 cirm
318 1049 369 1113 quis
378 1063 445 1100 omne
454 1051 512 1113 quod
528 1049 605 1113 habet,
618 1063 685 1100 omne
695 1050 755 1112 quod
766 1050 836 1114 visit,
849 1064 910 1104 omne

14 1116 16 1152 i
113 1127 174 1188 quod
191 1125 258 1189 sepit,
268 1121 416 1185 omnipotenti
432 1123 477 1171 lieo
487 1120 590 1182 noverit,
604 1123 758 1172 holocaustum
774 1127 824 1186 esl3
842 1141 857 1170 »
867 1124 910 1174 sine

14 1189 16 1229 ἔ
113 1211 158 1261 quo
172 1196 252 1260 religio
264 1209 313 1246 csse
325 1192 471 1244 condicitur.
484 1193 543 1256 Ergo
556 1192 645 1244 videtur
657 1192 717 1256 quod
729 1192 855 1257 religiones
868 1207 909 1245 non

113 1271 160 1320 sint
174 1271 266 1330 multae,
280 1269 319 1318 sed
335 1279 381 1317 nna
393 1265 493 1315 lentium.
631 1316 635 1325 ,

144 1347 168 1391 2.
184 1343 306 1403 Praetcrea,
318 1353 345 1390 eu
360 1353 411 1403 qnae
425 1339 450 1387 in
466 1337 623 1388 essentialibus
639 1336 794 1401 conveniunt,
810 1352 861 1390 non
878 1339 912 1390 ui-

112 1413 269 1465 versilicantur
283 1411 326 1461 nisi
339 1424 380 1474 per
396 1410 510 1467 accidens.
522 1411 567 1460 Sed
581 1408 630 1459 sine
645 1409 716 1458 tribus
727 1411 787 1459 votis
803 1413 912 1462 essentiu-

111 1484 171 1534 libus
185 1481 301 1544 religionis
319 1494 365 1532 non
380 1482 415 1531 est
434 1480 509 1543 aliqua
527 1479 623 1542 religio,
640 1483 665 1528 ut
678 1478 745 1543 supri
761 1481 868 1532 hobitum
882 1485 912 1532 est

112 1557 160 1620 (qu.
174 1559 227 1615 186,
239 1559 282 1603 nrt.
295 1558 308 1602 6
320 1557 343 1602 et
353 1553 386 1617 7).
395 1552 452 1614 Ergo
464 1552 554 1601 videtur
565 1551 623 1614 quod
636 1551 692 1614 ipsae
706 1551 829 1615 religiones
840 1554 913 1621 specie

15 1642 18 1645 ·
112 1641 158 1678 nou
174 1625 362 1684 diversificeotur,
378 1624 418 1674 sed
433 1622 507 1673 solium
520 1636 561 1686 per
579 1623 693 1673 occidens.

145 1703 167 1746 3.
187 1700 315 1756 Praetcren,
331 1698 402 1746 status
419 1694 567 1758 perfectionis
588 1694 694 1745 convenit
712 1697 736 1744 el
758 1695 874 1761 religiosis
895 1703 916 1748 ct

112 1768 239 1834 episcopiS,
252 1770 277 1816 ut
291 1767 357 1832 supri
374 1767 476 1816 hobitum
491 1771 525 1818 cst
538 1767 546 1832 (
560 1781 598 1830 qn.
612 1770 658 1816 ost
668 1805 675 1827 ,
687 1771 730 1817 art.
743 1772 757 1816 5
771 1772 795 1819 et
810 1775 824 1818 ‘l
836 1771 858 1835 t.
871 1773 913 1823 Sel

34 1863 35 1866 ¹
113 1841 256 1906 episcopatus
265 1852 309 1888 non
319 1838 501 1890 diversificantur
514 1838 598 1902 specie,
609 1839 648 1889 scd
659 1841 694 1889 cst
703 1853 763 1888 unns
774 1840 913 1908 ubicumque

112 1912 194 1974 luerit3
209 1913 268 1962 undo
284 1911 434 1974 Hieronymus
445 1910 500 1960 dicit
508 1910 544 1958 od
556 1912 699 1975 Eoupriem
712 1912 869 1977 Episcopum
881 1917 913 1979 (ll

112 1984 203 2051 (Epist.
214 1984 342 2044 LXXXV):
358 1981 518 2045 «Ubicumque
535 1982 603 2032 luerit
619 1983 746 2047 episcopus,
762 1983 813 2034 sive
825 1986 913 2046 Rome,

14 2093 16 2126 ᾗ
113 2058 161 2109 sire
173 2057 277 2120 liugubii,
291 2055 339 2105 sive
352 2054 562 2118 Constantinopoli,
577 2053 626 2105 siue
639 2053 734 2116 Rhegii,
749 2055 857 2118 ejusdem
868 2072 916 2108 me

13 2149 17 2190 p
111 2127 162 2193 riti,
177 2129 279 2192 ejusdcm
293 2131 328 2177 est
342 2131 365 2176 et
384 2126 512 2177 sacerdotii.
526 2143 540 2172 n
558 2126 617 2190 Ergo
631 2126 682 2190 pari
695 2125 784 2176 ratione
798 2141 847 2180 una
868 2131 916 2180 solo

14 2205 16 2268 ξ
113 2203 148 2250 est
160 2200 247 2264 religio.

144 2277 167 2324 l.
182 2275 302 2335 Preietos,
316 2271 343 2321 ab
357 2271 458 2322 Ecclesia
473 2271 597 2322 tollendum
612 2274 647 2322 est
658 2284 724 2322 omne
737 2270 761 2322 io
778 2275 842 2336 quod
859 2289 916 2327 con·

111 2345 223 2396 lusionem
233 2345 340 2394 inducere
348 2345 431 2406 potest.
442 2343 486 2394 Sed
498 2356 527 2393 en
536 2343 668 2394 diversitate
678 2342 813 2406 religionum
824 2347 918 2398 violetur

14 2440 16 2450 >
111 2419 212 2480 quedam
222 2413 324 2466 conlusio
333 2428 401 2478 posse
410 2415 486 2469 induci
495 2414 519 2464 in
530 2416 613 2480 populo
623 2414 763 2478 christiano,
774 2420 800 2467 ut
808 2419 917 2480 quaedam

14 2514 15 2550 ;
111 2488 232 2540 Decretalis
248 2487 311 2538 dicit.
327 2489 386 2552 Ergo
398 2488 489 2540 uidetur
505 2487 565 2552 quid
578 2503 624 2540 nun
639 2488 736 2539 debeant
749 2501 801 2540 esse
816 2489 920 2542 diversio

112 2561 243 2624 religiones.

145 2667 180 2732 (1)
195 2670 301 2716 Refertur
317 2669 342 2715 in
366 2670 490 2720 Decretis,
505 2671 561 2716 dist.
578 2668 608 2714 93
621 2667 686 2731 (non
702 2671 762 2716 sicul
776 2669 841 2727 prins
855 2671 888 2716 94
901 2671 921 2732 l,

113 2746 167 2789 cup.
179 2733 221 2788 it,
236 2735 279 2778 suh
294 2735 376 2780 eedem
394 2735 545 2792 inscriptione
560 2734 591 2778 od
606 2735 741 2792 Eeopriom
754 2733 921 2794 Episcopum,

13 2781 16 2857 ᾗ
114 2797 155 2841 sed
167 2796 285 2852 inscriptio
299 2798 434 2854 Hieronymi
447 2799 480 2842 sic
496 2797 630 2854 simpliciter
645 2799 717 2844 hebet
728 2797 859 2855 Evagrio,
873 2813 924 2846 neo

13 2861 16 2922 ᾖ
114 2859 222 2917 Episcopi
237 2872 321 2906 nomon
334 2862 424 2913 sinetur
438 2861 460 2906 ei
474 2860 608 2907 convenire.
