1917 3317
475 149 568 197 176
611 155 848 207 ‚securim
879 156 1125 209 summu,
1159 157 1348 205 Quaesr.
1379 157 1641 210 ccxxxviii,
1668 156 1777 197 Αιιτ.
1808 156 1892 194 vu.

471 234 710 299 acciperem
732 234 809 285 ille
830 234 1048 285 sollicitus
1065 248 1158 285 suae
1174 236 1455 299 paupertatis
1478 240 1632 287 custos
1646 274 1659 297 ,
1678 234 1841 285 fortem
1867 246 1917 283 se·

471 309 578 357 tiam
623 307 804 358 tenebat
843 308 998 357 dicens
1044 322 1055 356 :
1095 308 1339 358 Monachus
1379 307 1457 371 qui
1497 307 1545 357 in
1584 311 1701 358 terra
1734 320 1917 369 possess

471 378 647 445 quierit,
668 381 918 429 monachus
941 392 1034 429 non
1055 382 1190 429 est.»
1212 379 1339 437 Quod
1367 377 1631 442 intelligitur
1658 380 1710 430 de
1736 392 1915 429 commu

471 451 855 517 possessionibus,
889 465 989 515 quae
1021 464 1102 515 pro
1139 450 1368 500 communi
1402 465 1488 500 usu
1516 450 1771 502 monasterii
1795 450 1844 500 vei
1886 457 1917 501 ol

471 525 648 574 hantur.
685 525 800 586 Ergo
837 522 1017 573 videtur
1042 521 1161 586 quod
1188 524 1355 573 habere
1386 522 1555 587 aliquid
1582 523 1630 573 in
1661 522 1891 574 communi

471 596 793 661 perfectionem
833 595 1086 657 religionis.

533 673 577 717 5.
617 669 845 718 Praeterea
863 704 877 729 ,
922 666 1146 717 Dominus
1177 666 1504 731 perfectionem
1546 666 1774 729 religionis
1822 666 1916 717 disc

471 740 650 790 tradens
679 739 882 792 Matth..
911 739 970 802 X,
1005 738 1115 787 dicit
1154 755 1165 788 ε
1208 754 1236 785 «
1265 738 1412 788 Nolite
1439 738 1671 802 possidere
1692 753 1877 799 aurum,
1915 754 1917 785 t

471 814 704 876 argentum
719 850 730 873 ,
744 823 892 874 neque
905 810 1144 874 pecuniam
1163 809 1211 860 in
1232 809 1356 860 zonis
1372 810 1550 872 vestriS‚
1572 824 1665 861 non
1681 810 1917 875 peraminv

471 900 552 949 per
572 883 690 947 quod
709 922 722 947 ‚
753 888 802 933 ut
827 883 1127 947 Hieronymus
1155 882 1289 947 dicit,
1314 884 1463 947 arguit
1490 883 1793 947 Philosophos
1821 882 1899 945 qui

471 955 752 1017 appellantur
787 956 1188 1018 Bactroperatoe‚
1222 954 1301 1018 qui
1324 954 1452 1018 quasi
1478 971 1505 1001 «
1532 959 1869 1018 contemptores
1889 968 1917 1003 s:

456 1021 519 1077 *et
553 1026 701 1076 omnia
730 1022 816 1090 'pro
845 1025 989 1077 nihilo
1029 1028 1275 1088 ducenteS,
1312 1024 1539 1077 cellarium
1572 1040 1726 1078 secum
1760 1026 1917 1079 vehebz

475 1101 590 1161 Ergo
627 1098 806 1148 videtur
839 1098 958 1162 quod
987 1110 1216 1148 reservare
1240 1096 1411 1161 aliquid
1446 1097 1541 1147 sive
1576 1098 1624 1148 in
1651 1100 1866 1163 proprio,
1894 1112 1914 1147 s

475 1168 697 1221 cummuni
717 1207 728 1229 ,
751 1169 973 1219 diminuat
1001 1169 1325 1233 perfectionem
1351 1168 1599 1232 religionis,

531 1242 620 1291 Sed
647 1245 800 1292 contra
826 1245 923 1304 est,
966 1240 1087 1305 quod
1123 1243 1372 1304 Prosperus
1407 1240 1513 1290 dicit
1535 1240 1585 1291 in
1610 1240 1692 1290 lib.
1723 1244 1796 1290 De
1820 1245 1917 1291 vito

475 1314 768 1378 templatim
807 1314 916 1375 (lib.
952 1318 1010 1375 2,
1040 1326 1141 1377 cap.
1172 1315 1269 1377 9),
1298 1317 1351 1363 ut
1376 1313 1567 1364 habetur
1588 1317 1665 1374 12,
1695 1328 1771 1377 qu.
1818 1318 1844 1363 1
1870 1329 1917 1363 :‹

471 1385 720 1437 ostenditur
754 1388 800 1434 et
831 1384 1012 1448 propria
1037 1385 1201 1435 debere
1235 1389 1417 1449 propter
1445 1384 1773 1449 perfectionem
1807 1388 1917 1436 cont

471 1461 515 1505 et
550 1456 647 1507 sine
674 1456 1001 1519 impedimento
1042 1456 1368 1519 perfectionis,
1407 1469 1544 1520 posse
1579 1456 1792 1506 Ecclesiae
1835 1457 1917 1506 faci

471 1533 606 1591 [quae
625 1530 730 1577 sunt
753 1526 956 1590 profecto
982 1526 1274 1591 communes)
1293 1528 1527 1591 possideri.
1553 1543 1581 1574 ι)

533 1599 846 1662 (ΟοΝοιυειο.
875 1626 939 1635 -
963 1599 1235 1650 Perfeetioni
1268 1598 1498 1661 religionis
1525 1601 1748 1663 repugnat
1775 1598 1917 1648 diviti:

471 1671 707 1721 facultates
745 1671 953 1733 proprias
993 1671 1187 1734 habere,
1218 1684 1307 1720 non
1345 1675 1497 1721 autem
1536 1683 1616 1721 eas
1653 1670 1702 1718 in
1743 1682 1917 1719 commu

471 1742 748 1794 necessarios
775 1742 877 1793 vitae
905 1756 1014 1792 usus
1044 1742 1327 1806 possidere.)

536 1813 811 1877 Respondeo
829 1814 1096 1875 dicendum,
1114 1813 1233 1877 quod
1253 1814 1372 1863 sicut
1390 1812 1526 1877 supra
1545 1812 1713 1861 dictum
1733 1816 1804 1863 est
1830 1816 1917 1877 (qu

475 1889 556 1935 nrt.
589 1890 635 1948 3,
666 1889 712 1934 et
740 1899 816 1948 qu.
841 1890 945 1946 185,
978 1888 1061 1935 art.
1086 1887 1166 1945 6),
1192 1884 1409 1948 perfectio
1429 1897 1519 1935 non
1548 1882 1755 1934 consistit
1768 1890 1917 1936 essent

475 1957 523 2005 in
557 1959 816 2021 paupertate
834 1994 847 2016 ‚
879 1957 958 2007 sed
987 1958 1034 2007 in
1066 1956 1239 2005 Christi
1266 1957 1477 2019 sequela,
1500 1955 1747 2005 secundum
1776 1956 1890 2007 illud

475 2028 599 2093 nymi
636 2042 792 2089 super·
818 2029 1003 2078 Matth.
1038 2027 1175 2092 (cap.
1211 2028 1297 2090 19)
1327 2044 1338 2076 :
1372 2026 1534 2086 «Quia
1565 2040 1658 2076 non
1698 2028 1917 2080 suffieitt

471 2099 750 2163 relinquere,
774 2100 924 2163 jungit
942 2096 1105 2151 Petrus
1125 2099 1245 2162 quod
1264 2100 1515 2162 perfectum
1536 2100 1624 2160 est,
1641 2114 1669 2145 »
1687 2098 1869 2150 scilicet
1888 2117 1911 2147 «

475 2184 644 2221 sumus.
674 2186 701 2216 »
732 2171 982 2233 Paupertas
1010 2173 1159 2221 autem
1184 2174 1253 2220 est
1283 2171 1398 2220 sicut
1426 2170 1781 2220 instrumentum
1804 2173 1880 2223 vel
1906 2184 1917 2221 ε

471 2245 582 2291 tium
610 2241 901 2305 perveniendi
924 2243 980 2308 ad
1007 2242 1331 2306 perfectionem
1354 2260 1368 2306 3
1398 2243 1518 2291 unde
1547 2242 1596 2290 in
1618 2241 1917 2294 Collationihu

471 2317 588 2362 trum
617 2313 763 2363 Abbas
790 2314 967 2378 Moyses
995 2313 1129 2376 dicit,
1152 2330 1179 2361 «
1202 2314 1413 2378 jejunia,
1429 2313 1595 2376 vigiliae
1615 2352 1627 2373 ‚
1654 2314 1894 2364 meditatio

475 2389 669 2433 turarum
684 2423 696 2447 ,
728 2384 907 2434 nuditas
927 2398 980 2434 ac
1000 2384 1197 2448 privatio
1216 2386 1418 2436 omnium
1434 2385 1697 2435 facultatum
1717 2400 1811 2436 non
1830 2388 1917 2450 peri

471 2454 549 2505 sed
568 2455 857 2523 perfectionis
873 2455 1177 2506 instrumenta
1194 2459 1317 2506 sunt.
1336 2472 1363 2502 n
1385 2457 1469 2505 Est
1486 2460 1636 2506 autem
1657 2456 1854 2520 privatio
1870 2471 1917 2507 on

471 2525 766 2589 facultatum,
800 2527 898 2577 sive
947 2530 1226 2590 paupertas,
1264 2527 1557 2589 perfectionis
1598 2527 1917 2579 instrumentui

471 2602 683 2661 quantum
711 2612 793 2663 per
823 2598 1122 2649 remotionem
1146 2598 1403 2649 divitiarum
1433 2601 1649 2649 tolluntur
1674 2602 1884 2663 quaedam
1911 2617 1917 2646 ι

475 2669 576 2721 tatis
601 2670 943 2733 impedimenta.
972 2670 1079 2728 Quae
1106 2674 1211 2721 sunt
1236 2670 1461 2735 praecipue
1490 2670 1573 2719 tria
1598 2687 1610 2719 :
1641 2672 1842 2730 Quorum
1872 2686 1917 2736 pr

471 2745 538 2793 est
576 2741 832 2791 sollicitudo
863 2754 996 2804 quam
1035 2755 1187 2791 secum
1230 2741 1398 2792 divitiae
1442 2741 1665 2805 afferunt3
1690 2744 1813 2793 unde
1852 2744 1914 2792 Do

475 2813 584 2862 dicit
619 2813 820 2869 Matth„
853 2814 956 2864 XIII
982 2828 993 2863 z
1021 2830 1048 2860 «
1070 2814 1195 2872 Quod
1232 2818 1381 2863 autem
1408 2814 1681 2863 seminatum
1717 2820 1790 2864 est
1817 2815 1865 2864 in
1896 2830 1915 2863 s

479 2885 554 2935 hic
583 2887 655 2936 est
689 2884 769 2948 qui
793 2885 981 2937 verbum
1016 2886 1098 2939 Dei
1124 2885 1281 2950 audit,
1306 2889 1353 2937 et
1389 2884 1639 2939 sollicitudo
1668 2886 1826 2939 sae-culi
1853 2886 1917 2938 ist*
