1917 3317
256 122 285 157 na
304 121 437 161 muteronis
454 123 576 162 inmemor.
767 121 814 166 loe

92 194 114 243 ll
125 196 199 257 primum
209 212 258 261 ergo
272 184 406 261 dicendum,
420 199 480 263 quon
492 201 530 251 ibe
543 203 663 265 Presbyter
673 218 721 254 nou
730 206 814 256 fecerat

71 271 123 313 roton
131 269 218 329 solemne,
228 272 264 321 sed
275 269 386 334 simplex3
398 272 457 321 trude
469 286 514 321 nou
524 278 574 323 erat
584 275 708 324 monachus
718 276 813 327 effectus

71 341 87 382 lt
97 337 134 399 cogi
143 339 217 391 deberet
231 342 258 391 de
271 342 323 402 jure
337 341 361 389 iu
374 344 512 407 munasterio
530 358 645 395 remanere
658 351 681 396 et
694 348 813 397 ecclesiam

72 407 159 471 dimittere
175 416 242 462 amen
263 414 287 461 in
304 412 353 463 foro
370 413 517 465 conscientiae
532 420 595 465 esset
607 416 629 465 ei
649 419 813 469 consulendum

70 477 111 538 torril
124 481 205 533 onmbns
220 484 316 535 dimissis
329 483 460 546 religionem
473 484 575 534 intraret.
598 488 662 537 Unde
676 489 757 545 Extra.
778 492 815 539 De

68 553 106 597 roto
121 555 188 602 elnoli
207 556 387 619 redemptione,
406 569 455 617 cap.
473 563 521 605 Per·
537 560 592 605 tunc
609 559 680 621 (qnod
698 564 733 608 est
747 561 813 610 luno

67 621 116 669 contii
127 624 173 686 llll,
186 628 302 677 consulitur
316 626 426 690 episcopo
437 628 646 691 Gratianopolitano
658 632 716 689 (seu
725 631 813 681 Geben-

68 694 158 757 ocosilqm·
168 702 212 761 post
229 704 304 748 nolum
321 699 451 761 religionis,
473 700 628 763 episcopatum
642 707 811 767 assumpserat,

67 767 104 811 roto
114 777 146 815 non
156 766 247 833 impleto,
264 774 290 820 ut
309 788 323 818 c
337 770 357 820 si
370 784 435 819 suum
451 784 531 820 sanare
541 771 681 821 desideraret
694 774 812 824 conscien-

66 831 115 894 ΗΜ,
127 839 206 901 ttamen
219 841 324 892 lfeclesin
338 841 465 904 resignaret
478 845 502 891 et
516 842 619 892 redderet
634 843 748 893 ditissimo
759 849 813 895 vota

65 916 121 952 sla.»

84 978 416 1048 ldsecundomdioendumqubd
428 984 487 1033 sicut
495 983 564 1047 supra
572 984 655 1034 dictum
666 990 701 1035 est
713 987 758 1048 (qu.
773 990 812 1048 88,

62 1050 92 1094 arl.
101 1050 254 1114 3,adt),cbm
264 1056 290 1105 de
300 1060 355 1107 voto
369 1059 487 1117 ageretur,
498 1055 536 1105 ille
550 1056 590 1117 qui
603 1060 658 1106 roto
670 1070 695 1105 se
705 1056 814 1119 obligarit

62 1117 81 1163 al
91 1124 142 1171 cotta
152 1124 255 1187 refigionis
273 1127 417 1190 ingressum,
432 1129 521 1177 tenetur
534 1126 608 1177 facere
622 1130 733 1189 quantum
750 1128 776 1176 in
789 1142 814 1178 sc

63 1192 143 1242 enimin
154 1195 187 1247 illa
197 1197 299 1261 religione
313 1198 445 1263 recipiatur.
462 1200 505 1259 Et,
521 1198 543 1247 si
559 1198 651 1261 quidem
671 1199 771 1247 intendit
789 1214 814 1249 se

65 1263 161 1323 sinrplidtcr
172 1268 196 1318 ad
212 1269 341 1333 religionem
352 1268 452 1332 obligare
457 1306 466 1332 ‚
482 1270 503 1319 si
514 1282 561 1319 non
569 1269 676 1333 recipitur
688 1270 713 1318 iu
723 1284 769 1319 nna
779 1284 815 1320 re·

66 1331 131 1397 l‘i-l'too,
143 1342 221 1391 onom
233 1340 265 1391 ire
278 1342 306 1391 ad
325 1341 407 1403 aliam;
420 1342 441 1391 si
460 1339 514 1391 verb
529 1354 554 1390 se
573 1340 674 1390 intendit
688 1341 816 1405 specialiter

67 1402 132 1466 lllgne
142 1411 165 1460 ad
179 1425 242 1461 unam
253 1412 342 1474 solim,
356 1426 404 1463 non
414 1406 415 1411 ’
424 1415 515 1462 tenetur
528 1411 576 1460 nisi
587 1413 711 1462 monadum
724 1412 815 1461 modum
879 1426 886 1441 ⁴

67 1486 96 1523 sle
105 1478 228 1542 obligationis.

88 1548 109 1595 ll
117 1552 191 1602 orium
202 1553 330 1618 dicendum,
342 1554 403 1619 quod
416 1557 496 1603 votum
507 1553 637 1616 religionis,
654 1566 707 1601 cum
721 1552 751 1601 sit
765 1565 816 1615 per-

68 1621 138 1682 dition,
147 1628 178 1674 ost
188 1626 255 1688 majus
269 1626 336 1689 quim
348 1629 425 1674 votum
438 1624 627 1688 peregrinationis
639 1627 705 1674 terre
718 1626 814 1685 sancte,

66 1690 107 1744 llll
115 1697 140 1742 ost
149 1698 276 1761 temporale;
287 1701 319 1758 et,
328 1697 388 1747 siout
396 1697 522 1746 Alexander
535 1696 614 1746 terum
623 1696 678 1745 dicit
688 1699 712 1746 et
721 1695 817 1745 babetur

64 1756 121 1810 dalea
134 1766 164 1815 De
173 1772 225 1819 volo
237 1774 259 1819 ef
271 1770 326 1819 onii
344 1768 532 1831 redemptione,
542 1780 595 1830 cap.
610 1768 753 1831 Scripfnroe
768 1766 815 1829 (ad

63 1826 156 1890 llugisrfflffi
165 1841 276 1903 quemdam
294 1839 398 1901 directo)
411 1852 463 1889 reos
478 1838 544 1887 fracti
554 1837 753 1901 cotialiqnatcnus
768 1848 815 1887 uon

63 1900 140 1967 orabatur,
151 1910 185 1972 qni
194 1912 314 1976 temporale
326 1910 460 1974 obsequium
473 1909 499 1959 in
514 1912 649 1973 perpetuam
665 1908 766 1965 noscitur
780 1922 817 1959 re

64 1968 125 2028 lis-fiolis
138 1979 288 2033 observantiam
314 1985 461 2033 commutare.
483 1980 656 2031 Ratiouabiliter
675 1984 752 2031 autem
770 1979 817 2029 dici

64 2045 123 2107 tonost,
137 2050 187 2112 mod
201 2054 267 2105 etiam
287 2067 330 2117 per
347 2052 474 2114 ingressum
497 2051 614 2115 religionis
632 2051 717 2114 aliquis
735 2063 815 2102 conse·

66 2119 120 2168 ‘illito
135 2122 275 2176 mundonem
291 2124 393 2176 omnium
410 2127 564 2187 peccatorum.
585 2124 609 2173 Si
627 2123 687 2173 enim
704 2123 817 2186 aliquibus

68 2179 174 2258 eleemosynis
187 2196 250 2247 factis
263 2198 332 2247 homo
342 2198 425 2259 {potest
437 2195 515 2244 statim
532 2194 662 2246 satisfacere
675 2195 704 2245 de
717 2193 818 2257 peccatis

71 2262 216 2327 illaetmdum
224 2267 279 2317 illud
295 2266 410 2322 mnn.,1v
422 2281 430 2315 :
441 2283 455 2313 rr
463 2268 561 2316 Peccata
568 2269 609 2315 tua
618 2265 769 2329 eleemosynis
782 2278 817 2314 ne-

73 2319 116 2383 llif.
125 2344 136 2381 r
146 2337 207 2389 mullo
222 2338 294 2402 magis
306 2338 332 2387 iu
350 2336 528 2387 satisfactionem
542 2350 584 2401 pro
598 2337 704 2387 omuibus
719 2334 819 2399 peccatis

75 2394 134 2463 ΨΜ,
149 2406 198 2469 qubd
211 2409 291 2473 abnuis
307 2420 333 2459 se
349 2408 449 2459 totaliter
467 2408 553 2458 divinis
573 2407 688 2471 obsequiis
703 2405 818 2469 mancipet
839 2475 842 2480 ⁴

77 2473 100 2536 por
111 2472 198 2536 tdoloris
215 2481 359 2544 ingressum3
375 2492 428 2543 qum
444 2480 534 2529 excedit
546 2492 615 2529 omne
627 2492 699 2542 genus
711 2477 818 2529 satisfac-
858 2493 866 2511 =

76 2536 282 2615 ¹¹lllbllt'tmpublicae
289 2550 439 2615 poeniteutiae,
447 2555 472 2599 ut
480 2552 576 2602 babetur
582 2551 606 2601 in
613 2550 709 2603 decretis
715 2549 816 2609 lllllllll,

75 2620 98 2683 ll·
107 2615 125 2675 ²r
136 2632 178 2670 too.
191 2624 342 2686 Admonere,
357 2624 415 2673 sicut
425 2622 494 2673 etiam
508 2624 665 2674 holocaustum
678 2622 769 2672 excedit
781 2632 817 2669 sa-

77 2683 183 2755 tnlripgug
192 2696 310 2759 Gregorius
318 2696 372 2746 dicit
380 2711 456 2759 snper
469 2696 556 2751 Ezecfr.
570 2696 670 2759 (homil.
681 2694 817 2756 xxlmnde

81 2752 151 2828 'ilitio
165 2766 221 2815 Vitio
232 2770 339 2830 potrum
355 2768 410 2829 (lib.
427 2770 471 2829 Vl,
486 2782 550 2817 uum.
564 2772 607 2831 9),
620 2766 681 2831 qood
691 2785 705 2815 c
715 2766 817 2816 eumdem

84 2828 135 2877 gfilit
145 2844 295 2903 ooirscquontur
303 2838 433 2903 religionem
443 2839 562 2905 intrandae,
571 2853 639 2903 aguam
651 2840 818 2900 consequuntur
