1917 3317
251 154 284 193 uu
299 155 506 195 unumunurm
519 156 625 195 cunrsrr.
796 145 844 194 ⁷⁰³

79 229 110 279 td
125 231 216 280 tertium
230 231 365 293 dicendum,
378 231 438 295 quud
452 232 613 295 iper-turbatio
626 234 732 297 suscepta
742 244 771 283 ex
781 232 843 283 nuti·

45 299 113 350 ritate
123 300 205 351 Christi
215 302 368 359 manifestata.
378 303 518 365 congruebat
530 302 613 353 Christi
627 302 740 352 nativitati
753 317 759 351 :
769 302 844 366 prime

46 372 146 433 puidem,
165 372 217 436 quie
231 386 273 437 per
289 376 333 424 truc
346 373 506 424 manifestetur
518 373 620 424 coelestis
634 373 719 424 Christi
729 374 841 439 dignitus3

47 444 100 492 rude
108 444 228 507 Gregorius
239 444 293 495 dicit
307 446 332 494 iu
341 446 438 495 flumitiu
450 446 469 495 X
479 461 486 495 :
497 446 576 495 «cuti
586 459 639 509 rege
649 449 715 508 nutu,
727 460 767 495 rer
775 450 844 497 terrm

45 514 141 565 urbatus
154 519 203 576 est,
218 515 271 579 quie
286 515 393 566 uimimm
407 520 499 567 terrena
512 518 608 567 attitudu
622 516 778 575 contunditur,
790 514 843 565 utrm

45 585 148 636 *uisitudu
157 586 256 636 coeteuis
262 586 371 651 aperitur.
384 586 520 651 suerunt,
531 587 584 651 quia
596 600 637 651 per
646 588 690 637 hoe
703 586 844 649 figurabatur

49 656 158 705 udiciaria
172 656 259 706 Christi
277 662 399 723 potestus3
414 659 474 708 unde
488 658 628 721 Augustinus
639 656 695 707 dicit
706 657 729 706 iu
743 657 842 720 quodum

46 740 139 777 ermune
152 729 307 793 Epr'plrum‘oe
321 743 330 776 :
344 728 426 788 «Quid
437 728 482 778 erit
493 729 589 778 tribuunt
602 726 737 793 judicantis,
749 728 844 790 quande

53 800 143 860 rperbcs
164 800 239 863 Reges
256 800 368 849 cunabula
387 800 503 849 terrebunt
525 799 664 849 iutuntisiu
682 797 773 859 Tertii,
789 796 843 861 quiu

45 883 77 917 »er
92 870 137 919 huc
148 870 289 933 figurabutur
302 870 402 934 dejectio
419 869 485 933 regui
500 868 669 933 diubuti;quiu‚
679 870 705 917 ut
719 869 764 917 Leu
779 870 843 931 Papa

49 940 87 987 ruit
106 940 132 989 iu
144 953 251 990 sermone
267 940 419 1005 Epr'ptrunioe
433 956 443 989 .·
457 957 471 988 u
483 941 534 990 Nun
552 944 641 989 tuntum
655 940 755 989 Herodes
769 939 794 987 iu
806 950 844 988 se-

45 1011 132 1074 metipse
154 1010 299 1073 turbabatur,
317 1015 426 1075 quantum
448 1011 553 1061 diabotus
574 1011 598 1059 in
619 1010 722 1071 tierude3
742 1010 845 1060 flerudes

53 1081 91 1129 rim
104 1086 225 1132 terrenum
245 1081 362 1132 huminem
381 1080 526 1143 estimabat,
541 1081 581 1131 sed
599 1080 702 1129 diabulus
716 1080 787 1129 iteum
802 1092 842 1129 cu·

49 1154 169 1214 uescebat3
181 1156 206 1203 et
218 1156 317 1216 uterque
330 1152 394 1214 regui
410 1151 447 1201 sui
460 1164 614 1203 successorem
625 1150 728 1213 timebat,
738 1149 845 1200 diabotus

45 1226 158 1286 etesium,
167 1225 208 1274 sed
218 1224 320 1275 Herodes
327 1228 451 1286 terrenum;
460 1240 474 1268 u
482 1220 597 1286 superflue
607 1225 694 1284 tamen,
704 1222 757 1284 quie
766 1221 845 1271 Chris-

45 1312 66 1345 us
78 1310 124 1347 nou
140 1300 237 1346 uenerat
249 1308 344 1358 reguum
357 1294 382 1344 iu
395 1300 456 1344 terra
469 1295 562 1356 hubere3
575 1293 636 1342 uude
653 1292 700 1343 Len
714 1293 775 1356 Papa
787 1292 842 1342 dicit

45 1370 110 1418 terudi
124 1367 226 1431 loquens
240 1382 247 1416 :
267 1384 282 1415 u
295 1367 347 1417 Neu
357 1366 420 1429 cupit
437 1366 555 1415 Christum
569 1363 630 1428 regia
641 1366 680 1412 tua
687 1399 696 1425 ,
707 1374 750 1412 nec
763 1361 843 1412 muudi

46 1440 137 1489 ominus
147 1438 273 1503 potestatis
287 1441 322 1487 tur
333 1438 419 1502 sceptri
432 1442 467 1487 est
479 1438 603 1485 contentus
614 1433 736 1495 angustiis.
749 1449 763 1480 u
777 1432 843 1491 Quod

44 1518 101 1561 utem
123 1510 202 1561 Judaei
222 1510 382 1569 turbabuntur,
396 1508 436 1572 qui
454 1512 531 1557 tamen
553 1505 625 1568 magis
640 1506 737 1567 paudere
756 1503 842 1553 debur-

45 1590 91 1649 rut,
105 1589 149 1636 aut
163 1586 212 1633 truc
225 1586 270 1645 est,
281 1582 344 1646 quiu,
359 1586 384 1631 ut
396 1583 574 1645 Chrysostumus
588 1578 656 1638 dicit,
674 1594 688 1624 u
698 1578 726 1627 de
741 1577 843 1627 adventu

46 1658 76 1705 ui
90 1669 144 1706 uun
158 1657 266 1718 poterant
279 1653 378 1717 gaudere
389 1651 477 1715 iniqui,
492 1654 531 1700 aut
551 1648 656 1699 nolentes
668 1648 745 1697 iuuere
758 1646 842 1696 iiercdi

44 1742 90 1777 uem
108 1726 248 1787 timebunt3
265 1723 435 1788 popuiusenim
449 1724 502 1787 ptus
514 1723 576 1785 J'ustu
598 1722 660 1770 iuvet
678 1720 712 1769 eis
729 1732 774 1782 quc
792 1732 845 1767 ern·

44 1800 84 1848 ries
100 1796 219 1849 sustinet.
233 1810 249 1842 u
260 1796 325 1853 Quod
338 1797 413 1844 autem
424 1792 492 1857 pueri
512 1792 540 1842 ub
550 1790 641 1841 Herode
651 1794 705 1839 sunt
718 1788 843 1853 interiectu
915 1800 916 1818 ¹

45 1885 67 1918 :u
82 1869 160 1920 cessit
172 1868 201 1916 iu
219 1879 298 1917 eorum
313 1864 492 1925 detrimentum,
511 1864 589 1914 sedin
606 1874 684 1912 eurum
699 1860 841 1925 protectum

44 1944 76 1993 uit
92 1942 161 1992 enim
182 1938 329 2001 Augustinus
342 1936 367 1985 iu
381 1948 486 1986 sermone
505 1936 602 1997 quodum
623 1934 660 1982 De
673 1930 841 1996 Epiphania:

54 2015 117 2063 Absit
138 2014 169 2061 ut
183 2010 217 2059 ud
235 2008 367 2058 liberandus
381 2007 488 2056 hemines
500 2006 606 2055 Christus
619 2004 730 2065 veniens,
745 2002 774 2051 de
793 1999 845 2049 iiic·

44 2100 70 2134 :m
84 2083 190 2150 praenric
202 2079 244 2143 qui
257 2091 299 2143 pru
318 2090 346 2128 eu
362 2069 553 2135 interficerentur,
565 2074 623 2124 ninii
635 2074 719 2137 egerit,
734 2071 774 2135 qut
786 2082 845 2135 pen·

44 2171 76 2206 us
90 2159 117 2206 iu
127 2154 215 2217 tigno,
227 2162 270 2214 pru
284 2149 319 2199 eis
329 2148 344 2198 t
356 2148 440 2212 quitus
456 2145 644 2208 interficiebatur,
655 2143 735 2196 urrvit.
751 2158 765 2189 r

328 2326 490 2378 strictius
505 2326 546 2375 111.

44 2463 105 2508 'trium
114 2463 173 2509 rint
184 2456 361 2504 conuenienter
369 2453 442 2571 elect}⁸
448 2453 489 2497 itti
497 2452 582 2509 quitur
592 2448 718 2495 estCirrt'rti
728 2444 845 2490 nativitus

359 2518 427 2561 mani
440 2520 527 2561 estate.

54 2660 82 2707 td
104 2655 209 2707 tertium
226 2651 263 2700 sie
284 2646 424 2713 proceditur.
444 2641 611 2705 videturqudd
628 2653 674 2691 nun
693 2638 739 2687 sint
759 2644 845 2685 cenve-

49 2735 107 2778 ruter
122 2724 199 2778 electi
215 2721 253 2771 illi
267 2719 397 2783 quinusest
409 2714 499 2767 curisti
513 2713 621 2763 nutiuitus
632 2708 785 2785 manifestata.
798 2703 844 2752 ito·

44 2798 175 2850 musenim
192 2793 306 2845 Mettis„
320 2790 352 2853 x,
365 2786 483 2837 mandunt
492 2783 626 2847 discipulis:
641 2796 655 2827 u
664 2780 690 2827 in
707 2786 767 2823 urum
780 2772 844 2851 Geu-

46 2886 74 2921 uu
96 2884 127 2923 ue
142 2862 276 2926 abieritis,
291 2878 306 2909 u
322 2864 349 2910 ut
369 2858 459 2908 scilieet
473 2855 539 2921 prius
559 2847 743 2904 manifestaretur
758 2843 844 2893 tudens
