1917 3317
389 134 471 177 utrix.
767 120 831 174 tuti

337 270 466 325 QuAEsrlo
479 270 529 317 XV.

27 374 57 417 >e
70 370 204 427 defectibus
214 370 324 419 ouimoei
340 369 434 415 christo
448 368 584 425 assumptis,
593 368 621 413 iu
630 368 709 413 tecum
718 368 835 414 articulos

388 433 475 477 divisa.

27 539 162 577 tumemus
176 530 195 575 l.
206 531 285 576 Utrum
296 531 319 574 iu
334 530 422 575 Christo
432 530 500 575 tuerit
508 532 633 587 peccatum.
793 533 834 574 tm

181 593 211 637 ΙΙ.
221 592 301 637 Utrum
310 594 335 637 iu
350 593 438 637 Christo
446 593 516 637 tuerit
525 592 594 636 tomes
604 593 697 650 peccrti.
792 594 834 637 tii

181 655 219 701 111.
230 656 309 700 Utrum
321 656 343 699 in
354 655 441 699 Christo
450 655 518 700 tuerit
526 656 659 709 ignorantis.
792 657 834 697 mr

181 719 218 763 iv.
227 718 306 763 Utrum
315 719 390 763 inimo
402 719 484 763 Christi
498 720 566 763 tuerit
580 719 700 775 possibilis.
793 721 835 762 tii

181 779 209 825 V.
220 780 332 825 Utrumiu
343 780 429 826 Christo
439 782 507 825 tuerit
515 782 579 825 dolor
589 781 708 825 scissibilis.
793 782 834 823 tm

181 842 221 887 Vl.
232 842 311 887 Utrum
321 844 345 889 in
361 844 446 887 Christo
455 844 524 889 tuerit
536 844 632 889 iustitis.
793 844 834 885 tit

182 904 231 949 vii.
242 904 322 948 Utrum
332 906 357 949 in
367 906 453 951 Christo
463 906 532 950 tuerit
541 907 615 951 timor.
794 906 835 948 rm

182 967 240 1013 vili.
251 968 331 1013 Utrum
343 970 366 1013 in
377 970 465 1014 Christo
475 970 543 1013 tuerit
556 969 682 1014 admiratio.
794 970 836 1012 trs

183 1030 223 1076 ix.
239 1031 318 1077 Utrum
328 1033 352 1076 iu
367 1034 454 1077 Christo
464 1033 534 1077 tuerit
543 1032 583 1077 irs.
795 1033 836 1075 tis

183 1092 226 1199 X.h
223 1092 301 1139 Utrum
311 1094 412 1159 Uirrium
422 1096 490 1141 simul
499 1095 568 1139 tuerit
578 1096 647 1140 virtor
654 1099 677 1141 et
685 1106 783 1152 compre·
796 1158 834 1199 m

228 1167 303 1201 error.

335 1226 467 1280 QuAEsrio
481 1228 542 1273 XVI.

30 1325 70 1368 De
80 1325 276 1381 consequentibus
285 1326 406 1381 uuiouem,
417 1329 535 1384 quamtum
548 1325 580 1369 od
590 1338 618 1369 eo
631 1338 683 1382 qua
696 1324 839 1369 couoeuiuut

61 1386 159 1432 Christo
172 1387 301 1432 secuudum
316 1400 362 1433 esse
377 1394 398 1433 et
417 1388 480 1444 iteri,
492 1389 519 1432 iu
533 1388 656 1433 duodecim
673 1386 788 1433 articulos
799 1386 838 1432 ii·

61 1449 124 1493 uisu.

34 1550 168 1593 tumori-us
183 1548 200 1593 1.
211 1548 291 1594 Utrum
305 1550 353 1593 hmo
362 1550 391 1593 sit
401 1562 451 1595 rom
467 1550 593 1595 :Deurest
606 1550 683 1594 muso.
797 1551 838 1592 titt

187 1612 215 1657 11.
226 1613 305 1658 Utrum
315 1614 362 1657 huc
371 1614 400 1657 sit
409 1625 460 1658 vcro
472 1625 477 1657 :
489 1613 563 1657 Homo
577 1617 612 1657 est
621 1614 694 1658 Dcur.
797 1615 838 1657 iss

186 1675 225 1719 111.
240 1676 319 1721 Utrum
336 1676 436 1721 Christus
453 1677 523 1733 poerit
539 1676 585 1720 dici
600 1676 667 1721 homo
683 1676 782 1720 domini·

212 1751 259 1783 cue.
797 1740 839 1783 rm

187 1802 223 1846 lV.
233 1802 313 1847 Utrum
323 1814 349 1845 eu
357 1814 407 1857 qum
416 1802 552 1845 conveniunt
565 1799 621 1845 Filio
631 1802 728 1846 hominis
737 1813 785 1859 por·

214 1866 258 1909 rint
269 1864 384 1921 prudicuri
397 1865 426 1907 de
434 1863 491 1909 Filio
500 1865 555 1920 Dei,
565 1869 587 1907 ct
595 1866 609 1908 i
617 1876 731 1910 converso.
798 1863 839 1909 tui

187 1926 215 1971 V.
234 1928 315 1972 Utrum
331 1938 356 1971 cr
372 1939 421 1983 quae
443 1927 579 1971 conveniunt
596 1926 653 1971 Filio
671 1928 784 1983 hominis,

216 1990 300 2046 possint
309 1990 426 2045 predicari
436 1989 463 2033 do
477 1990 554 2033 dirim
570 1994 661 2046 mturs3
671 1994 694 2035 ct
702 1988 730 2035 do
739 1992 784 2034 iru-

215 2066 280 2097 maus
290 2066 315 2098 es
325 2064 374 2109 qum
383 2053 518 2097 conveniunt
529 2051 586 2096 rim
596 2052 644 2098 Uei.
800 2056 841 2097 itti

109 2136 136 2147 -
189 2115 228 2160 Vi.
238 2116 318 2160 Utrum
329 2117 375 2161 huc
386 2116 415 2160 sit
424 2127 485 2170 reri,
495 2115 561 2159 Deus
570 2115 650 2164 suctus
659 2119 693 2159 ert
702 2113 778 2159 homo.
800 2119 842 2160 rm

188 2178 235 2222 Vll.
252 2178 332 2223 Utrum
357 2180 404 2225 huc
428 2178 456 2222 sit
474 2189 542 2232 verr,
561 2177 635 2221 Homo
648 2177 733 2233 suctus
753 2180 788 2221 est

189 2242 344 2348 Vfflfftrum
363 2304 410 2349 hoc
423 2304 453 2349 sit
467 2316 518 2348 reru
531 2317 537 2348 2
548 2300 657 2347 Christus
667 2306 702 2347 est
717 2315 784 2347 creo-
801 2242 842 2284 m

188 2370 318 2474 ΙΧἪΜ]
328 2430 376 2475 hcc
385 2430 414 2473 sit
423 2441 475 2473 reru
486 2443 492 2471 ε
503 2429 551 2473 Iste
562 2427 632 2473 lsomo
641 2428 790 2484 tdcmoustrs-
801 2367 838 2410 m

215 2496 237 2536 to
251 2492 519 2549 Christotiucocpitcsse.
803 2492 841 2534 trs

188 2554 218 2599 X.
237 2554 317 2599 Utrum
332 2555 378 2600 lucc
396 2555 424 2600 sit
440 2567 508 2599 reru:
525 2553 642 2606 Christus,
659 2551 788 2597 secuudum

215 2616 278 2674 quid
288 2618 364 2673 homo,
375 2620 409 2663 ert
418 2620 539 2662 creatura.
801 2616 843 2657 mr

190 2680 229 2725 XI.
243 2680 323 2727 Utrum
337 2684 384 2727 haec
398 2682 427 2727 stt
442 2693 493 2725 vers
508 2679 643 2733 :Christum
658 2677 787 2723 umorum

215 2745 278 2803 quid
287 2745 361 2799 homo,
373 2748 407 2790 est
419 2746 492 2789 Deus.
800 2741 841 2783 iti

189 2804 237 2852 xii.
253 2808 333 2853 Utrum
343 2810 389 2854 huc
402 2810 432 2853 sit
445 2819 497 2852 vers
507 2821 513 2847 ε
525 2806 642 2859 Christus,
657 2803 787 2849 secumdum

215 2872 278 2929 quid
287 2873 363 2928 como,
373 2876 408 2921 est
417 2868 549 2929 hypostasis
561 2868 599 2913 uei
610 2878 718 2923 persono.
800 2866 841 2909 its
