<?xml version="1.0" encoding="UTF-8"?>
<!DOCTYPE html PUBLIC "-//W3C//DTD XHTML 1.0 Transitional//EN"
    "http://www.w3.org/TR/xhtml1/DTD/xhtml1-transitional.dtd">
<html xmlns="http://www.w3.org/1999/xhtml" xml:lang="en" lang="en">
 <head>
  <title>
</title>
<meta http-equiv="Content-Type" content="text/html;charset=utf-8" />
  <meta name='ocr-system' content='tesseract 3.04.00' />
  <meta name='ocr-capabilities' content='ocr_page ocr_carea ocr_par ocr_line ocrx_word'/>
</head>
<body>
  <div class='ocr_page' id='page_1' title='image "./summatheologica02nicogoog_0229.png"; bbox 0 0 1917 3317; ppageno 0'>
   <div class='ocr_carea' id='block_1_1' title="bbox 520 136 1708 197">
    <p class='ocr_par' dir='ltr' id='par_1_1' title="bbox 520 136 1708 197">
     <span class='ocr_line' id='line_1_1' title="bbox 520 136 1708 197; baseline -0.004 -8"><span class='ocrx_word' id='word_1_1' title='bbox 520 136 618 189; x_wconf 55' lang='grc' dir='ltr'><strong>Μ</strong></span> <span class='ocrx_word' id='word_1_2' title='bbox 890 146 898 157; x_wconf 88' lang='grc'>·</span> <span class='ocrx_word' id='word_1_3' title='bbox 937 148 1062 186; x_wconf 67' lang='lat' dir='ltr'><strong>nm</strong></span> <span class='ocrx_word' id='word_1_4' title='bbox 1091 149 1177 197; x_wconf 88' lang='lat' dir='ltr'><strong>m,</strong></span> <span class='ocrx_word' id='word_1_5' title='bbox 1208 147 1394 193; x_wconf 74' lang='lat' dir='ltr'><strong>oum.</strong></span> <span class='ocrx_word' id='word_1_6' title='bbox 1428 148 1473 197; x_wconf 88' lang='grc' dir='ltr'><strong>ι,</strong></span> <span class='ocrx_word' id='word_1_7' title='bbox 1506 147 1618 185; x_wconf 77' lang='lat' dir='ltr'><strong>m.</strong></span> <span class='ocrx_word' id='word_1_8' title='bbox 1654 148 1708 185; x_wconf 85' lang='grc' dir='ltr'><strong>ιι.</strong></span> 
     </span>
    </p>
   </div>
   <div class='ocr_carea' id='block_1_2' title="bbox 516 220 1917 787">
    <p class='ocr_par' dir='ltr' id='par_1_2' title="bbox 520 220 1917 345">
     <span class='ocr_line' id='line_1_2' title="bbox 520 220 1917 289; baseline -0.006 -11"><span class='ocrx_word' id='word_1_9' title='bbox 520 224 655 278; x_wconf 66' lang='lat' dir='ltr'><strong>rina.</strong></span> <span class='ocrx_word' id='word_1_10' title='bbox 684 224 786 274; x_wconf 88' lang='lat' dir='ltr'><strong>Nou</strong></span> <span class='ocrx_word' id='word_1_11' title='bbox 824 236 932 287; x_wconf 69' lang='lat' dir='ltr'><strong>ergo</strong></span> <span class='ocrx_word' id='word_1_12' title='bbox 968 224 1055 274; x_wconf 70' lang='lat' dir='ltr'><strong>ruit</strong></span> <span class='ocrx_word' id='word_1_13' title='bbox 1096 223 1404 275; x_wconf 70' lang='lat' dir='ltr'><strong>necessarium</strong></span> <span class='ocrx_word' id='word_1_14' title='bbox 1442 223 1502 273; x_wconf 80' lang='lat' dir='ltr'><strong>ad</strong></span> <span class='ocrx_word' id='word_1_15' title='bbox 1539 221 1856 289; x_wconf 70' lang='lat' dir='ltr'><strong>reparationem</strong></span> <span class='ocrx_word' id='word_1_16' title='bbox 1884 220 1917 269; x_wconf 68' lang='lat' dir='ltr'><strong>bn</strong></span> 
     </span>
     <span class='ocr_line' id='line_1_3' title="bbox 520 294 1308 345; baseline -0.001 0"><span class='ocrx_word' id='word_1_17' title='bbox 520 298 694 345; x_wconf 84' lang='lat' dir='ltr'><strong>naturae</strong></span> <span class='ocrx_word' id='word_1_18' title='bbox 720 295 916 345; x_wconf 85' lang='lat' dir='ltr'>Verbum</span> <span class='ocrx_word' id='word_1_19' title='bbox 944 295 1035 345; x_wconf 89' lang='lat' dir='ltr'><strong>Dei</strong></span> <span class='ocrx_word' id='word_1_20' title='bbox 1063 294 1308 345; x_wconf 83' lang='lat' dir='ltr'><strong>incarnari.</strong></span> 
     </span>
    </p>

    <p class='ocr_par' dir='ltr' id='par_1_3' title="bbox 516 361 1917 787">
     <span class='ocr_line' id='line_1_4' title="bbox 585 361 1917 430; baseline -0.005 -13"><span class='ocrx_word' id='word_1_21' title='bbox 585 370 634 417; x_wconf 81' lang='lat'><strong>8.</strong></span> <span class='ocrx_word' id='word_1_22' title='bbox 681 368 905 417; x_wconf 79' lang='lat' dir='ltr'><strong>Praetereu</strong></span> <span class='ocrx_word' id='word_1_23' title='bbox 921 401 939 428; x_wconf 91' lang='lat'>‚</span> <span class='ocrx_word' id='word_1_24' title='bbox 979 366 1035 417; x_wconf 76' lang='lat' dir='ltr'><strong>ad</strong></span> <span class='ocrx_word' id='word_1_25' title='bbox 1075 366 1269 415; x_wconf 77' lang='lat' dir='ltr'><strong>salutem</strong></span> <span class='ocrx_word' id='word_1_26' title='bbox 1318 365 1518 416; x_wconf 79' lang='lat' dir='ltr'><strong>hominis</strong></span> <span class='ocrx_word' id='word_1_27' title='bbox 1554 364 1779 430; x_wconf 61' lang='lat' dir='ltr'><strong>principue</strong></span> <span class='ocrx_word' id='word_1_28' title='bbox 1819 361 1917 427; x_wconf 78' lang='lat' dir='ltr'><strong>perti</strong></span> 
     </span>
     <span class='ocr_line' id='line_1_5' title="bbox 520 436 1917 499; baseline -0.004 -11"><span class='ocrx_word' id='word_1_29' title='bbox 520 438 662 489; x_wconf 84' lang='lat' dir='ltr'><strong>Deum</strong></span> <span class='ocrx_word' id='word_1_30' title='bbox 685 441 973 499; x_wconf 75' lang='lat' dir='ltr'><strong>revereatur;</strong></span> <span class='ocrx_word' id='word_1_31' title='bbox 992 438 1113 488; x_wconf 85' lang='lat' dir='ltr'><strong>unde</strong></span> <span class='ocrx_word' id='word_1_32' title='bbox 1138 436 1305 487; x_wconf 85' lang='lat' dir='ltr'><strong>dicitur</strong></span> <span class='ocrx_word' id='word_1_33' title='bbox 1333 437 1570 494; x_wconf 66' lang='lat' dir='ltr'><strong>Malae-li..</strong></span> <span class='ocrx_word' id='word_1_34' title='bbox 1592 440 1642 488; x_wconf 92' lang='lat'><strong>1:</strong></span> <span class='ocrx_word' id='word_1_35' title='bbox 1667 455 1694 485; x_wconf 78' lang='grc' dir='ltr'><strong>(ι</strong></span> <span class='ocrx_word' id='word_1_36' title='bbox 1708 437 1854 499; x_wconf 78' lang='lat' dir='ltr'><strong>siege</strong></span> <span class='ocrx_word' id='word_1_37' title='bbox 1871 447 1917 498; x_wconf 78' lang='lat' dir='ltr'><strong>pa</strong></span> 
     </span>
     <span class='ocr_line' id='line_1_6' title="bbox 519 507 1917 569; baseline -0.004 -10"><span class='ocrx_word' id='word_1_38' title='bbox 519 510 664 560; x_wconf 80' lang='lat' dir='ltr'><strong>honor</strong></span> <span class='ocrx_word' id='word_1_39' title='bbox 686 509 843 559; x_wconf 81' lang='lat' dir='ltr'><strong>meus?</strong></span> <span class='ocrx_word' id='word_1_40' title='bbox 863 508 904 559; x_wconf 84' lang='lat' dir='ltr'><strong>si</strong></span> <span class='ocrx_word' id='word_1_41' title='bbox 931 507 1160 569; x_wconf 83' lang='lat' dir='ltr'><strong>dominus,</strong></span> <span class='ocrx_word' id='word_1_42' title='bbox 1190 508 1271 557; x_wconf 75' lang='lat' dir='ltr'><strong>ubi</strong></span> <span class='ocrx_word' id='word_1_43' title='bbox 1298 509 1433 559; x_wconf 83' lang='lat' dir='ltr'><strong>timor</strong></span> <span class='ocrx_word' id='word_1_44' title='bbox 1456 510 1622 559; x_wconf 77' lang='lat' dir='ltr'><strong>meus?</strong></span> <span class='ocrx_word' id='word_1_45' title='bbox 1645 525 1673 556; x_wconf 74' lang='lat' dir='ltr'><strong>n</strong></span> <span class='ocrx_word' id='word_1_46' title='bbox 1694 508 1781 558; x_wconf 84' lang='lat' dir='ltr'><strong>Sed</strong></span> <span class='ocrx_word' id='word_1_47' title='bbox 1810 520 1864 557; x_wconf 75' lang='lat' dir='ltr'><strong>ex</strong></span> <span class='ocrx_word' id='word_1_48' title='bbox 1892 507 1917 554; x_wconf 87' lang='lat' dir='ltr'><strong>h</strong></span> 
     </span>
     <span class='ocr_line' id='line_1_7' title="bbox 517 578 1917 643; baseline -0.004 -12"><span class='ocrx_word' id='word_1_49' title='bbox 517 581 737 631; x_wconf 83' lang='lat' dir='ltr'><strong>homines</strong></span> <span class='ocrx_word' id='word_1_50' title='bbox 750 581 888 630; x_wconf 84' lang='lat' dir='ltr'><strong>Deum</strong></span> <span class='ocrx_word' id='word_1_51' title='bbox 921 579 1065 641; x_wconf 77' lang='lat' dir='ltr'><strong>magis</strong></span> <span class='ocrx_word' id='word_1_52' title='bbox 1086 583 1353 630; x_wconf 78' lang='lat' dir='ltr'><strong>reverentur</strong></span> <span class='ocrx_word' id='word_1_53' title='bbox 1366 617 1380 642; x_wconf 90' lang='lat'>,</span> <span class='ocrx_word' id='word_1_54' title='bbox 1400 578 1523 643; x_wconf 75' lang='lat' dir='ltr'><strong>quod</strong></span> <span class='ocrx_word' id='word_1_55' title='bbox 1543 593 1650 629; x_wconf 84' lang='lat' dir='ltr'><strong>eum</strong></span> <span class='ocrx_word' id='word_1_56' title='bbox 1669 578 1917 630; x_wconf 74' lang='lat' dir='ltr'><strong>consideran</strong></span> 
     </span>
     <span class='ocr_line' id='line_1_8' title="bbox 517 651 1917 714; baseline -0.005 -10"><span class='ocrx_word' id='word_1_57' title='bbox 517 652 676 704; x_wconf 83' lang='lat' dir='ltr'><strong>omnia</strong></span> <span class='ocrx_word' id='word_1_58' title='bbox 719 653 946 702; x_wconf 76' lang='lat' dir='ltr'><strong>elevatum</strong></span> <span class='ocrx_word' id='word_1_59' title='bbox 964 688 980 714; x_wconf 93' lang='lat'><strong><em>,</em></strong></span> <span class='ocrx_word' id='word_1_60' title='bbox 1009 655 1057 701; x_wconf 89' lang='lat' dir='ltr'><strong>et</strong></span> <span class='ocrx_word' id='word_1_61' title='bbox 1094 652 1151 701; x_wconf 85' lang='lat' dir='ltr'><strong>ab</strong></span> <span class='ocrx_word' id='word_1_62' title='bbox 1181 651 1419 701; x_wconf 83' lang='lat' dir='ltr'><strong>homiuum</strong></span> <span class='ocrx_word' id='word_1_63' title='bbox 1464 651 1679 702; x_wconf 76' lang='lat' dir='ltr'>sensibus</span> <span class='ocrx_word' id='word_1_64' title='bbox 1711 652 1917 701; x_wconf 83' lang='lat' dir='ltr'><strong>remotum</strong></span> 
     </span>
     <span class='ocr_line' id='line_1_9' title="bbox 516 722 1917 787; baseline -0.004 -11"><span class='ocrx_word' id='word_1_65' title='bbox 516 724 569 776; x_wconf 84' lang='lat' dir='ltr'><strong>in</strong></span> <span class='ocrx_word' id='word_1_66' title='bbox 593 722 782 774; x_wconf 78' lang='lat' dir='ltr'><strong>Psalm.</strong></span> <span class='ocrx_word' id='word_1_67' title='bbox 813 723 928 773; x_wconf 87' lang='lat' dir='ltr'>CXII</span> <span class='ocrx_word' id='word_1_68' title='bbox 957 722 1123 773; x_wconf 84' lang='lat' dir='ltr'><strong>dieitur</strong></span> <span class='ocrx_word' id='word_1_69' title='bbox 1155 737 1166 772; x_wconf 89' lang='lat'>:</span> <span class='ocrx_word' id='word_1_70' title='bbox 1200 740 1228 771; x_wconf 81' lang='grc' dir='ltr'>α</span> <span class='ocrx_word' id='word_1_71' title='bbox 1251 723 1467 773; x_wconf 79' lang='lat' dir='ltr'><strong>Excetsus</strong></span> <span class='ocrx_word' id='word_1_72' title='bbox 1494 736 1636 787; x_wconf 82' lang='lat' dir='ltr'><strong>super</strong></span> <span class='ocrx_word' id='word_1_73' title='bbox 1661 735 1817 773; x_wconf 83' lang='lat' dir='ltr'><strong>onmes</strong></span> <span class='ocrx_word' id='word_1_74' title='bbox 1840 733 1917 784; x_wconf 78' lang='lat' dir='ltr'><strong>geu</strong></span> 
     </span>
    </p>
   </div>
   <div class='ocr_carea' id='block_1_3' title="bbox 478 792 1917 857">
    <p class='ocr_par' dir='ltr' id='par_1_4' title="bbox 478 792 1917 857">
     <span class='ocr_line' id='line_1_10' title="bbox 478 792 1917 857; baseline -0.001 -16"><span class='ocrx_word' id='word_1_75' title='bbox 478 827 492 841; x_wconf 90' lang='lat'><strong>.</strong></span> <span class='ocrx_word' id='word_1_76' title='bbox 518 795 690 854; x_wconf 71' lang='lat' dir='ltr'><strong>minus,</strong></span> <span class='ocrx_word' id='word_1_77' title='bbox 713 799 760 844; x_wconf 83' lang='lat' dir='ltr'><strong>et</strong></span> <span class='ocrx_word' id='word_1_78' title='bbox 785 807 920 857; x_wconf 77' lang='lat' dir='ltr'><strong>super</strong></span> <span class='ocrx_word' id='word_1_79' title='bbox 941 794 1082 845; x_wconf 80' lang='lat' dir='ltr'><strong>eoelos</strong></span> <span class='ocrx_word' id='word_1_80' title='bbox 1099 794 1241 856; x_wconf 79' lang='lat' dir='ltr'><strong>gloria</strong></span> <span class='ocrx_word' id='word_1_81' title='bbox 1260 794 1387 857; x_wconf 76' lang='lat' dir='ltr'><strong>ejus3</strong></span> <span class='ocrx_word' id='word_1_82' title='bbox 1412 810 1441 841; x_wconf 83' lang='lat'><strong>»</strong></span> <span class='ocrx_word' id='word_1_83' title='bbox 1460 798 1507 844; x_wconf 90' lang='lat' dir='ltr'><strong>et</strong></span> <span class='ocrx_word' id='word_1_84' title='bbox 1525 798 1689 857; x_wconf 83' lang='lat' dir='ltr'><strong>postea</strong></span> <span class='ocrx_word' id='word_1_85' title='bbox 1706 792 1917 844; x_wconf 81' lang='lat' dir='ltr'>subditur:</span> 
     </span>
    </p>
   </div>
   <div class='ocr_carea' id='block_1_4' title="bbox 518 865 1917 1788">
    <p class='ocr_par' dir='ltr' id='par_1_5' title="bbox 518 865 1917 1074">
     <span class='ocr_line' id='line_1_11' title="bbox 518 865 1917 929; baseline -0.003 -11"><span class='ocrx_word' id='word_1_86' title='bbox 518 867 639 918; x_wconf 79' lang='lat' dir='ltr'><strong>sieut</strong></span> <span class='ocrx_word' id='word_1_87' title='bbox 661 868 783 918; x_wconf 82' lang='lat' dir='ltr'><strong>Deus</strong></span> <span class='ocrx_word' id='word_1_88' title='bbox 805 866 994 917; x_wconf 80' lang='lat' dir='ltr'><strong>noster?</strong></span> <span class='ocrx_word' id='word_1_89' title='bbox 1013 883 1042 914; x_wconf 76' lang='grc' dir='ltr'><strong>ιι</strong></span> <span class='ocrx_word' id='word_1_90' title='bbox 1064 866 1189 924; x_wconf 84' lang='lat' dir='ltr'><strong>Quod</strong></span> <span class='ocrx_word' id='word_1_91' title='bbox 1212 866 1268 916; x_wconf 82' lang='lat' dir='ltr'><strong>ad</strong></span> <span class='ocrx_word' id='word_1_92' title='bbox 1293 865 1591 917; x_wconf 76' lang='lat' dir='ltr'><strong>reverentiam</strong></span> <span class='ocrx_word' id='word_1_93' title='bbox 1619 866 1832 929; x_wconf 74' lang='lat' dir='ltr'><strong>pertinet.</strong></span> <span class='ocrx_word' id='word_1_94' title='bbox 1856 865 1917 923; x_wconf 63' lang='lat' dir='ltr'><strong>Er!</strong></span> 
     </span>
     <span class='ocr_line' id='line_1_12' title="bbox 520 936 1917 1002; baseline -0.002 -14"><span class='ocrx_word' id='word_1_95' title='bbox 520 942 594 988; x_wconf 87' lang='lat' dir='ltr'><strong>tur</strong></span> <span class='ocrx_word' id='word_1_96' title='bbox 632 951 724 989; x_wconf 88' lang='lat' dir='ltr'><strong>non</strong></span> <span class='ocrx_word' id='word_1_97' title='bbox 764 938 1010 989; x_wconf 78' lang='lat' dir='ltr'><strong>convenire</strong></span> <span class='ocrx_word' id='word_1_98' title='bbox 1048 939 1263 987; x_wconf 66' lang='lat' dir='ltr'><strong>humana</strong></span> <span class='ocrx_word' id='word_1_99' title='bbox 1298 938 1434 987; x_wconf 85' lang='lat' dir='ltr'><strong>saluti</strong></span> <span class='ocrx_word' id='word_1_100' title='bbox 1464 936 1589 1002; x_wconf 71' lang='lat' dir='ltr'><strong>quod</strong></span> <span class='ocrx_word' id='word_1_101' title='bbox 1632 938 1755 989; x_wconf 85' lang='lat' dir='ltr'><strong>Deus</strong></span> <span class='ocrx_word' id='word_1_102' title='bbox 1799 936 1917 988; x_wconf 84' lang='lat' dir='ltr'><strong>nobis</strong></span> 
     </span>
     <span class='ocr_line' id='line_1_13' title="bbox 520 1009 1337 1074; baseline -0.004 -13"><span class='ocrx_word' id='word_1_103' title='bbox 520 1011 648 1061; x_wconf 81' lang='lat' dir='ltr'><strong>fieret</strong></span> <span class='ocrx_word' id='word_1_104' title='bbox 672 1023 757 1074; x_wconf 83' lang='lat' dir='ltr'><strong>per</strong></span> <span class='ocrx_word' id='word_1_105' title='bbox 781 1010 932 1060; x_wconf 84' lang='lat' dir='ltr'><strong>earnis</strong></span> <span class='ocrx_word' id='word_1_106' title='bbox 956 1009 1337 1072; x_wconf 77' lang='lat' dir='ltr'><strong>assumptionem.</strong></span> 
     </span>
    </p>

    <p class='ocr_par' dir='ltr' id='par_1_6' title="bbox 518 1081 1917 1563">
     <span class='ocr_line' id='line_1_14' title="bbox 584 1081 1917 1145; baseline -0.002 -12"><span class='ocrx_word' id='word_1_107' title='bbox 584 1083 672 1133; x_wconf 86' lang='lat' dir='ltr'><strong>Sed</strong></span> <span class='ocrx_word' id='word_1_108' title='bbox 699 1086 860 1133; x_wconf 77' lang='lat' dir='ltr'><strong>eontra-</strong></span> <span class='ocrx_word' id='word_1_109' title='bbox 881 1098 891 1130; x_wconf 81' lang='lat' dir='ltr'>z</span> <span class='ocrx_word' id='word_1_110' title='bbox 915 1081 1026 1132; x_wconf 85' lang='lat' dir='ltr'><strong>illud</strong></span> <span class='ocrx_word' id='word_1_111' title='bbox 1047 1094 1128 1144; x_wconf 82' lang='lat' dir='ltr'><strong>per</strong></span> <span class='ocrx_word' id='word_1_112' title='bbox 1149 1081 1266 1145; x_wconf 84' lang='lat' dir='ltr'><strong>quod</strong></span> <span class='ocrx_word' id='word_1_113' title='bbox 1291 1081 1538 1130; x_wconf 76' lang='lat' dir='ltr'><strong>humanum</strong></span> <span class='ocrx_word' id='word_1_114' title='bbox 1556 1094 1705 1145; x_wconf 73' lang='lat' dir='ltr'><strong>genus</strong></span> <span class='ocrx_word' id='word_1_115' title='bbox 1729 1082 1917 1132; x_wconf 72' lang='lat' dir='ltr'><strong>libel-atu]</strong></span> 
     </span>
     <span class='ocr_line' id='line_1_15' title="bbox 519 1152 1917 1217; baseline -0.003 -12"><span class='ocrx_word' id='word_1_116' title='bbox 519 1153 688 1205; x_wconf 83' lang='lat' dir='ltr'><strong>ditione</strong></span> <span class='ocrx_word' id='word_1_117' title='bbox 709 1189 722 1214; x_wconf 86' lang='lat'>‚</span> <span class='ocrx_word' id='word_1_118' title='bbox 749 1157 822 1203; x_wconf 89' lang='lat' dir='ltr'><strong>est</strong></span> <span class='ocrx_word' id='word_1_119' title='bbox 843 1152 1151 1203; x_wconf 82' lang='lat' dir='ltr'><strong>necessarium</strong></span> <span class='ocrx_word' id='word_1_120' title='bbox 1172 1152 1230 1206; x_wconf 78' lang='lat' dir='ltr'><strong>ad</strong></span> <span class='ocrx_word' id='word_1_121' title='bbox 1251 1153 1495 1203; x_wconf 78' lang='lat' dir='ltr'><strong>humanum</strong></span> <span class='ocrx_word' id='word_1_122' title='bbox 1519 1154 1729 1203; x_wconf 80' lang='lat' dir='ltr'><strong>salutem.</strong></span> <span class='ocrx_word' id='word_1_123' title='bbox 1747 1154 1832 1203; x_wconf 85' lang='lat' dir='ltr'><strong>Sed</strong></span> <span class='ocrx_word' id='word_1_124' title='bbox 1850 1166 1917 1217; x_wconf 65' lang='lat' dir='ltr'><strong>m!</strong></span> 
     </span>
     <span class='ocr_line' id='line_1_16' title="bbox 520 1223 1917 1286; baseline -0.004 -9"><span class='ocrx_word' id='word_1_125' title='bbox 520 1226 689 1277; x_wconf 79' lang='lat' dir='ltr'><strong>divinae</strong></span> <span class='ocrx_word' id='word_1_126' title='bbox 705 1224 1035 1275; x_wconf 86' lang='lat' dir='ltr'><strong>lucarnationis</strong></span> <span class='ocrx_word' id='word_1_127' title='bbox 1051 1227 1121 1274; x_wconf 85' lang='lat' dir='ltr'><strong>est</strong></span> <span class='ocrx_word' id='word_1_128' title='bbox 1132 1223 1411 1286; x_wconf 85' lang='lat' dir='ltr'><strong>hujusmodi,</strong></span> <span class='ocrx_word' id='word_1_129' title='bbox 1431 1225 1684 1275; x_wconf 85' lang='lat' dir='ltr'><strong>secundum</strong></span> <span class='ocrx_word' id='word_1_130' title='bbox 1705 1224 1815 1274; x_wconf 87' lang='lat' dir='ltr'><strong>illud</strong></span> <span class='ocrx_word' id='word_1_131' title='bbox 1836 1227 1917 1273; x_wconf 77' lang='lat' dir='ltr'><strong>Joo</strong></span> 
     </span>
     <span class='ocr_line' id='line_1_17' title="bbox 521 1294 1917 1358; baseline -0.001 -12"><span class='ocrx_word' id='word_1_132' title='bbox 521 1314 550 1346; x_wconf 74' lang='grc' dir='ltr'><strong>ιι</strong></span> <span class='ocrx_word' id='word_1_133' title='bbox 578 1297 656 1348; x_wconf 87' lang='lat' dir='ltr'><strong>Sic</strong></span> <span class='ocrx_word' id='word_1_134' title='bbox 675 1298 795 1347; x_wconf 90' lang='lat' dir='ltr'><strong>Deus</strong></span> <span class='ocrx_word' id='word_1_135' title='bbox 822 1295 983 1346; x_wconf 83' lang='lat' dir='ltr'><strong>dilexit</strong></span> <span class='ocrx_word' id='word_1_136' title='bbox 1005 1295 1223 1345; x_wconf 85' lang='lat' dir='ltr'><strong>mundum</strong></span> <span class='ocrx_word' id='word_1_137' title='bbox 1245 1300 1296 1346; x_wconf 84' lang='lat' dir='ltr'><strong>ut</strong></span> <span class='ocrx_word' id='word_1_138' title='bbox 1316 1294 1480 1351; x_wconf 86' lang='lat' dir='ltr'><strong>Filium</strong></span> <span class='ocrx_word' id='word_1_139' title='bbox 1503 1309 1636 1345; x_wconf 85' lang='lat' dir='ltr'><strong>suum</strong></span> <span class='ocrx_word' id='word_1_140' title='bbox 1656 1296 1917 1358; x_wconf 70' lang='lat' dir='ltr'><strong>unigenitus:</strong></span> 
     </span>
     <span class='ocr_line' id='line_1_18' title="bbox 518 1366 1917 1432; baseline 0 -13"><span class='ocrx_word' id='word_1_141' title='bbox 518 1373 570 1419; x_wconf 88' lang='lat' dir='ltr'><strong>ut</strong></span> <span class='ocrx_word' id='word_1_142' title='bbox 595 1368 744 1419; x_wconf 88' lang='lat' dir='ltr'><strong>omnis</strong></span> <span class='ocrx_word' id='word_1_143' title='bbox 779 1367 858 1431; x_wconf 85' lang='lat' dir='ltr'><strong>qui</strong></span> <span class='ocrx_word' id='word_1_144' title='bbox 887 1366 1029 1418; x_wconf 85' lang='lat' dir='ltr'><strong>credit</strong></span> <span class='ocrx_word' id='word_1_145' title='bbox 1055 1367 1104 1416; x_wconf 91' lang='lat' dir='ltr'><strong>in</strong></span> <span class='ocrx_word' id='word_1_146' title='bbox 1138 1367 1287 1431; x_wconf 85' lang='lat' dir='ltr'><strong>ipsum</strong></span> <span class='ocrx_word' id='word_1_147' title='bbox 1324 1380 1416 1417; x_wconf 89' lang='lat' dir='ltr'><strong>nou</strong></span> <span class='ocrx_word' id='word_1_148' title='bbox 1449 1372 1634 1432; x_wconf 86' lang='lat' dir='ltr'><strong>pereat,</strong></span> <span class='ocrx_word' id='word_1_149' title='bbox 1662 1369 1743 1419; x_wconf 86' lang='lat' dir='ltr'><strong>sed</strong></span> <span class='ocrx_word' id='word_1_150' title='bbox 1773 1368 1917 1419; x_wconf 70' lang='lat' dir='ltr'><strong>habea</strong></span> 
     </span>
     <span class='ocr_line' id='line_1_19' title="bbox 518 1437 1917 1502; baseline -0.005 -6"><span class='ocrx_word' id='word_1_151' title='bbox 518 1443 750 1496; x_wconf 69' lang='lat' dir='ltr'><strong>eternam.</strong></span> <span class='ocrx_word' id='word_1_152' title='bbox 795 1456 825 1489; x_wconf 72' lang='lat' dir='ltr'><strong>n</strong></span> <span class='ocrx_word' id='word_1_153' title='bbox 867 1439 987 1502; x_wconf 80' lang='lat' dir='ltr'><strong>Ergo</strong></span> <span class='ocrx_word' id='word_1_154' title='bbox 1027 1437 1332 1492; x_wconf 75' lang='lat' dir='ltr'><strong>necessarium</strong></span> <span class='ocrx_word' id='word_1_155' title='bbox 1370 1438 1458 1491; x_wconf 81' lang='lat' dir='ltr'><strong>fuit</strong></span> <span class='ocrx_word' id='word_1_156' title='bbox 1500 1440 1559 1491; x_wconf 86' lang='lat' dir='ltr'><strong>ad</strong></span> <span class='ocrx_word' id='word_1_157' title='bbox 1604 1441 1850 1493; x_wconf 79' lang='lat' dir='ltr'><strong>humanam</strong></span> <span class='ocrx_word' id='word_1_158' title='bbox 1893 1454 1917 1490; x_wconf 82' lang='lat' dir='ltr'><strong>s</strong></span> 
     </span>
     <span class='ocr_line' id='line_1_20' title="bbox 518 1511 931 1563; baseline -0.007 0"><span class='ocrx_word' id='word_1_159' title='bbox 518 1513 660 1563; x_wconf 89' lang='lat' dir='ltr'><strong>Deum</strong></span> <span class='ocrx_word' id='word_1_160' title='bbox 682 1511 931 1561; x_wconf 83' lang='lat' dir='ltr'><strong>incarnari.</strong></span> 
     </span>
    </p>

    <p class='ocr_par' dir='ltr' id='par_1_7' title="bbox 519 1580 1917 1788">
     <span class='ocr_line' id='line_1_21' title="bbox 581 1580 1917 1649; baseline -0.001 -15"><span class='ocrx_word' id='word_1_161' title='bbox 581 1585 964 1649; x_wconf 72' lang='lat' dir='ltr'><strong>(Coucnusw.—</strong></span> <span class='ocrx_word' id='word_1_162' title='bbox 981 1582 1133 1633; x_wconf 84' lang='lat' dir='ltr'><strong>Potuit</strong></span> <span class='ocrx_word' id='word_1_163' title='bbox 1160 1582 1279 1633; x_wconf 88' lang='lat' dir='ltr'><strong>Deus</strong></span> <span class='ocrx_word' id='word_1_164' title='bbox 1308 1594 1366 1633; x_wconf 87' lang='lat' dir='ltr'><strong>ex</strong></span> <span class='ocrx_word' id='word_1_165' title='bbox 1394 1580 1617 1633; x_wconf 82' lang='lat' dir='ltr'><strong>infinitate</strong></span> <span class='ocrx_word' id='word_1_166' title='bbox 1640 1596 1735 1633; x_wconf 81' lang='lat' dir='ltr'><strong>suae</strong></span> <span class='ocrx_word' id='word_1_167' title='bbox 1765 1582 1917 1633; x_wconf 71' lang='lat' dir='ltr'><strong>divina</strong></span> 
     </span>
     <span class='ocr_line' id='line_1_22' title="bbox 520 1651 1917 1717; baseline 0.001 -13"><span class='ocrx_word' id='word_1_168' title='bbox 520 1654 610 1716; x_wconf 70' lang='lat' dir='ltr'><strong>tite,</strong></span> <span class='ocrx_word' id='word_1_169' title='bbox 634 1654 726 1704; x_wconf 84' lang='lat' dir='ltr'><strong>alio</strong></span> <span class='ocrx_word' id='word_1_170' title='bbox 743 1653 881 1717; x_wconf 65' lang='lat' dir='ltr'><strong>quum</strong></span> <span class='ocrx_word' id='word_1_171' title='bbox 904 1651 1237 1703; x_wconf 79' lang='lat' dir='ltr'><strong>lucarnutionis</strong></span> <span class='ocrx_word' id='word_1_172' title='bbox 1264 1665 1401 1717; x_wconf 83' lang='lat' dir='ltr'><strong>opere</strong></span> <span class='ocrx_word' id='word_1_173' title='bbox 1428 1654 1677 1704; x_wconf 72' lang='lat' dir='ltr'><strong>humanum</strong></span> <span class='ocrx_word' id='word_1_174' title='bbox 1706 1668 1851 1717; x_wconf 80' lang='lat' dir='ltr'><strong>genus</strong></span> <span class='ocrx_word' id='word_1_175' title='bbox 1876 1668 1917 1705; x_wconf 75' lang='lat' dir='ltr'><strong>re</strong></span> 
     </span>
     <span class='ocr_line' id='line_1_23' title="bbox 519 1724 1917 1788; baseline 0.001 -13"><span class='ocrx_word' id='word_1_176' title='bbox 519 1727 600 1777; x_wconf 81' lang='lat' dir='ltr'><strong>sed</strong></span> <span class='ocrx_word' id='word_1_177' title='bbox 637 1730 688 1775; x_wconf 88' lang='lat' dir='ltr'><strong>ut</strong></span> <span class='ocrx_word' id='word_1_178' title='bbox 718 1727 855 1775; x_wconf 89' lang='lat' dir='ltr'><strong>homo</strong></span> <span class='ocrx_word' id='word_1_179' title='bbox 891 1725 1071 1774; x_wconf 81' lang='lat' dir='ltr'><strong>facilius</strong></span> <span class='ocrx_word' id='word_1_180' title='bbox 1094 1729 1140 1774; x_wconf 86' lang='lat' dir='ltr'><strong>et</strong></span> <span class='ocrx_word' id='word_1_181' title='bbox 1167 1724 1328 1775; x_wconf 82' lang='lat' dir='ltr'><strong>melius</strong></span> <span class='ocrx_word' id='word_1_182' title='bbox 1356 1738 1483 1774; x_wconf 80' lang='lat' dir='ltr'><strong>suam</strong></span> <span class='ocrx_word' id='word_1_183' title='bbox 1512 1730 1866 1788; x_wconf 77' lang='lat' dir='ltr'><strong>consequeretur</strong></span> <span class='ocrx_word' id='word_1_184' title='bbox 1890 1739 1917 1776; x_wconf 87' lang='lat' dir='ltr'><strong>s</strong></span> 
     </span>
    </p>
   </div>
   <div class='ocr_carea' id='block_1_5' title="bbox 455 1796 1831 1861">
    <p class='ocr_par' dir='ltr' id='par_1_8' title="bbox 455 1796 1831 1861">
     <span class='ocr_line' id='line_1_24' title="bbox 455 1796 1831 1861; baseline -0.001 -13"><span class='ocrx_word' id='word_1_185' title='bbox 455 1811 471 1825; x_wconf 59' lang='lat'><strong>⁴*</strong></span> <span class='ocrx_word' id='word_1_186' title='bbox 518 1799 606 1848; x_wconf 84' lang='lat' dir='ltr'><strong>hoe</strong></span> <span class='ocrx_word' id='word_1_187' title='bbox 632 1796 940 1847; x_wconf 79' lang='lat' dir='ltr'><strong>necessarium</strong></span> <span class='ocrx_word' id='word_1_188' title='bbox 968 1796 1057 1846; x_wconf 84' lang='lat' dir='ltr'><strong>fuit</strong></span> <span class='ocrx_word' id='word_1_189' title='bbox 1077 1800 1129 1846; x_wconf 85' lang='lat' dir='ltr'><strong>ut</strong></span> <span class='ocrx_word' id='word_1_190' title='bbox 1157 1797 1354 1846; x_wconf 84' lang='lat' dir='ltr'><strong>Verbum</strong></span> <span class='ocrx_word' id='word_1_191' title='bbox 1382 1798 1483 1860; x_wconf 82' lang='lat' dir='ltr'><strong>ejus</strong></span> <span class='ocrx_word' id='word_1_192' title='bbox 1511 1810 1616 1847; x_wconf 77' lang='lat' dir='ltr'><strong>caro</strong></span> <span class='ocrx_word' id='word_1_193' title='bbox 1648 1798 1831 1861; x_wconf 80' lang='lat' dir='ltr'><strong>fieret.)</strong></span> 
     </span>
    </p>
   </div>
   <div class='ocr_carea' id='block_1_6' title="bbox 512 1867 1917 2650">
    <p class='ocr_par' dir='ltr' id='par_1_9' title="bbox 512 1867 1917 2650">
     <span class='ocr_line' id='line_1_25' title="bbox 580 1867 1917 1933; baseline 0.001 -15"><span class='ocrx_word' id='word_1_194' title='bbox 580 1869 853 1933; x_wconf 84' lang='lat' dir='ltr'><strong>Respondeo</strong></span> <span class='ocrx_word' id='word_1_195' title='bbox 869 1867 1130 1930; x_wconf 84' lang='lat' dir='ltr'><strong>dicendum,</strong></span> <span class='ocrx_word' id='word_1_196' title='bbox 1150 1868 1273 1932; x_wconf 74' lang='lat' dir='ltr'><strong>quod</strong></span> <span class='ocrx_word' id='word_1_197' title='bbox 1297 1870 1354 1919; x_wconf 84' lang='lat' dir='ltr'><strong>ad</strong></span> <span class='ocrx_word' id='word_1_198' title='bbox 1376 1869 1512 1919; x_wconf 87' lang='lat' dir='ltr'><strong>finem</strong></span> <span class='ocrx_word' id='word_1_199' title='bbox 1537 1869 1733 1933; x_wconf 80' lang='lat' dir='ltr'><strong>aliquem</strong></span> <span class='ocrx_word' id='word_1_200' title='bbox 1759 1869 1917 1920; x_wconf 80' lang='lat' dir='ltr'><strong>dicitur</strong></span> 
     </span>
     <span class='ocr_line' id='line_1_26' title="bbox 515 1938 1917 2005; baseline 0 -14"><span class='ocrx_word' id='word_1_201' title='bbox 515 1953 620 1992; x_wconf 83' lang='lat' dir='ltr'><strong>esse</strong></span> <span class='ocrx_word' id='word_1_202' title='bbox 645 1939 948 1990; x_wconf 80' lang='lat' dir='ltr'><strong>necessarium</strong></span> <span class='ocrx_word' id='word_1_203' title='bbox 978 1938 1216 2004; x_wconf 80' lang='lat' dir='ltr'><strong>dupliciter</strong></span> <span class='ocrx_word' id='word_1_204' title='bbox 1244 1940 1313 2004; x_wconf 89' lang='lat'><strong>(1)</strong></span> <span class='ocrx_word' id='word_1_205' title='bbox 1341 1955 1353 1989; x_wconf 72' lang='grc' dir='ltr'>ι</span> <span class='ocrx_word' id='word_1_206' title='bbox 1386 1954 1478 1991; x_wconf 82' lang='grc' dir='ltr'>ιιιιο</span> <span class='ocrx_word' id='word_1_207' title='bbox 1506 1942 1665 2002; x_wconf 85' lang='lat' dir='ltr'><strong>modo,</strong></span> <span class='ocrx_word' id='word_1_208' title='bbox 1698 1941 1797 1991; x_wconf 86' lang='lat' dir='ltr'><strong>sine</strong></span> <span class='ocrx_word' id='word_1_209' title='bbox 1831 1956 1917 2005; x_wconf 82' lang='lat' dir='ltr'><strong>quo</strong></span> 
     </span>
     <span class='ocr_line' id='line_1_27' title="bbox 514 2009 1917 2073; baseline -0.001 -10"><span class='ocrx_word' id='word_1_210' title='bbox 514 2025 619 2063; x_wconf 79' lang='lat' dir='ltr'><strong>esse</strong></span> <span class='ocrx_word' id='word_1_211' title='bbox 639 2025 731 2062; x_wconf 90' lang='lat' dir='ltr'><strong>non</strong></span> <span class='ocrx_word' id='word_1_212' title='bbox 765 2014 946 2073; x_wconf 82' lang='lat' dir='ltr'><strong>potest,</strong></span> <span class='ocrx_word' id='word_1_213' title='bbox 969 2010 1091 2059; x_wconf 84' lang='lat' dir='ltr'><strong>sieut</strong></span> <span class='ocrx_word' id='word_1_214' title='bbox 1107 2009 1232 2061; x_wconf 74' lang='lat' dir='ltr'><strong>cibus</strong></span> <span class='ocrx_word' id='word_1_215' title='bbox 1254 2016 1324 2061; x_wconf 87' lang='lat' dir='ltr'><strong>est</strong></span> <span class='ocrx_word' id='word_1_216' title='bbox 1344 2012 1631 2063; x_wconf 74' lang='lat' dir='ltr'><strong>necessarius</strong></span> <span class='ocrx_word' id='word_1_217' title='bbox 1648 2014 1701 2064; x_wconf 80' lang='lat' dir='ltr'><strong>ad</strong></span> <span class='ocrx_word' id='word_1_218' title='bbox 1726 2026 1917 2064; x_wconf 82' lang='lat' dir='ltr'><strong>eonserv</strong></span> 
     </span>
     <span class='ocr_line' id='line_1_28' title="bbox 517 2080 1917 2146; baseline 0.001 -14"><span class='ocrx_word' id='word_1_219' title='bbox 517 2084 731 2139; x_wconf 75' lang='lat' dir='ltr'><strong>humauae</strong></span> <span class='ocrx_word' id='word_1_220' title='bbox 760 2082 893 2143; x_wconf 77' lang='lat' dir='ltr'><strong>vitae3</strong></span> <span class='ocrx_word' id='word_1_221' title='bbox 930 2080 1022 2130; x_wconf 87' lang='lat' dir='ltr'><strong>alio</strong></span> <span class='ocrx_word' id='word_1_222' title='bbox 1057 2082 1215 2144; x_wconf 82' lang='lat' dir='ltr'><strong>mode,</strong></span> <span class='ocrx_word' id='word_1_223' title='bbox 1248 2095 1330 2145; x_wconf 84' lang='lat' dir='ltr'><strong>per</strong></span> <span class='ocrx_word' id='word_1_224' title='bbox 1356 2084 1475 2146; x_wconf 87' lang='lat' dir='ltr'><strong>quod</strong></span> <span class='ocrx_word' id='word_1_225' title='bbox 1504 2083 1667 2133; x_wconf 88' lang='lat' dir='ltr'><strong>melius</strong></span> <span class='ocrx_word' id='word_1_226' title='bbox 1692 2089 1743 2134; x_wconf 88' lang='lat' dir='ltr'><strong>et</strong></span> <span class='ocrx_word' id='word_1_227' title='bbox 1768 2097 1917 2133; x_wconf 78' lang='lat' dir='ltr'><strong>conve</strong></span> 
     </span>
     <span class='ocr_line' id='line_1_29' title="bbox 515 2152 1917 2218; baseline 0.001 -15"><span class='ocrx_word' id='word_1_228' title='bbox 515 2154 781 2218; x_wconf 83' lang='lat' dir='ltr'><strong>pervenitur</strong></span> <span class='ocrx_word' id='word_1_229' title='bbox 801 2155 858 2204; x_wconf 86' lang='lat' dir='ltr'><strong>ad</strong></span> <span class='ocrx_word' id='word_1_230' title='bbox 881 2153 1035 2212; x_wconf 81' lang='lat' dir='ltr'><strong>finem,</strong></span> <span class='ocrx_word' id='word_1_231' title='bbox 1062 2152 1180 2203; x_wconf 84' lang='lat' dir='ltr'><strong>sicut</strong></span> <span class='ocrx_word' id='word_1_232' title='bbox 1202 2166 1349 2215; x_wconf 80' lang='lat' dir='ltr'><strong>equus</strong></span> <span class='ocrx_word' id='word_1_233' title='bbox 1371 2157 1443 2205; x_wconf 83' lang='lat' dir='ltr'><strong>est</strong></span> <span class='ocrx_word' id='word_1_234' title='bbox 1463 2154 1747 2206; x_wconf 79' lang='lat' dir='ltr'><strong>necessarius</strong></span> <span class='ocrx_word' id='word_1_235' title='bbox 1766 2157 1823 2206; x_wconf 80' lang='lat' dir='ltr'><strong>ad</strong></span> <span class='ocrx_word' id='word_1_236' title='bbox 1840 2155 1917 2205; x_wconf 89' lang='lat' dir='ltr'><strong>ite1</strong></span> 
     </span>
     <span class='ocr_line' id='line_1_30' title="bbox 516 2224 1916 2289; baseline 0 -14"><span class='ocrx_word' id='word_1_237' title='bbox 516 2227 652 2277; x_wconf 87' lang='lat' dir='ltr'><strong>modo</strong></span> <span class='ocrx_word' id='word_1_238' title='bbox 680 2231 822 2281; x_wconf 88' lang='lat' dir='ltr'><strong>Deum</strong></span> <span class='ocrx_word' id='word_1_239' title='bbox 853 2226 1082 2276; x_wconf 81' lang='lat' dir='ltr'><strong>incarnari</strong></span> <span class='ocrx_word' id='word_1_240' title='bbox 1112 2239 1202 2278; x_wconf 86' lang='lat' dir='ltr'><strong>non</strong></span> <span class='ocrx_word' id='word_1_241' title='bbox 1235 2224 1322 2275; x_wconf 85' lang='lat' dir='ltr'><strong>fuit</strong></span> <span class='ocrx_word' id='word_1_242' title='bbox 1346 2227 1655 2277; x_wconf 79' lang='lat' dir='ltr'><strong>necessarium</strong></span> <span class='ocrx_word' id='word_1_243' title='bbox 1694 2228 1750 2277; x_wconf 78' lang='lat' dir='ltr'><strong>ad</strong></span> <span class='ocrx_word' id='word_1_244' title='bbox 1780 2239 1916 2289; x_wconf 83' lang='lat' dir='ltr'><strong>repar</strong></span> 
     </span>
     <span class='ocr_line' id='line_1_31' title="bbox 515 2297 1917 2361; baseline 0 -14"><span class='ocrx_word' id='word_1_245' title='bbox 515 2299 724 2350; x_wconf 78' lang='lat' dir='ltr'><strong>humanoe</strong></span> <span class='ocrx_word' id='word_1_246' title='bbox 751 2303 948 2359; x_wconf 64' lang='lat' dir='ltr'><strong>naturae,</strong></span> <span class='ocrx_word' id='word_1_247' title='bbox 981 2299 1101 2348; x_wconf 83' lang='lat' dir='ltr'><strong>Deus</strong></span> <span class='ocrx_word' id='word_1_248' title='bbox 1124 2297 1244 2347; x_wconf 82' lang='lat' dir='ltr'><strong>enim</strong></span> <span class='ocrx_word' id='word_1_249' title='bbox 1264 2311 1345 2361; x_wconf 85' lang='lat' dir='ltr'><strong>per</strong></span> <span class='ocrx_word' id='word_1_250' title='bbox 1361 2311 1492 2348; x_wconf 75' lang='lat' dir='ltr'><strong>suum</strong></span> <span class='ocrx_word' id='word_1_251' title='bbox 1515 2299 1874 2361; x_wconf 80' lang='lat' dir='ltr'><strong>omnipotentem</strong></span> <span class='ocrx_word' id='word_1_252' title='bbox 1896 2313 1917 2347; x_wconf 69' lang='lat' dir='ltr'>v</span> 
     </span>
     <span class='ocr_line' id='line_1_32' title="bbox 515 2370 1917 2434; baseline -0.002 -13"><span class='ocrx_word' id='word_1_253' title='bbox 515 2374 690 2434; x_wconf 83' lang='lat' dir='ltr'><strong>poterat</strong></span> <span class='ocrx_word' id='word_1_254' title='bbox 733 2372 979 2421; x_wconf 83' lang='lat' dir='ltr'><strong>humanam</strong></span> <span class='ocrx_word' id='word_1_255' title='bbox 1006 2375 1211 2420; x_wconf 85' lang='lat' dir='ltr'><strong>naturam</strong></span> <span class='ocrx_word' id='word_1_256' title='bbox 1239 2370 1392 2420; x_wconf 84' lang='lat' dir='ltr'><strong>multis</strong></span> <span class='ocrx_word' id='word_1_257' title='bbox 1428 2371 1529 2420; x_wconf 74' lang='lat' dir='ltr'><strong>aliis</strong></span> <span class='ocrx_word' id='word_1_258' title='bbox 1570 2370 1715 2420; x_wconf 83' lang='lat' dir='ltr'><strong>modis</strong></span> <span class='ocrx_word' id='word_1_259' title='bbox 1746 2382 1917 2433; x_wconf 59' lang='lat' dir='ltr'><strong>repara}</strong></span> 
     </span>
     <span class='ocr_line' id='line_1_33' title="bbox 512 2441 1896 2493; baseline 0.001 -2"><span class='ocrx_word' id='word_1_260' title='bbox 512 2442 663 2491; x_wconf 86' lang='lat' dir='ltr'><strong>cundo</strong></span> <span class='ocrx_word' id='word_1_261' title='bbox 704 2446 856 2493; x_wconf 85' lang='lat' dir='ltr'><strong>autem</strong></span> <span class='ocrx_word' id='word_1_262' title='bbox 884 2442 1017 2493; x_wconf 87' lang='lat' dir='ltr'><strong>modo</strong></span> <span class='ocrx_word' id='word_1_263' title='bbox 1049 2441 1356 2492; x_wconf 79' lang='lat' dir='ltr'><strong>necessarium</strong></span> <span class='ocrx_word' id='word_1_264' title='bbox 1384 2442 1470 2493; x_wconf 83' lang='lat' dir='ltr'><strong>fuit</strong></span> <span class='ocrx_word' id='word_1_265' title='bbox 1497 2442 1638 2491; x_wconf 83' lang='lat' dir='ltr'><strong>Deum</strong></span> <span class='ocrx_word' id='word_1_266' title='bbox 1668 2442 1896 2492; x_wconf 79' lang='lat' dir='ltr'><strong>incarnari</strong></span> 
     </span>
     <span class='ocr_line' id='line_1_34' title="bbox 518 2514 1917 2577; baseline 0.003 -16"><span class='ocrx_word' id='word_1_267' title='bbox 518 2525 660 2564; x_wconf 81' lang='lat' dir='ltr'><strong>mauae</strong></span> <span class='ocrx_word' id='word_1_268' title='bbox 686 2518 860 2564; x_wconf 74' lang='lat' dir='ltr'><strong>uaturae</strong></span> <span class='ocrx_word' id='word_1_269' title='bbox 892 2514 1250 2577; x_wconf 65' lang='lat' dir='ltr'><strong>reparationem</strong></span> <span class='ocrx_word' id='word_1_270' title='bbox 1285 2515 1404 2564; x_wconf 90' lang='lat' dir='ltr'><strong>uude</strong></span> <span class='ocrx_word' id='word_1_271' title='bbox 1441 2514 1721 2577; x_wconf 80' lang='lat' dir='ltr'><strong>Augustinus</strong></span> <span class='ocrx_word' id='word_1_272' title='bbox 1756 2514 1867 2564; x_wconf 83' lang='lat' dir='ltr'><strong>dicit</strong></span> <span class='ocrx_word' id='word_1_273' title='bbox 1898 2516 1917 2565; x_wconf 75' lang='lat'>1</span> 
     </span>
     <span class='ocr_line' id='line_1_35' title="bbox 524 2584 1917 2650; baseline 0.004 -19"><span class='ocrx_word' id='word_1_274' title='bbox 524 2584 727 2642; x_wconf 77' lang='lat' dir='ltr'><strong>Trz&#39;m&#39;t„</strong></span> <span class='ocrx_word' id='word_1_275' title='bbox 750 2600 851 2650; x_wconf 85' lang='lat' dir='ltr'><strong>cap.</strong></span> <span class='ocrx_word' id='word_1_276' title='bbox 890 2588 948 2633; x_wconf 87' lang='lat'><strong>10</strong></span> <span class='ocrx_word' id='word_1_277' title='bbox 982 2600 993 2633; x_wconf 90' lang='lat'>:</span> <span class='ocrx_word' id='word_1_278' title='bbox 1017 2586 1224 2635; x_wconf 89' lang='lat' dir='ltr'><strong>«Verum</strong></span> <span class='ocrx_word' id='word_1_279' title='bbox 1250 2585 1389 2640; x_wconf 84' lang='lat' dir='ltr'><strong>etiam</strong></span> <span class='ocrx_word' id='word_1_280' title='bbox 1416 2586 1709 2637; x_wconf 83' lang='lat' dir='ltr'><strong>ostendamus</strong></span> <span class='ocrx_word' id='word_1_281' title='bbox 1738 2599 1831 2637; x_wconf 88' lang='lat' dir='ltr'><strong>non</strong></span> <span class='ocrx_word' id='word_1_282' title='bbox 1856 2587 1917 2637; x_wconf 80' lang='lat' dir='ltr'><strong>ali</strong></span> 
     </span>
    </p>
   </div>
   <div class='ocr_carea' id='block_1_7' title="bbox 525 2742 1917 2869">
    <p class='ocr_par' dir='ltr' id='par_1_10' title="bbox 525 2742 1917 2869">
     <span class='ocr_line' id='line_1_36' title="bbox 589 2742 1894 2806; baseline 0.002 -16"><span class='ocrx_word' id='word_1_283' title='bbox 589 2742 656 2806; x_wconf 87' lang='lat'><strong>(1)</strong></span> <span class='ocrx_word' id='word_1_284' title='bbox 703 2742 939 2800; x_wconf 76' lang='lat' dir='ltr'><strong>colligitur</strong></span> <span class='ocrx_word' id='word_1_285' title='bbox 965 2756 1025 2788; x_wconf 77' lang='lat' dir='ltr'><strong>ex</strong></span> <span class='ocrx_word' id='word_1_286' title='bbox 1048 2744 1132 2789; x_wconf 79' lang='lat' dir='ltr'><strong>tib.</strong></span> <span class='ocrx_word' id='word_1_287' title='bbox 1165 2748 1228 2790; x_wconf 80' lang='lat' dir='ltr'><strong>V.</strong></span> <span class='ocrx_word' id='word_1_288' title='bbox 1268 2746 1553 2803; x_wconf 59' lang='lat' dir='ltr'><strong>metaphys„</strong></span> <span class='ocrx_word' id='word_1_289' title='bbox 1586 2751 1700 2792; x_wconf 80' lang='lat' dir='ltr'><strong>text.</strong></span> <span class='ocrx_word' id='word_1_290' title='bbox 1737 2747 1767 2791; x_wconf 79' lang='lat' dir='ltr'>fl</span> <span class='ocrx_word' id='word_1_291' title='bbox 1794 2748 1894 2793; x_wconf 79' lang='lat' dir='ltr'><strong>sive</strong></span> 
     </span>
     <span class='ocr_line' id='line_1_37' title="bbox 525 2806 1917 2869; baseline 0.002 -16"><span class='ocrx_word' id='word_1_292' title='bbox 525 2808 608 2853; x_wconf 87' lang='lat' dir='ltr'><strong>sed</strong></span> <span class='ocrx_word' id='word_1_293' title='bbox 633 2806 893 2863; x_wconf 71' lang='lat' dir='ltr'><strong>expressius</strong></span> <span class='ocrx_word' id='word_1_294' title='bbox 925 2807 1100 2864; x_wconf 80' lang='lat' dir='ltr'><strong>primus</strong></span> <span class='ocrx_word' id='word_1_295' title='bbox 1132 2808 1321 2866; x_wconf 80' lang='lat' dir='ltr'><strong>modus,</strong></span> <span class='ocrx_word' id='word_1_296' title='bbox 1357 2810 1489 2863; x_wconf 82' lang='lat' dir='ltr'><strong>eujus</strong></span> <span class='ocrx_word' id='word_1_297' title='bbox 1523 2810 1785 2869; x_wconf 72' lang='lat' dir='ltr'><strong>exemplum</strong></span> <span class='ocrx_word' id='word_1_298' title='bbox 1806 2811 1917 2856; x_wconf 77' lang='lat' dir='ltr'><strong>iden</strong></span> 
     </span>
    </p>
   </div>
   <div class='ocr_carea' id='block_1_8' title="bbox 530 2869 1603 2927">
    <p class='ocr_par' dir='ltr' id='par_1_11' title="bbox 530 2869 1603 2927">
     <span class='ocr_line' id='line_1_38' title="bbox 530 2869 1603 2927; baseline 0.003 -13"><span class='ocrx_word' id='word_1_299' title='bbox 530 2876 582 2916; x_wconf 75' lang='lat' dir='ltr'><strong>ut</strong></span> <span class='ocrx_word' id='word_1_300' title='bbox 599 2876 648 2915; x_wconf 88' lang='lat' dir='ltr'><strong>et</strong></span> <span class='ocrx_word' id='word_1_301' title='bbox 673 2869 947 2919; x_wconf 66' lang='lat' dir='ltr'><strong>necessaria</strong></span> <span class='ocrx_word' id='word_1_302' title='bbox 984 2870 1226 2919; x_wconf 63' lang='lat' dir='ltr'><strong>medicina</strong></span> <span class='ocrx_word' id='word_1_303' title='bbox 1252 2870 1308 2918; x_wconf 76' lang='lat' dir='ltr'><strong>ad</strong></span> <span class='ocrx_word' id='word_1_304' title='bbox 1336 2872 1603 2927; x_wconf 66' lang='lat' dir='ltr'><strong>sonituum.</strong></span> 
     </span>
    </p>
   </div>
  </div>
 </body>
</html>
