1917 3317
121 180 154 216 nx
171 179 258 216 maras
273 177 356 216 ιιιιιιιι
371 179 476 218 muorxrs
493 176 695 219 unronrmrrorm.
765 173 814 220 btv

40 269 74 305 ren
98 271 103 303 :
116 254 194 320 primb
207 255 308 318 quidem,
318 255 411 306 reddere
420 257 580 320 mentemejus
589 260 698 307 attentam
707 257 813 310 edunto

50 325 273 386 considerationem
287 327 348 390 quod
365 326 456 389 quidem
474 327 546 388 tecit,
560 340 611 377 eam
626 328 743 378 salutando
757 341 813 392 qua·

40 415 54 446 n
74 412 138 449 nora
162 402 189 448 et
206 397 297 446 insolita
311 397 458 459 salutatione3
473 399 534 448 unde
554 399 663 462 Origenes
677 399 732 448 dicit
745 411 817 464 super

40 485 62 518 m
77 469 189 532 (Hamil.
203 469 260 530 vit,
276 468 336 532 qudd
348 487 362 517 ιι
370 469 390 518 si
400 469 504 520 sciuisset
516 470 544 519 ad
559 470 627 519 utinm
640 471 769 533 qnempiam
779 471 813 520 si-

40 543 74 588 tezn
90 553 147 590 esse
163 540 253 588 factum
265 553 392 590 sermonem
403 540 491 603 (utpote
502 555 553 604 qtrae
562 541 658 591 babebat
672 543 729 605 legis
740 543 815 592 scien·

40 615 68 672 nt
78 625 206 674 nunquam
217 623 268 660 eam
280 611 345 674 qnasi
356 612 473 675 peregrina
482 611 534 662 tatis
541 612 647 662 salutatio
657 613 786 662 terruisset.
798 628 814 659 ιι

40 699 77 732 «ιιι
97 683 198 747 quidem
213 682 350 732 salutatione
364 682 476 746 premisit
487 682 633 733 idoneitatem
647 683 737 747 eiusad
754 695 817 732 con·

41 771 87 804 ῚῚιιιιι
100 793 107 818 ,
121 756 151 804 in
163 755 212 804 hoc
226 754 288 816 quod
304 755 363 803 dixit
376 769 383 803 t
395 755 496 804 «Gratia
509 757 591 818 plena3
605 773 618 802 ιι
634 755 745 820 expressit
757 767 815 804 con-

47 835 101 889 un,
116 827 145 877 in
160 828 212 877 boc
228 826 288 888 quod
303 825 376 876 dixit:
391 843 405 873 ιι
419 825 527 877 Dominus
540 830 630 887 terum3
641 843 656 873 ιι
671 829 695 876 et
708 839 818 890 pronun·

40 902 193 948 rtbonorem
210 901 401 960 consequentem,
419 896 469 946 cirrn
487 898 568 948 dixit:
585 914 600 945 c
612 898 734 948 Benedicta
746 902 771 946 tu
789 899 816 947 in

52 971 144 1019 faribus.
163 984 179 1016 ιι
202 966 307 1017 Sccundb
327 971 421 1029 autem,
440 969 572 1018 intendebat
591 981 641 1018 eam
657 968 768 1018 iustmere
785 969 816 1019 de

45 1043 104 1090 -trrio
126 1037 320 1100 incarnationis,
337 1039 396 1102 quod
420 1040 487 1088 inea
508 1043 557 1090 erat
578 1039 734 1103 implendum
754 1040 815 1103 quod

49 1113 86 1158 trin
104 1111 169 1162 fecit
187 1108 367 1172 pronuntiando
391 1114 524 1173 conceptum
538 1114 562 1160 et
582 1114 688 1173 partum,
705 1110 783 1160 dicens
805 1127 813 1160 :

44 1196 84 1230 ¹cce
96 1181 228 1244 concipies
245 1178 268 1228 iu
288 1184 368 1242 utero,
387 1197 401 1228 ιι
413 1185 468 1239 etc..
490 1185 514 1231 et
526 1182 666 1232 ostendendo
679 1181 816 1243 dignitatem

55 1268 69 1301 u
81 1257 224 1317 conceptae,
238 1250 290 1301 cdm
308 1253 365 1302 dixit
383 1268 388 1304 ι
408 1270 421 1300 ιι
434 1254 474 1302 Hic
494 1255 659 1319 cormarcus,
680 1271 694 1301 ι
712 1258 735 1303 et
746 1254 816 1307 ctiam

54 1325 180 1376 -rnstranrio
203 1323 298 1372 modum
319 1325 492 1388 conceptionis,
505 1323 557 1374 ebro
579 1325 662 1374 dixit:
681 1341 696 1373 ιι
715 1324 818 1388 Spiritus

58 1403 87 1445 tos
103 1394 268 1462 superveniet
282 1393 306 1443 iu
317 1397 349 1445 te.
369 1413 382 1442 ιι
401 1395 487 1456 Tertid,
506 1397 637 1446 intendebat
650 1397 750 1445 animum
764 1396 818 1458 ejus

52 1483 104 1519 rcere
115 1471 148 1518 ad
159 1479 321 1529 consensnm;
333 1467 392 1530 quod
405 1467 498 1530 quidem
508 1467 563 1517 tecit
571 1467 676 1531 exempto
686 1467 817 1528 Etizabctb,

57 1541 121 1590 itione
131 1553 169 1590 ex
181 1536 266 1588 divina
277 1537 441 1600 omnipotentia
450 1541 550 1602 sumpta.

60 1611 64 1656 i
83 1612 192 1673 primum
211 1621 267 1671 ergo
280 1608 414 1669 dicendum,
434 1607 495 1670 qubd
511 1609 588 1660 animo
607 1607 688 1658 bumiti
709 1606 819 1657 utibilest

54 1683 122 1732 titius
147 1693 228 1744 quam
250 1679 342 1728 auditus
360 1692 406 1730 sua
425 1680 580 1743 excellentiae3
599 1679 716 1730 admiratio
739 1683 817 1729 antem

45 1774 50 1796 A·
58 1753 94 1801 {ord
108 1751 275 1804 attentionem
290 1749 360 1799 animi
374 1749 437 1800 tacit.
448 1751 477 1801 Et
486 1751 538 1800 ideo
550 1752 651 1814 Angeias
661 1753 739 1801 votens
751 1763 819 1802 nten-

46 1841 47 1845 ¹
64 1825 168 1888 Virginis
187 1824 302 1871 attentam
313 1821 406 1872 reddero
425 1823 452 1871 ad
470 1823 572 1872 auditum
585 1823 642 1870 tanti
658 1820 772 1886 mysterii,
788 1821 817 1872 ab

63 1895 124 1945 tande
138 1892 257 1956 incoepit.

82 1966 218 2016 secundum
241 1963 378 2023 dicendum,
400 1963 459 2027 qrrbd
482 1965 613 2015 Ambrosius
631 1963 738 2029 expresse
760 1965 819 2016 dicit

49 2051 67 2084 ιι·
86 2041 160 2095 Luc„
187 2035 253 2098 quod
273 2036 344 2085 Beata
359 2035 427 2100 Virgo
443 2037 471 2086 de
487 2036 561 2088 uerbis
576 2037 656 2100 tingeli
676 2051 722 2086 non
745 2038 817 2088 dnbi-

54 2116 67 2154 ι.
82 2110 142 2160 tticit
162 2107 233 2160 enirn
250 2122 255 2155 :
274 2108 391 2166 «Quanto
404 2107 569 2171 temperantior
581 2112 615 2158 est
629 2108 704 2158 Maria
720 2122 816 2172 respon-

66 2196 132 2244 rpram
149 2181 228 2232 verba
242 2179 383 2228 sacerdotis!
396 2179 450 2230 Haec
460 2179 493 2228 ait
509 2179 657 2240 :Quomodo
670 2181 715 2242 fiet
725 2181 820 2230 istud?

57 2253 196 2317 respondit:
213 2249 284 2300 Unde
298 2249 341 2300 troc
357 2252 456 2300 sciara?
468 2252 541 2314 Negat
559 2250 598 2300 itte
614 2265 640 2300 se
658 2253 764 2315 credere,
778 2251 818 2314 qui

54 2334 70 2370 rt
83 2341 107 2375 se
120 2325 200 2376 scire.
209 2325 258 2373 ista
271 2335 297 2374 se
309 2323 383 2373 tacere
394 2323 511 2387 profitetur
522 2337 565 2374 uec
576 2324 664 2374 dubitat
672 2338 722 2375 esse
733 2325 819 2375 tacien-

52 2411 65 2442 τ.
79 2397 139 2459 nnbd
153 2394 279 2460 quomodo
292 2393 341 2444 deri
355 2395 429 2456 possit
440 2431 446 2453 ,
458 2395 563 2456 inquirit.
572 2411 586 2440 ιι
596 2395 733 2458 Augustinus
742 2400 819 2446 tamen

54 2476 91 2516 tur
111 2467 196 2518 dicere
215 2465 280 2529 qubd
294 2463 444 2526 dubitaverim
459 2465 514 2514 dicit
524 2465 548 2513 in
562 2465 603 2515 tib.
619 2467 711 2526 (incest.
727 2467 821 2515 ceteris

56 2541 105 2586 raoni
126 2536 292 2588 Testamenti
303 2534 337 2598 (t)
355 2549 363 2582 :
380 2535 537 2597 «Ambigenti
555 2537 629 2586 itariae
649 2537 677 2586 de
697 2540 821 2600 conceptu,

54 2611 183 2660 itibtatenx
205 2605 311 2668 Angelus
326 2607 442 2670 predicet.
459 2623 475 2654 n
490 2607 535 2656 scd
546 2607 599 2657 tatis
612 2607 722 2658 dubitatio
747 2607 820 2670 magis

57 2773 71 2823 t}
86 2775 184 2820 Scilicet
208 2783 251 2828 qu.
267 2767 311 2826 51,
326 2781 377 2826 quae
391 2781 435 2816 nos
456 2781 550 2814 movere
570 2783 651 2828 parum
671 2771 754 2825 debet,
766 2768 820 2819 crim

54 2838 128 2882 vtustini
143 2847 198 2881 non
213 2834 258 2888 sit,
270 2838 297 2876 ut
305 2834 354 2888 J'nm
366 2837 469 2876 notatum
485 2832 555 2890 saepd,
568 2833 672 2890 adeoquo
687 2831 823 2877 tuteredut·

48 2911 90 2957 roa,
102 2908 163 2945 tom.
174 2897 226 2954 Π,
238 2895 266 2939 in
277 2895 430 2953 appendicem
442 2897 556 2951 rejectum
565 2901 610 2941 cst.
813 2896 816 2906 “
