1917 3317
148 189 178 234 io
246 196 354 235 suumne
370 197 501 245 emuna,
518 197 613 243 nnnsr.
630 197 722 247 eum,
739 199 794 238 aer.
812 200 847 238 ur.

146 273 243 338 perfecti
252 311 258 334 ,
268 289 281 320 u
297 275 324 324 nt
335 273 488 337 Philosophus
500 273 557 324 dicit
568 274 594 323 in
607 275 646 324 lll.
658 275 790 325 Deunim
801 277 875 339 (tant.
885 281 942 339 28).

146 345 204 405 Quia
219 345 274 396 verb
287 359 328 410 per
338 344 453 396 sensibilia
471 346 496 395 in
512 346 664 409 cognitionem
681 347 856 410 intelligibilium
869 349 942 400 dese·

146 415 236 478 nimus,
247 417 390 480 operationes
399 422 473 468 autem
489 418 608 468 sensibiles
616 418 667 468 sine
677 423 738 473 moin
752 431 798 469 non
807 419 879 480 dunt,
894 421 942 471 indi

146 487 254 551 estquod
269 489 338 538 etiam
354 489 499 552 operationes
518 489 672 554 intelligibiles
686 491 752 552 quasi
766 494 841 541 motus
852 493 942 553 quidam

145 559 313 620 deseribuntur,
329 563 352 610 et
367 560 490 610 meundirm
506 561 676 612 similitudinem
688 562 828 611 dremcrum
842 568 942 612 moluurr

144 643 221 680 earum
238 631 366 682 differentia
383 631 519 695 assignatur.
535 633 561 682 lrr
580 633 678 683 notibus
694 638 771 684 autern
790 635 942 696 corporalibus

145 703 290 766 perfectiores
299 707 322 753 et
331 703 400 767 primi
411 707 465 754 sunt
474 704 572 764 locales,
583 710 610 754 ut
620 706 728 768 probatur
737 706 762 754 iu
773 706 832 755 vlit.
844 707 942 770 Plrysie

146 777 217 836 (tert.
234 775 290 831 55).
306 775 334 824 st
351 775 402 827 ideo
417 777 458 826 sub
473 790 552 826 eorum
568 775 716 826 similitudine
729 775 846 840 potissime
861 790 942 840 opern-

146 845 219 896 lioneu
240 845 393 908 intelligibiles
411 847 577 897 describuntur.
596 849 697 906 Quorum
716 847 806 911 quidem
823 851 877 897 sunt
898 853 942 900 tres

144 915 275 967 differentiae
287 932 293 966 :
310 918 463 982 namquidam
478 924 515 969 est
527 919 676 973 simularie,
688 917 813 969 seeundirm
824 930 893 982 quem
904 923 942 972 ali·

144 988 198 1050 qnid
218 992 321 1038 nroretur
338 989 479 1040 uniformiter
497 990 556 1040 circa
573 990 633 1040 idem
653 993 773 1050 centrum,
791 988 849 1039 alius
865 994 942 1042 autem

144 1064 180 1110 est
192 1062 290 1116 reclus,
300 1059 425 1111 secundum
438 1075 506 1124 quem
520 1061 604 1125 aliquid
619 1062 723 1125 procedit
736 1061 764 1110 ab
776 1060 825 1110 bno
835 1059 859 1109 in
871 1062 942 1125 aliud,

145 1130 225 1182 tertius
241 1136 318 1182 aulem
334 1136 369 1182 est
382 1132 516 1194 udlr‘puus,
530 1132 583 1195 quia
595 1133 732 1196 compositus
745 1145 774 1182 ex
790 1135 896 1195 utroque.
917 1137 942 1184 El

143 1204 194 1253 ideo
208 1203 231 1254 in
242 1205 411 1268 operationibus
420 1204 615 1267 intelligibilibus,
628 1204 651 1254 id
661 1204 722 1268 quod
733 1204 865 1268 simpliciter
874 1207 942 1259 babet

144 1275 333 1339 uniformitatem,
346 1277 475 1326 attribuitur
490 1275 561 1326 motui
570 1275 688 1338 circulari3
700 1275 803 1340 operatio
816 1279 893 1326 numm
906 1279 942 1328 in·

143 1347 280 1410 telligibilis,
294 1347 416 1398 secundum
426 1362 495 1413 quam
511 1348 640 1411 proceditur
655 1349 683 1399 de
694 1362 741 1399 unu
755 1349 779 1398 in
792 1347 864 1406 abad,
878 1353 942 1401 attri-

144 1419 219 1469 buitur
231 1419 300 1468 motui
314 1425 391 1483 reeln;
402 1420 504 1485 operatio
512 1423 588 1470 autem
600 1419 748 1482 intelligibilis
759 1419 844 1469 babens
854 1421 942 1486 aliquid

143 1489 304 1542 uniformitatis
318 1492 386 1542 simul
398 1505 449 1542 euru
459 1504 569 1556 processu
579 1491 607 1542 ad
617 1489 706 1542 direma
712 1527 721 1553 ,
730 1491 860 1541 attribuitur
870 1495 942 1545 motui

143 1560 243 1626 obliquo.

175 1633 207 1683 sd
218 1633 315 1697 pdmum
327 1647 381 1696 ergo
388 1633 522 1697 denudum,
533 1633 593 1697 quod
601 1637 677 1684 motus
684 1633 812 1696 corporales
819 1633 941 1685 exteriores

143 1709 288 1769 opponuntur
309 1705 379 1768 quieti
400 1706 613 1770 contemplationis3
628 1719 678 1768 que
696 1704 830 1767 intelligitur
843 1718 894 1756 esse
913 1707 941 1757 et

142 1776 291 1828 exterioribus
303 1777 500 1840 occupationibus.
516 1778 560 1827 Sed
574 1782 648 1827 motus
661 1775 838 1838 intelligibilium
856 1791 941 1840 opera-

143 1847 230 1899 tionum
244 1849 272 1898 ad
285 1847 358 1911 ipsam
372 1848 471 1910 quietem
485 1848 685 1912 mntemplationis
697 1848 821 1912 pertinent.

174 1920 206 1971 sd
221 1921 342 1970 secundum
359 1920 492 1982 dicendum,
510 1919 569 1984 qnod
581 1923 650 1971 bonno
664 1921 770 1972 convenit
783 1920 809 1971 in
825 1921 940 1975 intellectu

142 2002 194 2040 cum
214 1992 316 2053 angelis,
335 1991 358 2040 in
372 2004 469 2054 genere;
485 1993 524 2041 sed
538 1992 574 2042 ris
587 1992 726 2050 intellecu'ua
740 2000 775 2042 est
788 1992 860 2053 mpltb
874 1995 940 2045 altior

142 2063 167 2113 in
187 2063 267 2126 angelo
285 2062 352 2126 quam
373 2061 398 2112 in
415 2063 527 2113 numine:
544 2066 567 2112 et
580 2063 633 2114 ideo
648 2064 694 2114 aliu
710 2064 778 2114 medo
794 2068 885 2128 oportet
901 2067 939 2116 bor

143 2141 217 2186 motus
231 2134 256 2184 in
271 2133 402 2185 hominibus
414 2138 437 2185 et
449 2135 473 2184 in
489 2134 576 2198 augelis
595 2136 723 2199 assignare,
741 2135 864 2185 seeundum
881 2137 939 2199 quod

142 2205 291 2258 diversimode
308 2219 332 2255 se
346 2206 430 2256 babent
445 2207 473 2255 ad
486 2207 671 2258 uniformitatem.
686 2206 815 2258 lambentes
829 2207 889 2257 euim
902 2222 939 2258 eu·

142 2279 187 2342 geli
197 2277 265 2336 habet
278 2276 429 2340 cognitionem
443 2277 580 2329 uniformem
593 2277 716 2329 secundnm
727 2279 789 2329 duo:
805 2277 880 2344 primo
888 2280 938 2342 qui·

141 2350 207 2412 dem,
225 2347 278 2411 qnia
297 2360 343 2397 non
359 2349 455 2411 acquirit
466 2350 632 2415 intelligibilem
649 2350 769 2400 remmam
786 2363 817 2400 ex
829 2350 938 2403 rausum

140 2433 214 2470 rerum
231 2418 421 2482 compositarum,
435 2421 551 2482 secundo,
564 2423 618 2486 quia
637 2435 682 2472 non
698 2421 804 2485 intelligit
818 2421 938 2479 veritatem

139 2489 302 2552 intelligibilem
319 2489 455 2552 discursive,
471 2493 510 2543 sed
525 2492 621 2557 simplici
633 2492 726 2542 intuitu.
740 2492 871 2542 intellectus
882 2489 937 2546 vert

140 2562 221 2612 anona
233 2561 246 2610 a
256 2561 402 2612 sensibilibus
415 2565 482 2614 rebus
493 2563 577 2628 accipit
588 2564 755 2626 intelligibilem
767 2562 906 2622 veritatem,
918 2570 937 2617 el

140 2647 191 2684 eum
207 2633 302 2696 quodam
321 2633 421 2686 discursu
437 2637 532 2687 rationis
547 2635 621 2700 ipsius
641 2648 692 2685 eam
709 2635 823 2698 intelligit.
839 2635 869 2685 Et
886 2635 937 2689 ideo

139 2704 260 2770 Dionysius
274 2709 359 2756 motum
374 2707 507 2758 circularem
525 2707 550 2756 in
564 2707 651 2770 augelis
662 2707 773 2772 assignat,
786 2707 811 2756 in
828 2712 917 2770 quantu

140 2777 281 2828 uniformiter
291 2781 314 2828 et
324 2778 487 2840 indesinenter,
499 2779 583 2842 absque
592 2777 702 2843 principio
713 2782 736 2828 el
748 2778 806 2838 line.
816 2720 936 2900 intuenti}

139 2849 225 2912 boum,
243 2849 301 2900 sieut
315 2854 389 2900 motus
403 2850 518 2902 cucularis
526 2863 606 2900 carens
619 2849 732 2914 principio
746 2853 770 2900 et
783 2850 839 2912 line,
850 2849 917 2900 nnifo

140 2921 316 2974 miteresteirca
325 2921 386 2974 idem
397 2926 509 2974 centrum
517 2923 546 2972 lu
556 2921 693 2974 immanere
702 2921 935 2995 meduanensem
