1917 3317
131 181 177 226 cio
310 192 370 226 rans
387 193 427 239 nr,
445 191 536 234 orest.
554 189 625 236 mr,
643 189 701 224 aar.
720 189 757 222 nr.

131 267 185 316 dent
198 265 369 315 universitatem
384 270 542 329 peecatorum,
558 263 667 312 denarius
681 263 746 311 enim
761 267 854 322 nuquam
869 253 905 316 iu}-

132 339 188 387 tinae
206 352 312 386 numerus
328 339 350 385 in
368 339 444 386 decem
459 337 579 399 preceptis
593 334 651 396 tegis
665 334 808 392 ostenditnr3
820 337 902 393 perrara

135 413 210 458 tutem
221 414 256 458 est
272 410 327 469 repis
339 409 503 471 transgressio,
518 407 606 455 denarii
619 405 674 455 reri]
686 405 777 454 numeri
790 410 897 461 transgres:

135 486 172 529 est
191 482 337 530 undenurius.
354 480 500 544 Septenarius
521 484 596 526 autem
619 478 738 540 significat
756 474 888 524 universitate

136 551 189 614 quia
210 554 341 601 universum
363 557 452 616 ternpus
472 552 602 614 septenario
617 551 706 598 dierum
724 560 818 597 numem
834 544 891 593 ruini

136 625 224 687 septies
238 630 313 673 autem
332 625 436 672 undecim
452 628 506 672 sunt
526 622 673 685 septuaginta
691 626 792 684 septem.
806 620 833 669 Et
853 618 879 663 itu
892 636 899 660 r

138 696 183 744 huc
198 696 337 758 significatur
355 695 494 744 universitas
512 701 675 757 pcccatorum,
694 707 749 756 quae
768 706 810 755 per
830 687 890 738 chris

138 766 255 816 tolluntur.

171 839 204 886 hd
229 843 332 900 quartum
360 837 497 895 dicendum,
525 837 584 899 qudd
607 835 667 884 sieut
693 835 850 899 Hieronymus
874 847 898 879 s.

139 907 244 967 trariis,
258 910 326 968 dicit,
342 926 354 955 n
369 909 512 970 quieturam
533 921 575 956 rex
589 905 668 968 generi
683 919 709 954 se
725 906 848 954 miscuerat
859 904 890 962 ing

139 978 204 1028 sirnae
223 981 349 1042 tezahetis,
368 980 452 1028 idcireo
470 980 586 1040 usquead
604 977 695 1025 tertiam
710 979 878 1038 generationem
891 994 903 1017 »r

141 1051 249 1100 memoria
263 1052 356 1111 totlitur,
373 1065 401 1100 ne
416 1052 439 1099 iu
454 1057 539 1100 sancte
555 1049 684 1098 nativitatis
697 1049 780 1096 ordine
796 1051 898 1111 poneretis

140 1123 170 1172 Et
180 1123 220 1183 ita,
233 1128 257 1170 ut
273 1125 450 1187 chrysostomus
464 1124 497 1183 (t)
512 1121 578 1180 dicit,
594 1124 681 1182 quanta
695 1119 831 1168 benedictio
845 1120 894 1166 iar...

141 1207 209 1257 super
230 1195 301 1257 tehu,
317 1195 356 1255 qui
375 1194 499 1242 vindictam
519 1193 606 1241 iecerat
627 1204 697 1254 super
718 1191 816 1240 domum
834 1191 895 1239 acha.

142 1265 245 1325 terrun,
263 1270 325 1314 tenta
348 1264 390 1313 tuit
408 1263 537 1313 maledictio
557 1276 627 1324 super
646 1263 744 1310 domum
764 1263 843 1312 turam
862 1276 894 1322 pa

143 1336 211 1385 tiliam
232 1337 302 1400 iniqui
318 1337 394 1386 hchah
413 1341 437 1385 et
449 1333 557 1395 lezabel,
573 1339 684 1394 utusque
700 1334 731 1382 ad
746 1342 850 1396 quartam
862 1345 890 1393 ger

143 1407 228 1457 tionmn
241 1409 391 1470 preciduntur
405 1407 444 1454 titii
454 1406 506 1467 ejus
519 1407 547 1454 de
561 1418 655 1453 nomem
668 1418 760 1466 regum,
776 1404 892 1462 sieut-seri,

145 1483 180 1530 est
194 1479 288 1535 naon..
304 1479 343 1527 XX
356 1494 362 1526 :
377 1494 390 1525 u
407 1479 508 1526 Reddam
529 1479 649 1539 peccatum
669 1480 799 1536 parentum
813 1475 845 1537 (Ξ)
861 1476 881 1521 in
894 1482 903 1517 1.

145 1565 218 1614 usque
233 1553 258 1598 ad
271 1550 359 1599 tertiam
373 1554 396 1599 et
411 1554 512 1610 quartam
524 1546 705 1609 generationem.
717 1564 732 1590 u
745 1547 789 1596 Est
802 1549 869 1596 etiam
881 1557 898 1589 r.

146 1623 244 1672 dendum
266 1621 325 1682 quod
340 1624 362 1670 et
382 1620 420 1670 alii
440 1632 504 1682 reges
518 1620 613 1667 suerunt
627 1621 765 1678 peccatores
779 1619 859 1680 quiin
874 1629 896 1675 p:

145 1692 205 1754 logia
219 1693 301 1740 Christi
316 1695 440 1755 ponuntur,
456 1691 497 1740 sed
512 1703 557 1738 nun
574 1689 616 1736 suit
628 1701 708 1737 eorum
724 1691 863 1738 continuata
875 1688 895 1733 ir

147 1766 199 1825 tns3
214 1777 280 1823 num,
299 1768 323 1812 ut
342 1764 423 1812 dicitur
442 1763 466 1810 in
484 1762 522 1811 hh.
546 1761 722 1820 Quaestionum
742 1764 841 1809 ueteris
859 1763 880 1807 et
898 1778 904 1800 ,-

149 1835 300 1884 Testamenti
311 1837 320 1899 t
337 1836 356 1897 t,
368 1850 407 1896 nu.
423 1839 469 1897 85,
483 1851 496 1878 u
505 1832 613 1881 Salomon
624 1830 707 1878 merito
716 1832 796 1893 patris
808 1832 845 1881 sui
855 1832 883 1879 div
900 1864 904 1874 .

149 1905 173 1954 in
191 1919 261 1966 regno
280 1910 329 1966 est,
351 1907 451 1955 Rohoum
472 1904 553 1953 merito
574 1907 619 1951 Asa
638 1901 681 1950 nti
706 1903 763 1965 sui;
784 1905 868 1954 horum
886 1936 904 1948 .-

148 1977 216 2026 trium
229 1979 371 2027 continuarit
387 1977 501 2040 impietas
516 1991 529 2020 o

180 2049 213 2098 nd
227 2052 331 2112 quintum
347 2051 465 2099 theudoro
477 2087 484 2106 ,
497 2046 558 2109 dudd
571 2046 631 2094 sicut
645 2045 701 2094 dicit
714 2047 876 2112 Hieronymus
895 2061 903 2092 s

149 2121 253 2179 Mutila,
270 2139 283 2167 n
296 2122 320 2170 in
337 2120 467 2184 genealogia
481 2117 604 2166 Salvatoris
614 2117 676 2165 nnita
691 2124 831 2168 sanaturum
846 2120 901 2167 uni.-

150 2192 284 2254 assumitur,
299 2194 339 2242 sed
354 2207 385 2242 ere
401 2205 457 2256 quas
471 2190 586 2252 Scriptura
600 2189 765 2251 reprehendit,
781 2196 809 2238 ut
824 2191 884 2253 qui,

150 2270 281 2328 peccatores
295 2270 402 2325 uenerat,
413 2267 440 2313 de
454 2263 610 2326 peccatoribus
623 2274 720 2309 nascens
730 2298 738 2318 ‚
749 2264 861 2311 omnium
875 2279 895 2323 p.

151 2335 245 2384 deteret.
259 2354 273 2382 o
290 2337 352 2385 Unde
367 2337 459 2398 punitur
472 2335 578 2391 Thamar,
593 2345 644 2393 quae
658 2332 847 2393 reprehenditur
861 2335 905 2381 dr·

151 2407 201 2456 rino
218 2408 351 2467 concubitu,
362 2411 384 2456 et
397 2407 474 2468 hauh,
486 2419 536 2467 quae
547 2403 590 2450 tuit
602 2402 719 2461 meretrix,
730 2408 759 2452 et
770 2405 854 2467 Ruth,
865 2420 898 2465 qr

153 2479 294 2541 alienigena,
309 2484 332 2528 et
351 2481 478 2541 Betsahee‚
492 2475 633 2535 uxorUriae,
649 2488 702 2538 quae
714 2474 761 2524 tuit
777 2478 891 2526 adultera.

185 2642 219 2704 (tt
240 2645 291 2689 Sive
310 2649 392 2688 auctor
410 2643 488 2698 operis
508 2638 656 2695 imperfecti,
669 2635 763 2683 Homil.
782 2641 806 2683 1.
829 2641 856 2684 iu
876 2639 897 2681 Β

154 2707 183 2752 ad
197 2707 236 2750 trra
251 2707 322 2749 verha
337 2721 345 2748 e
359 2706 444 2750 torum
459 2706 545 2760 parauit
566 2702 661 2749 oziam,
671 2705 719 2744 etc.

186 2773 220 2834 (ht
236 2777 280 2819 Vei
292 2776 324 2818 sic
339 2787 367 2818 ex
379 2784 441 2818 vers.
453 2773 467 2816 5
480 2791 487 2818 ι
502 2773 611 2818 Vestram
623 2771 785 2826 iniquitates,
798 2780 867 2826 θέω
886 2787 905 2817 s.

153 2835 252 2880 cundhm
266 2835 306 2891 70,
320 2835 423 2879 reddens
436 2842 534 2892 peccatu
547 2840 659 2891 potrum,
669 2837 714 2877 etc.

186 2903 219 2963 (3)
235 2907 294 2956 Quas
306 2906 375 2950 toties
389 2911 495 2949 notarum
509 2904 633 2963 Augustini
646 2915 696 2948 nnn
710 2916 773 2950 esse.
