1917 3317
248 134 275 172 na
291 136 423 173 uenturouns
440 134 567 173 rnuaassu.
756 126 803 171 lon

56 206 94 250 turn
106 217 111 250 :
124 205 181 256 Unuru
197 210 303 269 anemae,
321 214 380 276 quod
399 212 517 262 huminem
536 212 592 262 facit
612 213 747 261 monacnum
765 212 803 261 vet

57 272 128 324 alterins
140 278 234 342 religionis
249 283 348 345 fratrent,
367 284 429 347 quod
450 288 544 333 vocatur
561 284 700 347 professio·
714 285 739 332 el
755 282 803 331 tale

59 346 115 421 rotun
125 347 177 399 lebet
186 354 300 415 precedere
310 368 383 405 annus
395 355 551 417 probationis,
562 360 589 403 ut
605 354 684 417 prohat
693 353 801 418 objectio.

58 415 104 465 tlrul
113 423 171 470 neu
181 427 212 473 est
220 430 290 475 votum
302 427 464 492 simplex,ex
472 440 518 490 quo
531 426 614 489 aliquis
624 439 668 487 uon
682 425 708 473 lit
723 436 804 473 muna·

57 487 96 535 cius
107 489 255 558 relreligiosus,
270 499 308 547 sed
324 499 397 548 mlum
411 498 525 559 obligatus
536 499 562 548 ad
576 497 692 559 religionis
709 496 803 558 ingres-

56 569 101 617 nn3
114 564 132 609 et
146 567 238 626 utente
256 573 332 618 votum
345 582 390 619 nou
409 573 498 632 oportet
515 570 645 631 precedere
664 566 803 631 probationis

57 639 127 679 arruuu.

79 702 102 749 ti
118 707 215 757 nundum
231 710 362 773 dicendum,
372 711 432 775 quod
452 712 575 761 auctoritas
587 711 627 759 ilia
642 710 745 771 Gregorii
759 711 802 770 (et

56 773 120 821 concilii
129 776 224 843 Toletani)
236 782 367 843 intelligitur
380 783 409 832 de
423 782 532 832 violentia
547 783 661 833 absoluta.
675 782 804 830 Necessitas

55 846 107 891 autern
117 860 156 909 oue
171 864 196 900 ex
208 853 341 915 obligatione
353 855 402 903 voti
417 854 552 917 requiritur,
567 866 613 904 non
629 857 665 902 est
678 852 804 902 necessitas

54 913 136 976 :oculata
152 922 185 970 sen
196 924 312 974 necessitas
325 938 354 975 en
366 925 426 987 fine,
438 926 491 988 quia
504 924 592 975 scilieet
602 928 655 987 post
665 927 744 974 votnm
756 935 802 971 non

54 988 107 1039 potest
116 988 182 1051 aliquis
190 994 249 1042 linem
261 994 340 1044 salutis
353 996 473 1059 consequi,
487 996 532 1045 uisi
545 995 639 1058 impleat
649 992 804 1043 votunnatis

53 1058 107 1131 tritanu
124 1062 227 1113 nonnitus
242 1078 287 1115 non
307 1070 342 1116 est
361 1066 467 1129 vitantia,
488 1065 604 1129 quinimo,
621 1068 647 1113 ut
663 1064 804 1127 Augustinus

53 1122 92 1171 liert
103 1130 129 1175 uo
138 1137 309 1185 inmorantem
321 1142 345 1187 et
355 1138 492 1187 Paulinum
508 1137 603 1201 (Epist.
616 1135 705 1198 XLV),
721 1152 736 1181 u
748 1133 804 1183 folin

53 1198 77 1240 est
87 1202 186 1253 necessitas
196 1219 241 1267 qua
254 1208 277 1256 iu
291 1208 384 1259 meliora
397 1208 520 1273 compellit.
535 1224 549 1254 n

77 1269 99 1313 li
107 1271 179 1323 tertium
188 1276 298 1329 licendum
305 1317 313 1343 ‚
323 1280 384 1343 quod
396 1292 479 1329 rovere
488 1279 604 1343 religionis
614 1280 756 1341 ingressum,
769 1280 806 1326 est

56 1340 130 1395 coenan
144 1346 265 1400 continuatio
284 1351 407 1401 uoluntatis
421 1352 447 1400 ad
468 1350 572 1401 meliora.
586 1351 615 1399 nt
628 1350 680 1399 loeo
692 1352 804 1411 quantum

57 1411 80 1452 tn
88 1410 107 1486 le
115 1424 143 1471 se,
154 1428 193 1466 non
207 1420 243 1469 dat
256 1422 340 1471 homiui
352 1423 496 1473 occasionem
513 1421 597 1481 ruinae,
609 1421 650 1470 sen
661 1419 734 1482 magis
747 1418 806 1468 sub-

58 1480 111 1557 traho.
121 1484 154 1535 Sel
169 1488 187 1537 si
196 1491 273 1555 aliquis
285 1494 333 1543 voti
347 1500 503 1557 transgressor
520 1494 614 1555 gravius
628 1495 693 1550 roal,
703 1493 749 1540 110⁰
759 1502 806 1540 1¹⁰ss

58 1557 218 1635 *tonogatltouitati
232 1563 291 1626 uuti;
310 1565 370 1615 sicut
390 1578 434 1615 nec
451 1566 546 1627 derogat
562 1563 659 1613 bonitni
679 1561 804 1625 baptismi,

57 1623 99 1677 *pon
108 1624 159 1690 atqu
172 1637 218 1694 post
229 1634 366 1699 baptismum
379 1636 471 1698 grauius
485 1640 588 1699 peccaut.

212 1860 215 1868 .
295 1813 455 1863 nunccios
470 1814 511 1864 111.

74 1931 137 1980 tirone
145 1938 179 1983 ille
186 1942 223 1997 qut*
233 1943 352 2000 obligatus
362 1945 398 1986 est
405 1946 460 1985 voto
470 1942 502 1987 od
511 1942 636 2000 religionis
646 1943 779 1999 inpressum

220 2010 329 2050 teneatur
339 2006 434 2049 intrare
443 2006 593 2062 religionem.

77 2127 96 2174 lt
110 2131 184 2183 onina
199 2134 229 2185 sic
243 2136 382 2199 proceditur.
399 2134 495 2185 Videtur
509 2134 570 2199 quod
586 2134 625 2184 ille
639 2135 678 2199 qui
693 2134 807 2198 obligatus

60 2200 80 2241 st
88 2204 124 2248 roto
135 2204 159 2252 ai
169 2204 276 2269 religionis
289 2207 433 2269 langressurn,
448 2219 495 2256 non
507 2210 597 2257 tenatur
610 2205 695 2255 intrare
709 2206 807 2268 religio-

62 2270 168 2325 renuntietur
180 2278 234 2330 enirn
251 2278 275 2327 iu
291 2278 407 2327 Decretis
422 2276 495 2339 XVll,
507 2281 590 2340 quaest.
601 2281 616 2325 i
628 2293 634 2327 :
650 2278 803 2327 «Gousaidus

63 2340 135 2405 terronis
145 2350 244 2410 qoniam
258 2349 394 2399 inormitate
403 2348 416 2398 it
426 2350 515 2399 fervore
528 2349 644 2413 passionis
657 2363 749 2413 pressus
761 2363 808 2398 uno

65 2412 148 2467 tornense
163 2420 206 2471 ieri
223 2420 343 2485 promisit3
361 2424 499 2471 nontamen
518 2422 656 2471 monasterio
672 2424 712 2469 aut
730 2420 809 2471 abbati

62 2486 193 2551 anroenitate
201 2491 377 2556 pronissioueun
387 2491 491 2554 scripsit,
503 2492 544 2542 sed
554 2492 690 2554 beneficium
696 2491 806 2541 Ecclesiae

62 2562 76 2596 n
89 2568 131 2607 nanu
144 2564 234 2614 aduocati
250 2563 376 2623 reiut-avit3
397 2574 423 2611 ac
439 2568 561 2625 postquam
581 2563 711 2621 conualuit,
728 2576 810 2613 tuouu-

62 2633 212 2696 unnssnsgsvit
229 2635 287 2684 ieri.
302 2651 316 2679 n
332 2635 361 2683 Et
377 2638 457 2696 postea
468 2636 590 2683 subditur:
607 2651 621 2680 u
635 2634 768 2683 Julioernus
783 2636 807 2682 et

63 2701 146 2754 oratoriolo
156 2707 275 2769 Apostolica
289 2705 439 2769 praecipirnus
448 2710 474 2753 ut
485 2707 593 2769 praefatus
608 2706 726 2769 presbyter
734 2706 809 2754 bene-

66 2770 109 2817 norun
120 2780 135 2825 rl
142 2778 209 2827 altaria
222 2778 319 2841 recipiat
337 2780 362 2825 et
375 2776 452 2838 quieto
468 2776 573 2827 retineat.
585 2793 599 2822 n
614 2778 661 2825 lloe
673 2781 748 2825 aulem
761 2787 807 2822 nou

67 2847 126 2896 centn
136 2854 235 2900 nnssstnn
247 2848 383 2914 religionem
400 2846 492 2899 intrare.
511 2848 570 2912 Ergo
584 2849 674 2898 uidetur
684 2846 745 2910 quon
759 2858 806 2897 non
