1917 3317
162 187 193 237 st
253 195 865 251 mousntssounosr‚ounsr.umn1,tnr.m.

160 281 287 340 respectum
302 278 330 328 ud
344 277 447 328 ordinem
460 276 636 341 pulchritudinis
645 277 819 343 eeclesiastioae3
832 282 858 331 et
875 291 939 330 seeuo

161 347 215 400 dium
230 349 274 400 hoe
284 349 393 412 accipitur
402 349 550 412 differentia
561 349 705 413 proderem,
716 354 785 414 prout
795 350 884 402 seilicet
893 353 939 402 etio

159 419 185 470 in
201 422 281 472 eodem
295 425 356 472 stutu
367 421 405 471 vet
418 421 494 472 otdoio
508 436 569 472 unus
580 426 617 472 est
631 421 675 472 ulio
694 423 806 486 superior.
822 425 888 476 Unde
898 427 920 474 et
932 423 939 470 i

161 493 229 542 Prot.
241 494 329 544 xovtt.
344 493 427 544 dieitur
441 493 567 545 seeundum
582 494 651 544 stium
666 493 766 545 litterum
778 495 831 559 (t):
848 495 940 546 «Demi

161 565 266 630 gradibus
279 567 330 630 ejus
344 570 503 630 cognoscetum
513 583 528 613 n

192 636 224 686 td
234 636 331 700 primum
348 649 401 702 ergo
418 638 554 696 dicendum,
568 635 628 700 dudd
645 637 768 688 materialis
782 637 904 689 diversitos
916 639 940 686 iu

160 719 277 757 munorum
296 712 386 758 actuum
406 712 441 759 est
453 707 557 769 intuitu,
569 712 594 758 et
604 707 728 758 seeundum
744 710 804 759 orne
820 721 870 760 nen
885 708 939 761 distin

160 782 259 842 ςιιιιιιιιι
276 777 363 840 ottieio,
378 781 417 830 sed
439 779 564 830 seeundum
585 780 703 830 tormulem
723 781 895 845 diversitatem,
913 796 937 844 qu

160 850 269 915 recipitur
283 849 408 902 secundini
423 851 525 902 diuersas
538 850 627 916 speeies
640 855 731 902 uetuum
741 868 748 916 ;
759 852 885 903 seeundum
896 864 940 917 quo

161 925 226 974 ustus
238 924 337 974 hominis
351 937 396 974 non
412 931 464 973 sunt
478 923 571 973 induiti.

191 995 366 1046 seecundum
389 993 524 1055 didendum‚
544 993 606 1059 quod
626 995 674 1045 vite
696 995 779 1046 dieitur
800 996 940 1058 uosoiutd;t

158 1063 210 1119 ideo
224 1067 343 1118 diversitos
357 1067 454 1116 sitarum
470 1065 580 1131 recipitur
593 1066 718 1118 secundini
735 1067 837 1119 diuersos
849 1073 916 1118 sotus
924 1080 940 1130 p

160 1140 302 1190 eonseoiunt
318 1137 404 1190 homiui
419 1138 543 1189 emunddm
561 1138 670 1203 seipsum.
682 1139 727 1190 sed
743 1139 884 1203 efficientia,
899 1140 940 1200 too

159 1210 255 1261 sumitur
267 1222 351 1262 nomen
364 1210 445 1272 offleii,
460 1213 487 1260 ut
501 1210 646 1272 dictumest,
660 1210 770 1275 importet
782 1211 898 1262 sotionem
916 1215 939 1258 to

159 1280 287 1333 dentemn'n
301 1281 377 1344 eliud,
389 1285 414 1331 ut
432 1279 515 1330 dieitur
527 1280 550 1330 in
562 1281 600 1331 tx.
616 1281 758 1346 Metuptpe.
772 1281 845 1346 (text.
864 1279 940 1343 topi

156 1353 211 1404 ideo
219 1353 294 1404 officie
302 1353 471 1416 distinguuntur
479 1351 571 1416 proprie
582 1351 706 1403 seeundum
715 1356 779 1404 uetus
787 1353 827 1417 qui
836 1354 940 1405 referunt

158 1426 187 1475 ud
204 1424 277 1488 elios;
292 1425 351 1475 siout
367 1424 448 1474 dieitur
462 1424 540 1474 doctor
554 1422 640 1474 nubere
657 1424 924 1487 ottieium,uetjude1‚
938 1444 940 1463 ι

159 1496 194 1546 sio
205 1497 233 1546 do
243 1496 302 1546 aliis.
317 1497 344 1547 iit
355 1496 406 1546 ideo
418 1495 517 1546 isidoms
527 1494 582 1544 dicit
596 1495 701 1560 (ibidem)
711 1495 772 1560 qudd
782 1512 797 1543 u
806 1496 911 1546 ottieinm
927 1510 939 1541 o

158 1573 185 1620 ut
200 1569 295 1633 quisque
310 1569 350 1618 iile
366 1573 418 1632 eget
429 1581 482 1630 quae
494 1567 551 1618 nutti
566 1568 668 1619 offleiuut
679 1568 722 1633 (id
734 1572 770 1618 est
783 1575 887 1620 uooeunt
896 1572 940 1633 pse

158 1641 246 1706 prosint
259 1640 389 1691 omnihus»
407 1640 453 1705 (ex
466 1641 584 1690 dmbmsio
596 1653 687 1704 quoque
700 1639 741 1690 ubi
754 1639 848 1703 sopri).

189 1714 222 1765 ed
237 1713 327 1763 tertium
340 1712 475 1773 dicendum,
496 1712 558 1776 qudd
571 1712 691 1763 diversitos
708 1714 819 1773 statuum,
831 1713 939 1763 officium

157 1788 180 1836 et
189 1786 299 1848 graduum
311 1783 435 1834 sennodum
449 1784 540 1834 diversa
551 1783 658 1846 sumitur,
672 1787 699 1833 nt
711 1783 846 1834 dictumest
862 1785 918 1848 (ort.
930 1787 938 1832 ι

159 1859 187 1908 nd
199 1861 212 1906 ι
222 1857 240 1919 i.
256 1855 371 1917 contingit
387 1859 462 1906 tamen
475 1855 536 1920 qnod
550 1857 595 1906 istu
614 1855 657 1905 triu
674 1853 699 1906 iu
716 1855 796 1906 eodem
810 1867 937 1906 sooeurrun

158 1929 213 1992 pust
227 1928 278 1978 edm
289 1927 371 1991 aliquis
385 1927 505 1992 deputetur
515 1928 544 1976 ud
561 1927 658 1990 ntiquom
671 1930 748 1978 uotum
760 1926 880 1991 altiorem,
892 1928 937 1978 sim·

159 2013 187 2052 ex
202 2002 246 2050 hoo
265 2001 333 2050 habet
351 2004 374 2050 et
387 1999 503 2060 offlrinm,
517 2003 541 2050 et
560 2000 653 2062 gradum
661 2035 669 2062 ,
683 2002 706 2048 et
726 1997 823 2049 utteriins
838 1999 936 2062 qnemdu

158 2071 303 2136 perfeetionis
316 2074 398 2121 statum
410 2075 503 2136 propter
514 2070 579 2120 uotis
592 2070 769 2132 sublimitatem,
783 2070 844 2120 sieut
855 2075 935 2134 putetp

157 2145 274 2209 episcopo.
286 2145 380 2195 Ordines
392 2148 468 2195 autem
484 2143 631 2194 ecelesiastici
645 2144 773 2208 specialiter
786 2144 934 2208 distinguunt

158 2215 281 2268 seeundirm
289 2215 468 2266 diversuoffioiu.
478 2215 535 2265 oteit
542 2215 604 2266 enim
613 2215 714 2265 Isidorus
722 2215 747 2264 in
755 2215 796 2265 lib.
808 2215 933 2280 Etymoto

160 2288 207 2352 (ut
225 2287 306 2351 sopri)
323 2301 329 2336 :
349 2282 503 2338 «officiorum
520 2286 617 2350 plurimu
633 2299 717 2349 genere
729 2289 799 2348 eunt,
814 2288 855 2337 sed
872 2299 933 2351 prere

157 2373 227 2424 puum
241 2359 296 2410 iilud
312 2362 348 2410 est
360 2361 419 2423 quod
432 2359 457 2408 in
468 2361 539 2410 saeris
550 2359 679 2423 divinisque
694 2359 763 2410 rebus
775 2357 907 2410 senemr.»

193 2511 226 2577 (i)
236 2515 323 2572 Nempe
331 2513 363 2559 70
371 2515 525 2572 interpretum
535 2513 660 2560 editionem
668 2516 734 2571 juxte
743 2525 843 2572 meseum
854 2510 930 2580 βάρισι

159 2598 219 2632 vers.
234 2584 262 2648 t,
277 2585 318 2631 ubi
331 2587 445 2644 vulgatu,
461 2597 523 2632 vers.
535 2586 563 2643 3,
579 2587 634 2644 tegit
647 2587 677 2631 trs
696 2585 816 2631 demeres.
832 2585 863 2629 Et
876 2584 930 2629 Hier

158 2661 241 2708 npmus
255 2650 348 2706 quidem
369 2650 393 2694 iu
410 2650 483 2700 Osee,
499 2651 568 2707 VIII,
587 2648 666 2716 βάρεῖς
681 2644 929 2706 interpretatorium

160 2731 189 2768 oo
199 2723 229 2766 tn
237 2721 335 2766 modum
345 2721 456 2766 turrium
465 2721 597 2779 odtfieotos
608 2721 698 2770 domos,
705 2727 731 2766 ut
742 2726 767 2765 et
775 2719 800 2764 tn
808 2719 883 2776 Epist.

160 2785 201 2830 Pe.
215 2785 303 2846 xotv,
316 2784 451 2840 expiiosndo
473 2784 513 2828 ubi
532 2783 652 2854 perperdm
666 2782 758 2854 βάριῑςς
773 2781 867 2840 peu-inde

163 2868 191 2902 se
205 2857 225 2902 si
238 2855 358 2916 proditus
371 2856 456 2913 quintu
469 2861 545 2902 turres
557 2857 672 2913 predicte
684 2859 801 2902 eonstuut.
