1917 3317
227 171 543 219 mmmmmm
708 154 785 211 'm

53 242 88 293 llerl
98 250 162 297 antem
174 250 193 299 ει
205 247 259 299 alias
272 248 372 300 rationes
384 285 390 308 ‚
401 248 478 299 dicens
492 250 537 299 hoe
550 247 665 300 Christum
680 266 695 297 u
705 249 788 302 iecisse

53 316 121 373 aterio,
134 321 156 367 ut
167 318 234 368 Adam
244 320 272 369 de
284 320 353 371 exilio
362 320 466 371 liberaret
478 320 527 383 (qni
538 319 626 371 scilicet
637 321 665 371 de
679 321 786 371 Paradiso

58 389 153 439 lesertnm
173 390 256 454 ejectus
274 392 344 455 est),
358 394 381 443 et
395 394 509 456 exemplo,
530 396 557 442 ut
574 393 704 445 ostenderet
721 392 789 445 nohis

53 460 113 509 mlum
125 462 149 511 ad
162 461 249 512 meliora
261 463 411 514 tendentibus
424 464 536 516 invidere.
548 482 562 511 n

53 532 69 579 ul
82 532 167 596 primum
185 546 235 596 ergo
249 534 385 598 dicendum,
401 534 461 599 qudd
474 536 582 586 Christus
594 536 730 601 proponitur
739 549 788 586 om-

53 618 71 651 m
83 604 103 652 in
119 605 239 667 exemplum
252 618 294 668 per
312 605 394 668 iidem,
411 607 537 657 secundnm
550 608 605 659 illud
620 609 707 668 Hebe„
722 608 764 657 llll
780 622 786 655 :

53 676 164 737 spicientes
178 677 200 726 in
210 680 325 727 auctorem
339 678 392 729 fidei
406 684 430 729 et
446 678 665 743 consummatorem,
675 680 761 731 lesum.
772 697 786 729 n

53 760 67 795 u
80 751 158 809 antem,
172 750 196 799 ul
209 748 289 799 dicitur
307 752 388 810 Rom„
400 751 436 809 ll,
448 755 525 801 estex
540 751 636 815 auditu,
650 765 697 802 uon
711 756 789 801 autem

53 820 102 884 ricu3
115 822 210 885 quinimo
229 822 312 880 Jooo.,
326 824 363 885 X,
380 824 462 873 dicitur
477 840 484 873 :
501 842 515 871 u
533 824 598 874 Beati
610 823 649 887 qui
660 838 707 875 non
724 823 788 873 uide-

66 897 86 940 et
107 893 248 945 crediderunt.
261 911 275 941 »
293 894 322 944 ct
339 894 391 945 ideo
409 895 439 945 ad
455 896 499 945 hoc
515 894 575 959 quod
594 896 688 946 tentatio
703 892 789 946 Christi

53 970 59 1013 ι
78 967 141 1017 nohis
161 966 340 1033 inexemplum,
355 981 403 1019 mon
423 967 523 1031 oportuit
540 967 600 1031 quod
621 968 790 1018 abdominibus

53 1042 117 1098 retur,
136 1039 173 1089 sed
192 1038 307 1089 sufficiens
321 1038 364 1089 init
378 1039 439 1103 quod
453 1038 585 1089 hominibus
597 1042 734 1090 narraretur.

53 1111 58 1156 l
73 1110 192 1159 secundum
212 1110 344 1172 dicendum,
359 1110 419 1174 quod
432 1110 517 1173 duplex
529 1111 566 1160 est
578 1110 713 1161 tentationis
724 1120 791 1161 occa·

53 1196 56 1228 :
74 1194 120 1231 runa
142 1181 245 1244 quidem,
261 1185 368 1246 exparte
386 1182 501 1243 hominis,
514 1180 569 1245 puta
590 1194 640 1231 cnm
663 1180 746 1246 aliquis
766 1194 791 1232 ae

53 1256 83 1302 ato
105 1252 255 1317 propinquum
267 1254 322 1303 lacit
330 1290 339 1316 ‚
348 1252 480 1304 occasiones
494 1251 604 1315 peccandi
619 1265 667 1302 non
683 1252 790 1315 euitans3

53 1326 82 1374 lis
97 1324 187 1376 occasio
205 1325 337 1375 tentationis
353 1330 388 1375 εει
406 1324 517 1386 vitanda,
529 1324 588 1374 siem
602 1322 687 1373 dietum
710 1327 745 1374 est
764 1324 791 1373 de

53 1434 55 1447 .
74 1397 172 1451 Gerros..
186 1396 255 1447 XlX:
272 1413 285 1443 u
296 1396 329 1445 Ne
344 1395 435 1447 steteris
449 1396 474 1445 iu
487 1394 549 1446 omni
565 1394 659 1457 regione
679 1394 738 1444 cirea
751 1395 793 1445 So·

56 1482 85 1516 m.
101 1483 116 1514 n
139 1466 190 1517 lilia
202 1478 256 1517 vero
269 1467 405 1517 tentationis
418 1467 509 1517 occasio
527 1470 562 1516 est
578 1467 684 1529 exparte
697 1464 790 1526 diaboli,

61 1552 156 1603 semper
175 1538 261 1589 invidet
275 1539 303 1587 ad
314 1538 408 1589 meliora
421 1537 578 1600 tendentibus,
592 1554 606 1583 n
620 1539 647 1586 ut
657 1535 789 1586 ambrosius

54 1612 103 1668 (ulti
114 1609 206 1674 snpra).
224 1611 254 1659 ct
269 1609 320 1661 talis
332 1610 464 1661 tentationis
478 1608 625 1660 occasionem
638 1612 674 1658 est
686 1606 789 1669 uitanda3

63 1682 122 1732 dicit
141 1682 320 1747 Chrysostonrus
336 1697 411 1747 super
429 1682 541 1739 Multa,
555 1680 618 1745 quod
632 1695 646 1727 u
659 1693 706 1731 non
719 1680 791 1729 solum

53 1770 84 1805 ns
100 1756 190 1805 ductus
197 1758 233 1805 est
247 1754 270 1803 in
282 1756 395 1805 desertum
406 1754 419 1803 d
432 1754 528 1819 Spiritu,
542 1754 582 1804 sed
593 1764 673 1803 omnes
686 1750 738 1801 Filii
752 1749 793 1800 llei

55 1834 90 1878 les
104 1826 223 1892 Spiritum
245 1828 363 1891 sanctium5
379 1840 426 1877 non
444 1827 506 1876 enim
527 1828 581 1875 sunt
594 1824 695 1875 contenti
713 1824 793 1873 sedere

67 1902 112 1951 sed
127 1898 234 1963 Spiritus
247 1902 338 1949 sanctus
352 1902 418 1961 urget
431 1910 470 1948 eos
484 1897 575 1961 aliquod
588 1909 697 1959 magnum
710 1908 793 1959 appre-

53 1988 75 2022 re
86 1986 168 2037 opus;
183 1972 245 2033 quod
256 1974 349 2021 estesse
361 1969 386 2019 in
397 1971 496 2032 deserto,
510 1972 622 2034 qnantum
632 1967 661 2017 ad
670 1967 792 2030 diabolum;

54 2059 93 2094 ron
109 2048 151 2095 est
168 2042 202 2092 ibi
216 2042 341 2111 injustitia,
357 2042 438 2106 inqua
459 2042 562 2092 diabolus
575 2040 707 2091 delectatur.
722 2038 794 2088 Omne

57 2118 153 2167 bonum
173 2128 234 2179 opus
248 2118 283 2164 εει
296 2115 408 2165 desertum
421 2118 532 2179 mantum
541 2113 570 2163 ad
582 2123 675 2161 carnem
690 2114 715 2159 et
727 2122 795 2158 mun·

53 2189 113 2253 quia
130 2200 185 2239 non
206 2190 244 2236 εει
258 2186 385 2237 secundnm
398 2185 539 2235 uoluntatem
552 2183 629 2233 carnis
642 2186 666 2233 et
679 2180 766 2232 mundi.
779 2197 793 2227 u

68 2264 157 2310 autem
184 2257 344 2309 occcasionem
362 2255 497 2308 mutationis
510 2255 564 2305 dare
578 2254 680 2316 diabmo,
697 2264 745 2302 non
761 2254 797 2301 est

53 2346 150 2395 ,osum3
171 2330 230 2395 qnia
249 2330 322 2394 magis
344 2335 379 2381 εει
398 2328 519 2381 consilium
536 2326 634 2391 Spiritus
651 2325 740 2387 sancti,
758 2322 798 2387 quui

53 2405 125 2455 lecti·
143 2402 230 2468 operis
246 2408 335 2465 auctor,
352 2402 418 2467 qu'am
433 2398 576 2463 impugnatio
592 2395 677 2448 diaboli
691 2396 798 2446 inriden-

53 2549 159 2598 ezrtium
188 2546 326 2608 dicendum,
342 2544 402 2609 quod
419 2542 511 2608 quidam
529 2540 606 2591 dieunt
623 2552 704 2590 omnes
724 2538 799 2587 ιεειε-

54 2620 108 2669 l'tae
110 2632 141 2669 as
162 2617 264 2669 luisse
258 2630 283 2667 rn
297 2619 393 2671 deserto
409 2616 509 2675 Quorum
521 2610 614 2676 quidam
625 2610 716 2669 dieunt,
735 2605 798 2671 quod
827 2624 832 2628 ·

54 2708 67 2740 s
86 2692 186 2741 drictus
205 2695 242 2741 est
260 2689 287 2739 in
303 2696 404 2740 sauciam
425 2686 562 2746 Civitatem,
575 2696 624 2734 non
636 2681 735 2740 realiter,
757 2680 798 2729 sed

58 2779 94 2813 rm
107 2762 285 2825 imaginariam
300 2762 422 2815 visionem
433 2759 530 2818 Quidam
545 2760 622 2807 autem
633 2754 712 2803 mount
719 2750 798 2815 ,quod

53 2849 99 2897 psa
117 2834 215 2885 civitas
231 2836 312 2885 sancta
323 2833 360 2897 (id
376 2836 418 2893 est,
434 2828 585 2892 Hierusalem)
598 2826 727 2875 desertum
742 2817 798 2871 dici·-

59 2922 72 2956 a
91 2911 154 2958 erat
168 2904 310 2961 derelicta
305 2918 318 2955 a
333 2908 387 2959 ileo.
399 2904 441 2955 Sed
458 2904 504 2955 lucc
516 2914 563 2953 non
577 2901 613 2950 est
630 2893 797 2956 necessarium,
