1917 3317
126 231 176 280 nt
313 239 374 276 rans
390 240 432 288 m,
449 239 543 284 oum.
558 239 622 287 m,
639 237 698 275 aar.
714 239 744 274 rr.

128 319 182 383 quia
204 315 296 380 etipse
314 314 419 365 cbristus
438 313 527 364 ratione
545 313 662 378 passibilis
680 312 753 375 nitar,
768 329 783 361 e
799 307 910 362 modira'n':

129 389 223 452 Angelis
237 389 362 438 minoratus
372 391 419 446 est,
430 403 444 434 n
454 389 482 436 nt
495 386 576 436 dicitur
588 385 674 441 Hedr„
688 386 717 434 ii.
731 385 774 435 Sed
789 388 864 434 tannen
875 395 911 441 nn:-

130 459 234 510 Christus
246 460 313 508 simnl
325 460 367 508 luit
379 458 451 506 uiator
464 461 488 506 et
497 457 684 520 comprehensor.
697 456 808 520 qnantum
821 457 849 504 ad
859 466 912 511 ruga⁴

130 530 216 580 tionem
228 531 417 589 divinorrrm‚non
428 529 546 591 indigebat
559 528 588 576 ab
598 528 693 590 tingetis
705 527 801 576 instrui.
814 528 857 576 Sed
867 526 900 572 ltu

129 601 172 651 ilei
185 602 285 650 nondum
295 605 344 650 erat
357 600 381 648 in
393 603 454 648 statu
463 600 696 662 comprehensorum
711 602 736 648 et
747 598 799 649 ideo
816 599 845 647 de
859 597 902 645 dim

132 676 242 736 conceptu
262 684 300 734 per
317 671 415 730 bunelos
428 670 562 719 instruenda
580 672 639 719 erat.

40 789 41 798 ,
164 745 197 792 Ad
209 745 332 792 secundum
343 741 464 791 dicendam
475 779 482 801 ,
492 740 552 804 qudd
568 739 714 802 angustinus
728 740 819 789 dicitin
831 740 907 788 Sarma:

40 815 41 852 l
133 815 171 866 De
179 816 355 878 assumptione
364 815 396 874 (1)
406 828 412 862 :
422 829 436 860 n
445 813 514 861 Beata
526 812 595 874 Virgo
609 811 680 861 Maria
694 825 751 862 veru
765 812 900 862 estimation—v

40 923 43 940 r
131 887 268 950 quibusdam
281 885 423 948 generalibus
436 883 560 946 excipitur3
572 883 626 946 qnia
640 896 685 932 uec
693 888 821 946 conceptus
832 882 896 939 rnnlr‘n

135 958 204 1019 canit,
218 970 261 1006 nec
276 957 317 1006 snb
330 956 380 1015 riri,
394 973 406 1000 u
422 954 508 1014 idest,
523 955 609 1013 mariti,
624 971 640 1002 <r
653 960 771 1017 potestate
782 956 873 1016 deguit,
885 965 896 1009 u

134 1027 288 1090 integerrimis
302 1027 429 1077 uisceribns
439 1027 468 1076 de
482 1026 567 1090 Spiritu
581 1030 662 1076 sancto
671 1025 793 1076 Christum
807 1024 897 1085 suscepit

40 1097 42 1120 '
135 1099 165 1150 iil
178 1101 229 1149 ideo
243 1114 288 1151 nou
306 1098 382 1149 debuit
400 1099 513 1148 mediante
526 1097 576 1146 riro
593 1097 678 1147 instrui
692 1100 722 1147 de
739 1098 850 1158 mysterio
860 1098 902 1144 tn}

40 1207 43 1230 ‚
134 1172 250 1232 nationis,
263 1173 303 1221 sed
314 1173 427 1221 mediante
440 1171 537 1231 lugeto.
547 1172 642 1232 Propter
655 1169 716 1233 qndd
730 1170 802 1220 etiam
814 1169 862 1232 ipsa
876 1182 898 1229 p·

136 1242 259 1304 instructa,
270 1257 337 1306 qnam
349 1243 435 1306 loseph
442 1257 450 1306 3
465 1256 517 1290 nam
528 1241 577 1304 ipsa
592 1241 708 1290 instructa
721 1246 758 1290 ast
772 1245 825 1290 ante
837 1254 899 1289 nonu

136 1317 194 1375 tum,
211 1315 293 1378 loseph
312 1318 387 1363 antem
397 1317 449 1376 post
460 1313 510 1375 ejus
525 1316 670 1376 conceptum.

169 1387 201 1435 lid
218 1387 310 1436 tertium
322 1385 454 1446 dicendum,
474 1383 535 1447 qubd
549 1384 609 1433 sicut
622 1387 685 1447 patet
699 1396 729 1433 ex
742 1384 875 1434 aemnhte
888 1382 901 1427 l·

40 1481 41 1494 2
136 1457 198 1522 npsii
216 1457 321 1516 inaucta,
337 1457 417 1518 lngeli
438 1454 603 1504 incarnationis
618 1455 755 1520 mysterium
771 1468 903 1517 cognoveri:

40 1577 42 1598 ‚
136 1531 266 1582 sedunens
281 1528 464 1590 interrogabaut,
474 1527 599 1591 perlectibs
616 1528 675 1577 scire
690 1527 813 1590 cupientes
827 1527 839 1575 ‘a
852 1528 910 1575 Cin>

40 1615 42 1638 t
137 1601 208 1666 hujus
227 1599 330 1666 mysterii
344 1600 442 1649 rationes
454 1637 460 1660 ‚
474 1613 524 1662 que
543 1603 598 1649 sunt
614 1597 860 1662 incomprehensibiles
877 1612 897 1644 n.

138 1678 213 1723 creato
225 1671 358 1722 intellectui.
371 1671 434 1720 Unde
451 1670 562 1720 Maximus
574 1670 632 1720 dicit
642 1669 695 1732 (tlt
709 1687 724 1716 u
732 1670 798 1727 Qodd
811 1670 902 1730 hagel*

40 1751 42 1772 ¹
137 1745 214 1793 aerim
226 1745 323 1794 loturam
338 1742 532 1802 incarnationem,
551 1742 666 1805 ambigere
683 1755 731 1791 non
749 1745 848 1804 oportet
867 1741 895 1788 L»

131 1820 215 1865 antem
226 1829 265 1865 eos
276 1813 440 1876 investigabilis
448 1813 538 1864 bomini
545 1813 663 1876 conceptio
672 1817 743 1874 atque
757 1813 839 1863 modus
848 1827 895 1875 qna,

40 1909 41 1920 π
141 1887 203 1936 totus
219 1887 242 1935 in
260 1887 377 1949 genitore,
396 1889 456 1934 totus
476 1885 583 1934 manebat
594 1884 620 1933 in
633 1884 756 1947 omuibus,
770 1898 860 1934 necnon
878 1894 900 1930 e:

140 1956 248 2018 Virginea
262 1958 351 2007 cellula.
366 1973 380 2004 n

174 2029 207 2077 nd
217 2032 320 2090 qnnunn
333 2028 461 2086 dicendum¹
471 2025 531 2090 qudd
542 2026 634 2089 qnidam
647 2024 728 2075 dicunt
734 2025 862 2075 Gabrielem
872 2026 895 2071 ir:

142 2098 171 2148 rie
185 2112 291 2162 supremo
305 2099 384 2148 ordine
405 2099 558 2161 Angelorum,
572 2098 739 2160 propterquod
759 2097 876 2159 Gregorius

142 2169 226 2220 Homil.
237 2171 337 2232 XXXIV,
350 2171 376 2218 in
388 2171 480 2232 Evunp.
493 2169 632 2217 «Summum
640 2167 753 2231 Angelum
763 2168 841 2218 uenire
851 2169 893 2225 dig1

140 2239 230 2303 luerat,
246 2240 284 2304 qiri
303 2253 415 2290 summum
430 2240 531 2292 omnium
550 2239 678 2289 nuntiabat.
697 2254 713 2285 n
726 2240 774 2288 Sed
790 2253 820 2290 ex
838 2240 877 2287 hoe
897 2251 903 2281 t

141 2310 239 2362 habetur
248 2310 308 2374 qubd
318 2309 386 2360 luerit
397 2323 500 2362 summus
510 2311 571 2360 inter
579 2323 660 2360 omnes
671 2311 780 2373 ordines,
790 2312 831 2360 sed
841 2323 896 2370 resr-

142 2383 294 2446 Angelorum
313 2381 355 2432 luit
374 2384 437 2432 enirn
458 2385 487 2434 de
508 2383 589 2432 ordine
610 2382 816 2444 archangelorum.
837 2382 894 2429 [nm

40 2463 42 2494 t
141 2453 243 2504 Ecclesia
259 2468 310 2505 eum
330 2455 496 2517 Archangelum
511 2453 628 2516 nominatg
644 2457 669 2502 et
681 2453 808 2516 Gregorius
825 2453 871 2516 ipss
886 2456 900 2489 ⁰³

139 2523 167 2574 in
182 2525 265 2576 Homil.
284 2527 321 2574 De
334 2531 433 2574 centnm
451 2524 556 2585 ovidae,
569 2523 629 2588 qndd
643 2540 658 2572 α
673 2525 814 2587 Archangeli
832 2524 890 2572 dicun

40 2729 41 2740 r
174 2695 208 2759 (l)
217 2700 281 2743 inter
294 2689 430 2754 adulterina,
443 2703 500 2742 tom.
511 2697 557 2753 IX,
567 2697 608 2741 nbi
622 2708 676 2754 cap.
695 2695 710 2740 4
727 2709 777 2742 nou
787 2696 902 2742 eademst«

40 2771 41 2776 ’
141 2761 280 2818 sedordine
295 2761 388 2804 inverso
407 2759 594 2804 bachabantur.

40 2873 42 2890 ,
175 2827 208 2890 (2)
225 2832 313 2887 Nempe
329 2833 351 2876 S.
373 2831 499 2885 Maximus,
515 2835 602 2887 martyr
615 2834 639 2874 et
659 2829 765 2885 scriptor
779 2827 901 2888 graecus!

40 2893 42 2938 ξ
135 2892 203 2946 'nami
215 2899 384 2937 commentator
400 2897 424 2936 et
441 2893 593 2944 scholiastesr
609 2891 667 2936 ticet
681 2894 802 2950 appendix
815 2892 853 2938 hie
872 2907 898 2936 nn

144 2961 193 2995 non
203 2953 237 2998 ric
248 2953 373 3012 integre-in
386 2953 491 3000 Sabellis
499 2955 563 3002 illins
573 2959 658 3001 exstet.
