1917 3317
275 194 307 231 nn
322 193 468 234 mocorono!
483 195 627 236 vuimars.
805 191 851 238 lta

71 270 140 320 mnam
150 269 326 320 solicitudinem
336 271 419 334 ingerit
431 285 564 324 conservare
576 287 612 325 res
620 274 672 324 usui
686 275 802 326 bominum
812 289 854 328 ne·

70 343 161 393 cassarius
170 346 273 406 tempore
288 356 387 405 congruo
398 349 537 408 procuratas.
553 347 581 396 [lt
596 345 647 396 ideo
663 345 734 396 tribus
746 348 852 410 gradibus

67 414 185 476 religionum
200 414 369 478 suprapositis,
380 415 464 479 triplex
476 417 559 480 gradus
570 418 709 481 paupertatis
725 421 850 484 competit:

65 486 110 535 Nam
122 487 166 536 illis
183 486 333 554 religionibus
347 500 398 549 quae
420 487 551 537 ordinantur
565 490 592 538 ad
612 490 738 552 corporales
753 491 853 542 actiones

63 558 132 609 activae
143 558 206 620 nte,
223 558 334 621 competit
343 558 426 608 babere
441 559 600 609 abundantiam
613 555 741 610 divitiarum
751 574 853 612 commu·

61 630 133 693 nium3
147 629 192 679 illis
205 634 282 679 autem
296 629 506 694 religionibusque
520 634 573 681 sunt
586 631 692 682 ordinatae
705 633 732 682 ad
748 635 854 682 conmm-

61 701 174 763 plandum,
188 701 262 762 magis
279 701 388 764 competit
399 702 480 751 babere
494 703 652 766 possessiones
662 703 854 764 moderatus,nisi

61 771 124 820 simul
142 777 243 835 oporteat
264 772 323 822 tales
336 772 457 834 religiosos
470 786 510 837 per
523 787 546 824 se
561 775 597 823 vel
611 787 650 836 per
663 774 720 824 alios
737 776 854 838 hospitali·

60 845 123 892 tatem
134 847 224 903 tenme,
236 847 260 893 et
276 843 416 907 pauperibus
429 845 562 908 subvenire3
575 844 619 894 illis
635 849 709 894 autem
728 859 777 908 quae
791 845 854 897 ordi-

57 919 133 964 nantur
147 917 175 964 ad
191 915 345 978 contemplata
359 915 408 964 aliis
427 916 549 975 tradenda,
565 917 672 980 competit
683 915 752 966 uitam
772 918 854 968 habere

56 986 148 1037 manime
159 988 188 1037 ab
198 986 348 1037 exterioribus
362 985 552 1038 solicitudinibus
568 987 706 1052 expeditam.
724 990 786 1048 Quod
800 989 852 1052 qid-

54 1061 102 1110 dem
113 1062 140 1110 lit
152 1060 206 1109 dum
223 1059 327 1120 modica,
338 1073 389 1123 quor
401 1062 457 1109 sunt
465 1060 593 1111 necessaria
611 1061 673 1122 vitto,
687 1073 785 1124 congruo
796 1066 855 1112 tem·

53 1145 104 1194 pore
117 1135 237 1196 procurata
253 1135 423 1181 conservantur.
438 1131 467 1180 Et
482 1135 523 1182 boc
537 1131 645 1183 boidinus
658 1131 798 1196 paupertatis
818 1133 853 1183 in-

53 1204 139 1254 stitutor
149 1203 227 1253 docuit
241 1217 283 1253 suo
296 1204 417 1266 exemplo:
429 1203 594 1254 babebatcnim
606 1205 691 1254 loculos
699 1241 706 1259 ,
715 1204 779 1254 luda
790 1217 849 1254 com-

53 1276 143 1335 missos,
154 1276 180 1324 in
192 1275 275 1338 quibus
292 1276 472 1325 recondebantur
486 1275 508 1325 ei
520 1276 608 1339 oblata,
619 1281 645 1326 ut
659 1277 755 1326 habetur
768 1277 852 1337 loun„

52 1347 98 1397 llll.
109 1349 159 1397 Nec
172 1347 248 1397 obstat
264 1349 323 1410 quod
340 1347 491 1412 Hieronymus
504 1363 580 1412 nuper
599 1347 698 1403 Multo..
710 1349 770 1396 llllll
782 1386 789 1409 ,
801 1349 851 1398 ait:

55 1419 140 1478 «dudd
154 1419 176 1469 si
187 1419 240 1482 quis
253 1418 349 1482 objicere
361 1417 456 1468 voluerit
467 1419 580 1482 quomodo
592 1419 660 1468 ludas
670 1419 788 1482 pecuniam
799 1433 851 1483 por-

55 1490 122 1554 tabat,
136 1490 327 1554 respondebimus
340 1490 400 1553 quod
416 1503 463 1538 rem
477 1503 602 1555 pauperum
615 1491 639 1539 in
654 1505 708 1540 usus
725 1504 778 1540 suos
793 1504 849 1541 cou-

54 1567 137 1612 vertere
148 1563 216 1612 nefas
230 1562 329 1624 putavit,
343 1577 356 1607 n
366 1560 451 1611 scilicet
465 1563 573 1612 solvendo
588 1561 711 1625 tributum;
727 1563 778 1625 qnia
792 1561 853 1612 inter

53 1631 104 1681 illos
114 1646 225 1698 pauperes
239 1631 351 1697 praecipud
364 1637 428 1682 crant
439 1634 489 1697 ejus
499 1633 618 1696 discipuli,
628 1633 651 1682 in
663 1647 757 1697 quorum
771 1646 850 1684 nsces-

50 1703 131 1754 nutes
142 1705 242 1769 pecunia
255 1705 377 1754 loculomm
392 1704 475 1754 Christi
492 1705 669 1768 expendebatur.
690 1705 774 1754 Dicitur
792 1705 852 1756 enim

40 1778 130 1833 sinon„
155 1778 202 1841 lv,
218 1776 279 1841 qnbd
301 1776 436 1840 «Discipuli
453 1777 555 1827 abierant
570 1777 594 1826 in
610 1777 725 1827 civitatem
745 1781 769 1827 ut
789 1777 852 1827 cibos

49 1853 150 1899 emerent
165 1867 173 1912 ;
189 1852 241 1899 »et
255 1850 337 1905 loom,
352 1849 411 1911 Xlll,
426 1847 521 1908 dicitur,
535 1846 595 1911 qubd
613 1847 717 1912 discipuli
730 1849 849 1912 potabant,

47 1920 105 1984 quia
116 1922 202 1972 loculos
216 1921 314 1972 habebat
326 1921 408 1981 ludas,
418 1921 479 1982 quod
495 1919 592 1970 dixisset
601 1920 623 1970 ci
634 1920 719 1970 iesus:
733 1937 746 1967 ιι
757 1920 811 1970 Eme
823 1932 852 1971 ea

46 2005 102 2056 qum
123 2005 178 2056 opus
197 1998 253 2043 sunt
269 1993 334 2042 nobis
347 1993 375 2040 ad
390 1991 449 2041 diem
465 1992 564 2055 festum,
580 1996 619 2041 aut
633 1995 657 2041 ut
671 1991 747 2054 egenis
767 1991 852 2066 aliquid

44 2065 124 2114 daret.
139 2080 155 2110 n
168 2066 203 2114 lix
216 2077 261 2128 quo
273 2068 349 2129 patet,
364 2062 426 2126 qubd
437 2076 570 2113 conservare
590 2063 706 2126 pecuniam
728 2067 766 2113 ant
781 2076 848 2127 quas·

43 2149 152 2199 cumque
170 2137 224 2186 alias
238 2149 274 2186 res
295 2147 427 2184 communes
445 2135 472 2184 ad
489 2134 677 2185 sustentationem
694 2135 850 2198 religiosorum

41 2207 234 2270 congregationis
252 2206 369 2270 ejusdem,
384 2206 423 2256 vel
436 2219 628 2269 quorumcumque
646 2205 741 2256 aliorum
761 2219 848 2270 paupe·

40 2293 113 2342 rum,
124 2284 161 2330 est
169 2277 306 2343 perfectioni
316 2277 431 2328 oonlormc
442 2291 509 2341 quam
522 2277 626 2328 Christus
638 2277 715 2328 docuit
724 2292 765 2329 suo
774 2291 849 2328 enem-

38 2350 93 2414 plo.
113 2349 160 2400 Sed
177 2351 246 2400 etiam
262 2348 368 2412 discipuli
381 2352 431 2412 post
442 2349 642 2413 resurrectionem,
658 2347 764 2412 aquibus
778 2348 852 2399 omnis

38 2422 130 2485 religio
147 2422 243 2486 sumpsit
259 2421 384 2483 originem,
398 2419 470 2483 pretia
484 2419 620 2483 praediorum
636 2421 815 2484 conservabant,
828 2421 851 2470 et

38 2493 218 2545 distribuebant
230 2496 298 2557 prout
310 2493 392 2555 coique
406 2504 463 2556 opus
474 2495 531 2541 crat.

73 2567 113 2616 Ad
126 2566 225 2630 primum
238 2577 292 2627 ergo
302 2563 437 2624 dicendum,
448 2563 509 2627 qudd
518 2563 577 2613 sicut
586 2561 669 2614 dictum
681 2567 716 2613 est
725 2565 732 2624 l
742 2578 780 2626 qu.
795 2566 850 2626 18l,

39 2641 87 2687 art.
106 2638 153 2702 3),
177 2651 205 2687 ex
219 2637 259 2687 illo
271 2635 341 2686 verbo
356 2634 443 2685 Domini
459 2648 506 2685 non
516 2633 651 2698 intelligitur
663 2633 722 2699 qudd
735 2633 851 2698 ipsapau-

38 2714 127 2772 pertas
143 2709 175 2759 sit
188 2707 310 2774 perfectio,
324 2706 365 2756 sed
379 2705 525 2770 perfectionis
540 2706 714 2756 instrumentum
725 2722 731 2768 ;
743 2710 775 2769 et,
791 2705 851 2754 sicut

37 2784 169 2830 ostensum
183 2784 218 2831 est
227 2781 286 2845 (qu.
298 2782 359 2838 186,
372 2781 414 2827 art.
426 2781 470 2842 8),
487 2778 604 2828 minimum
614 2782 649 2827 cst
661 2777 720 2827 iuter
733 2777 776 2828 tria
789 2777 853 2840 prin-

35 2850 132 2914 cipalia
142 2851 295 2902 instrumenta
306 2849 466 2914 perlectionis3
476 2861 528 2898 nom
536 2853 614 2901 uotum
623 2848 768 2899 continentia
779 2859 853 2912 prae·

35 2922 123 2974 minet
134 2927 190 2975 roto
198 2919 352 2988 paupertatis,
364 2924 471 2972 etuotum
479 2919 614 2974 obedientias
622 2917 740 2984 prefertur
751 2917 850 2981 utrique.
