1917 3317
174 169 204 207 nn
219 166 427 207 corrumpamus
443 168 560 214 nummo,
576 169 630 208 unu.
759 160 806 211 tit

57 256 69 298 i,
81 256 117 293 mn
130 244 201 309 potest
222 258 304 294 servus
321 256 373 295 esse
389 244 501 309 suiipsius
520 249 545 296 et
559 245 677 297 Dominus.
693 246 765 297 »Seri
781 247 808 299 in

58 320 100 362 rum
111 314 208 365 Christus
219 314 301 365 uiuitur
314 326 394 365 servus
410 317 500 380 Patris,
512 316 539 367 in
549 321 660 380 mantum
670 320 707 367 est
717 316 741 369 ei
750 317 806 369 sub·

58 394 94 433 ¹us.
105 387 156 449 Ergo
166 386 272 437 Christus
283 398 331 436 uun
347 389 383 436 est
394 387 509 450 subjectns
521 388 620 452 sibiipsi.

57 462 74 503 i.
89 459 200 520 praterea,
217 470 299 507 seruus
311 457 409 508 refertur
422 459 451 508 ud
462 458 592 510 Dominum.
607 458 652 509 Sed
665 459 746 511 relatio
759 472 808 513 nen

57 529 153 593 iriiuujus
169 531 198 581 ad
215 529 333 592 seipsum,
347 530 409 580 nnus
426 534 449 579 et
471 529 570 581 Hilarius
592 530 647 581 ‹iicit
666 531 691 579 in
709 530 750 582 iib.
770 533 809 583 Do

66 600 109 657 lit,
117 601 172 665 pubd
184 601 265 651 uuibii
273 602 359 652 esisibi
370 600 445 653 simiis
457 602 624 664 autrannus.»
635 602 808 666 suppoprimus

85 678 147 733 potest
159 674 205 725 diri
217 686 300 723 seruus
314 671 437 736 suiipsius,
456 676 480 723 si
493 684 535 737 per
549 686 693 737 cunsequsm
706 675 809 727 nonsibi

58 759 73 789 rr
84 744 193 807 subjectus.

66 842 75 860 .,
87 815 192 880 iruteraa,
207 834 222 867 ι(
232 816 293 867 sieut
302 816 378 867 anima
391 815 508 867 ratimaiis
517 820 541 867 ei
551 829 671 866 euruunns
682 817 717 866 est
726 818 808 879 bene,

69 887 111 936 irus
127 893 148 939 ei
160 890 232 940 bunio
245 902 307 937 unus
324 891 359 938 est
373 888 496 948 Christus,
511 906 525 935 u
540 893 568 937 ui
585 888 722 938 tibuuasius
741 887 808 940 dicit·

57 982 59 991 =
76 959 128 1008 iunio
138 973 183 1011 nou
198 957 282 1009 dicitur
295 958 411 1021 subjectus
423 958 528 1022 sibiipsi,
542 960 579 1009 vei
589 972 668 1010 seruus
677 959 804 1024 suiipsius,

57 1030 235 1095 usurjurseipsn,
255 1034 348 1093 prepter
361 1030 406 1081 inus
425 1031 487 1093 quui
504 1043 586 1094 unrpus
607 1031 659 1093 ejus
678 1031 809 1095 subjectum

73 1102 145 1153 mima.
162 1105 223 1166 Ergo
244 1116 321 1165 neque
338 1102 443 1153 Christus
464 1101 547 1153 uiuitur
566 1103 684 1166 subjectus
703 1104 807 1168 sibiipsi,

69 1175 143 1231 ,imbus
155 1176 217 1239 quud
233 1172 285 1237 ejus
294 1172 425 1223 hnmanitas
436 1174 541 1236 subjecta
551 1178 587 1223 est
596 1173 712 1224 divinitati
723 1175 808 1237 ipsius.
832 1210 836 1221 .

64 1244 89 1290 ui
107 1249 177 1295 euntru
198 1248 248 1306 est,
264 1245 323 1309 queri
338 1245 481 1307 Augustinus
497 1245 554 1295 uiuit
570 1245 595 1293 in
616 1246 636 1295 i.
655 1247 692 1295 De
713 1247 807 1298 Triuit.

69 1326 85 1373 p.
99 1317 122 1376 ti
139 1332 174 1365 :s
186 1316 280 1367 veritas
294 1316 394 1367 ostendii
413 1316 541 1366 seeundum
553 1315 621 1367 istum
639 1318 733 1367 modurn
745 1317 809 1381 (qne

71 1390 95 1431 ui
105 1386 165 1437 Pater
175 1390 211 1438 est
223 1386 299 1449 major
309 1386 403 1436 Christo
417 1387 543 1437 seeundum
552 1388 676 1439 humanam
684 1388 807 1453 naturum)

67 1468 83 1501 n
97 1458 163 1521 seipso
177 1458 292 1509 minorem
305 1457 399 1508 Filium.
418 1474 434 1505 u

59 1526 73 1570 1.
91 1528 206 1591 butenen,
227 1529 287 1579 siunt
311 1530 362 1594 ipse
384 1529 585 1591 argumentabatur
605 1530 692 1580 ibidem
712 1545 717 1577 :
738 1547 753 1578 <r
773 1529 813 1582 Sis

76 1604 102 1659 pu
112 1606 143 1651 est
153 1601 167 1653 i
179 1602 245 1651 Fiiin
259 1602 300 1653 liei
312 1602 385 1653 forma
400 1601 476 1662 serui,
490 1604 515 1651 ut
527 1614 575 1651 non
586 1600 729 1651 omitteretur
739 1599 812 1653 ferma

61 1689 70 1711 ·.
83 1685 92 1712 u
104 1671 142 1721 Sui
161 1671 290 1724 seeundum
307 1673 404 1723 turmam
417 1671 470 1733 bei,
489 1685 541 1735 quaa
554 1676 592 1722 est
607 1672 735 1723 cummunis
749 1672 813 1723 Patri

61 1738 111 1801 ¹”tiu
125 1744 194 1795 Pater
207 1749 247 1795 est
259 1745 305 1796 iiiio
324 1744 399 1809 mujnr
415 1743 539 1793 secundum
552 1744 675 1794 humanam
696 1746 809 1795 naturum.

57 1826 75 1855 τι
86 1816 145 1865 utiam
159 1816 237 1867 Filius
251 1820 287 1867 esi
305 1817 378 1881 major
392 1816 467 1879 seipse
485 1815 611 1865 seeundum
627 1815 752 1865 humanam
764 1825 812 1867 na·

57 1898 94 1931 ibi.

58 1963 72 2000 't
89 1959 212 2025 eruturus,
230 1960 337 2011 Christus
357 1960 482 2011 secundum
505 1961 629 2009 humanam
651 1963 755 2009 naturam
774 1963 812 2011 est

57 2038 90 2074 us
101 2032 136 2081 liei
147 2034 241 2095 Patris,
257 2033 380 2082 secuudum
392 2032 449 2081 iliud
463 2032 548 2089 ioan„
564 2031 606 2080 XX
620 2046 625 2079 :
640 2033 769 2083 arescendo
781 2031 811 2083 ad

59 2106 97 2147 'tu
108 2117 179 2154 meum
191 2108 217 2155 et
232 2108 325 2155 Patrem
339 2106 457 2166 uestrum,
473 2103 544 2152 Deum
554 2116 631 2152 meum
644 2107 667 2153 et
677 2104 748 2153 iieuru
759 2117 812 2153 res·

57 2180 108 2217 mu
124 2174 167 2225 Sed
185 2174 328 2239 quicumque
342 2176 377 2225 esi
394 2186 473 2223 servus
491 2172 578 2233 Patris,
593 2178 629 2223 est
652 2188 731 2223 sersus
744 2174 810 2239 sibu

58 2241 107 2297 *uuir
115 2258 158 2295 nou
168 2246 250 2297 omnia
261 2258 310 2308 quea
318 2250 371 2295 sunt
381 2244 464 2305 Patris,
475 2248 554 2295 essent
565 2243 626 2295 Fiiii.
639 2246 700 2308 iirgu
708 2245 812 2297 Christus

57 2323 129 2365 ,uirus
141 2316 264 2381 suiipsius,
274 2319 298 2367 ei
315 2315 359 2365 sibi
370 2316 482 2365 subditus.

71 2382 201 2439 ilrurrrusro.
218 2414 252 2425 -
264 2386 370 2437 Christus
383 2400 431 2437 non
442 2390 477 2440 est
491 2385 536 2437 sibi
553 2386 686 2450 suujeuus,
699 2387 719 2437 si
732 2386 809 2438 demi-

57 2460 80 2496 'ii
91 2459 109 2502 ei
121 2459 234 2524 subjectio
248 2459 277 2509 ud
288 2458 391 2509 diuinam
408 2459 520 2509 referatur
532 2473 666 2524 personam3
682 2464 718 2510 est
736 2464 813 2511 auten

81 2528 180 2590 suipertus
194 2531 328 2583 seeundum
341 2532 463 2581 numanam
478 2532 609 2595 naturam.)
807 2553 809 2556 ·

69 2596 171 2671 iupuuueo
184 2603 325 2664 dicundum,
339 2602 399 2667 uubri
413 2603 472 2653 sieut
485 2604 572 2653 dictum
585 2607 622 2653 est
635 2604 698 2667 (art.
710 2603 751 2667 2),
764 2613 815 2653 essu

73 2679 125 2721 *itum
135 2679 157 2725 u
169 2688 267 2727 serrum
277 2712 284 2737 ,
294 2676 427 2725 attribuitur
439 2688 544 2738 persnuae
554 2675 592 2725 vei
602 2674 720 2740 hypostasi
731 2687 815 2723 seeun-

86 2743 167 2805 riipram
176 2752 297 2797 naturam.
309 2746 365 2797 Cium
380 2760 435 2809 erge
449 2746 532 2797 dieitur
545 2748 661 2797 Christum
674 2758 725 2795 esse
740 2745 814 2793 domi·

59 2814 118 2884 urei
127 2830 219 2867 serrum
227 2818 264 2868 sui
273 2817 361 2881 ipsius,
372 2818 410 2867 vei
421 2817 482 2881 putu
493 2818 593 2868 Verbum
603 2818 643 2869 iiei
656 2822 691 2867 est
704 2815 815 2865 Dominus

57 2882 115 2933 tuuis
130 2886 229 2955 Christi,
243 2891 288 2941 hoe
301 2892 378 2953 puiesi
394 2890 496 2953 intelligi.
508 2888 650 2953 sinpliciter:
665 2898 713 2937 unu
731 2886 813 2945 modu,
