1917 3317
144 194 189 243 ltst
329 213 389 252 ntae
404 217 445 268 111,
460 221 554 266 enarr.
570 227 652 275 nvn,
665 232 720 273 aar.
737 237 754 274 r,

142 280 202 333 sicut
212 292 331 348 peccatum
349 294 437 344 actuale
457 309 486 345 ex
507 303 567 350 actu.
579 303 624 356 sel
637 311 745 370 qrmmdiu
756 312 831 377 aliquis
845 318 874 364 est
889 314 902 361 ir

141 358 194 402 actu
212 360 336 421 peccandi,
350 376 395 412 nun
415 369 517 429 putest'a
536 380 633 436 peccate
649 381 731 432 actuali
752 386 854 436 mundari.
865 389 899 435 Fre·

140 425 208 474 eliam
223 441 265 478 nec
278 431 343 482 beata
356 435 423 498 Virgo
435 437 550 504 apeccalc
559 447 664 512 originali
676 456 860 522 mundanalium,
872 461 891 507 lu

141 503 201 546 esset
215 500 287 550 adlruc
298 503 324 552 in
339 505 389 568 ipsc
400 514 450 559 acin
468 513 577 579 arigium,
595 518 621 569 in
634 527 736 576 materne
749 532 811 580 utere
822 532 897 580 eristen·

171 569 215 618 Sed
235 577 314 622 centra
335 581 382 640 est,
397 581 456 642 quid
478 585 579 638 Ecclesia
594 593 696 644 celebrat
711 599 847 651 nativitatem
859 604 894 651 le.

139 639 254 704 Virginis;
270 659 315 695 nnn
334 653 410 700 autem
431 655 560 708 celebratur
572 661 657 713 testum
677 667 704 716 in
722 670 820 725 Ecclesia
835 676 896 725 meir

139 712 214 776 aliquo
233 721 318 767 sancto.
333 719 393 782 Ergo
411 723 478 776 beata
496 729 565 791 Virgo
585 733 679 800 tuipsa
697 754 739 791 sua
757 745 866 797 nativitate
881 761 894 794 τ.

139 788 231 847 sancla3
247 789 290 836 luit
303 803 356 855 erge
370 793 393 844 in
403 799 467 846 utero
481 803 630 856 sanctificata.

174 856 334 917 (Ceucnusro.
356 890 386 902 —
405 868 577 924 llatinnalriliter
598 881 699 933 creditur
717 886 808 938 beatam
821 891 893 952 Virgin-

139 925 246 990 lilariam,
259 947 308 995 quae
325 939 406 997 genuit
418 941 562 1005 Unigenitum
580 947 593 997 a
607 951 689 1018 Patre,
707 958 801 1020 plenum
817 965 881 1026 gralia

138 999 251 1064 veritatis,
272 1007 358 1070 majera
372 1012 477 1064 omnibus
495 1017 574 1078 gratie
591 1023 714 1090 privilegia
728 1033 853 1098 accepisse,
867 1042 890 1094 rt

136 1068 208 1120 luisse
221 1073 245 1121 in
260 1079 323 1127 utere
340 1083 516 1149 sanctificatam,
529 1091 588 1142 sicut
607 1098 745 1151 sanctificati
757 1103 784 1154 in
797 1112 858 1157 utere
867 1122 892 1153 m:

136 1137 265 1209 leguntur.)

167 1212 302 1278 Respondet
310 1223 443 1290 dicendum,
454 1229 515 1292 quid
524 1235 552 1284 de
560 1237 743 1296 sanctificatione
757 1245 828 1300 beate
845 1251 886 1299 lim·

135 1283 197 1347 quid
215 1289 299 1341 scilicet
316 1293 385 1346 suerit
402 1301 541 1354 sanctificata
560 1307 587 1356 in
601 1314 682 1374 utere,
701 1316 760 1368 nllril
780 1320 805 1370 in
823 1322 889 1384 snus«

135 1357 244 1408 aaronica
258 1363 360 1427 traditur,
374 1383 427 1432 qua
445 1372 515 1424 etiam
530 1391 574 1428 nec
590 1381 618 1430 de
632 1383 685 1447 ejus
702 1389 823 1444 nativitate
842 1402 888 1444 nem

134 1439 187 1478 nem
201 1431 263 1482 lacit.
282 1434 343 1486 Sicut
359 1442 436 1490 tamen
453 1446 592 1506 Augustinus
612 1453 636 1504 in
650 1457 766 1513 Sermone
782 1464 811 1514 de
828 1469 881 1515 llssn

134 1497 196 1551 tinne
208 1501 281 1566 ipsius
295 1506 395 1570 Virginis
414 1515 578 1571 rationabiliter
599 1536 790 1598 argumentatur,
807 1538 864 1601 quil
878 1552 895 1584 ru

133 1583 225 1634 corpore
243 1575 272 1624 sit
287 1587 404 1645 assumpta
420 1585 444 1635 in
459 1589 635 1658 reclamiqucd
654 1604 736 1654 tamen
754 1607 867 1672 scriptur
880 1623 891 1655 11

132 1641 228 1706 tradit),
245 1646 276 1696 ita
291 1649 358 1700 etiam
379 1656 542 1712 rationabiliter
559 1673 717 1729 argumentari
735 1690 856 1740 pessumus
871 1695 892 1739 u:

132 1711 200 1762 luerit
216 1719 354 1772 sanctificata
366 1723 391 1774 in
404 1731 476 1781 utere.
489 1732 666 1790 Retinaahiliter
685 1745 751 1796 enim
766 1752 861 1801 creditur
871 1766 891 1812 ur

130 1781 170 1832 illa
188 1800 238 1848 quar
252 1793 331 1852 gennit
345 1796 488 1859 Unigenitum
501 1804 515 1853 a
526 1808 603 1870 Patre,
615 1811 712 1873 plenum
727 1821 812 1880 gratie
824 1826 891 1873 eru:

130 1852 168 1916 tis,
177 1869 223 1918 prae
233 1862 338 1914 omnibus
350 1866 401 1918 aliis
414 1872 501 1936 majera
511 1876 631 1943 priuilegia
640 1884 721 1946 gratia
732 1895 887 1956 acceperit3uu

130 1928 155 1974 ul
164 1925 246 1990 legitur
254 1933 325 1992 Luc,
334 1937 355 1997 l,
370 1941 469 2005 Angelus
478 1946 501 1996 ei
515 1949 586 1999 lixit:
600 1970 614 2000 c
627 1958 877 2028 circummurana.»

129 1999 233 2052 venimus
250 2012 326 2062 autem
342 2011 475 2074 quibusdam
492 2019 544 2072 aliis
555 2023 599 2074 hcc
611 2028 764 2094 pnvilegium
776 2051 831 2091 esse
847 2054 886 2088 run

129 2082 195 2134 sum,
216 2079 242 2130 ut
259 2077 283 2127 in
298 2084 361 2134 utero
375 2089 580 2158 sanctificarentur;
596 2096 654 2148 sicut
666 2101 790 2172 Jeremiae,
806 2111 888 2162 cnidii

127 2147 169 2206 est,
184 2147 288 2208 terem„
301 2155 311 2203 l
323 2170 328 2205 :
340 2173 354 2203 e
364 2157 492 2224 Antequam
506 2165 581 2216 exires
591 2170 619 2220 de
630 2173 709 2236 uulua,
721 2183 865 2234 smctificau'
873 2190 888 2230 l*

127 2218 150 2265 ct
161 2216 220 2269 sicut
238 2223 321 2276 loanni
334 2228 458 2294 Baptista,
474 2235 502 2284 de
517 2250 561 2299 quc
575 2238 661 2292 dictum
675 2250 713 2296 est
725 2251 805 2312 Luc„
815 2256 844 2305 1:
859 2258 895 2302 «θ’

124 2286 170 2337 ritu
180 2295 257 2344 sanctu
269 2297 391 2360 replebitur
401 2304 474 2356 adhuc
486 2320 515 2357 ex
524 2313 587 2362 utere
599 2315 681 2367 matris
692 2333 755 2373 sum.
765 2342 782 2372 u
793 2328 856 2378 Unde
865 2339 889 2374 η’

124 2359 230 2412 nabilter
239 2367 336 2418 creditur
344 2371 406 2434 qued
413 2375 478 2426 beata
487 2379 556 2444 Virgo
564 2385 704 2440 sanctificata
712 2392 803 2461 fuerit,
813 2405 887 2461 anenu

122 2442 152 2480 ex
167 2437 231 2486 utere
245 2445 384 2495 nasceretur.
682 2461 685 2469 '

154 2506 188 2556 Ad
203 2508 301 2571 primunr
316 2526 370 2578 erge
388 2517 524 2588 dicendum,
543 2526 604 2591 qula
617 2530 689 2581 etiam
706 2534 733 2586 in
748 2540 822 2594 beata
842 2544 893 2603 Virri

120 2576 185 2640 prius
196 2579 240 2630 fuit
257 2581 280 2633 id
294 2588 354 2648 quod
363 2593 400 2640 est
411 2592 524 2661 animale,
536 2603 561 2650 et
572 2606 625 2664 pest
638 2602 662 2652 iel
671 2610 738 2668 quud
749 2617 791 2663 est
804 2616 887 2680 spiritu.

119 2648 174 2712 quia
185 2650 248 2714 prius
260 2654 304 2705 init
317 2661 440 2712 secundum
446 2679 539 2720 carnem
545 2679 665 2738 concepta,
676 2681 701 2727 et
708 2685 798 2742 postea
808 2689 886 2738 secnnl

120 2719 224 2782 spiritum
239 2726 387 2780 sanctificata.

150 2792 184 2840 Ad
202 2797 325 2848 secundum
338 2801 476 2870 dicendum,
493 2811 553 2873 qula
567 2817 708 2879 alrannus
720 2821 832 2890 loquitur
848 2846 890 2881 seu

113 2857 173 2918 ‚dim
185 2863 258 2926 legem
274 2881 431 2940 communem,
445 2883 571 2937 secundlrnr
588 2901 655 2950 quam
668 2905 712 2954 ner
724 2909 891 2953 sacramentar

122 2938 282 2990 regenerantur
296 2940 366 3004 aliqui
379 2945 425 3000 nisi
437 2950 502 3012 prius
514 2955 573 3009 nati.
585 2959 630 3011 sel
642 2962 705 3015 nem
717 2965 778 3022 amr
799 2974 849 3039 legi
858 2989 898 3024 sac:
