1917 3317
140 201 172 248 11
248 210 358 250 escunm
375 209 505 257 somnum,
518 209 611 255 oum.
627 209 727 262 mxxxi,
740 209 795 248 aar.
810 211 827 247 ι.

137 286 263 351 quibusque
283 286 407 350 expediunt
420 286 561 349 dispensare.
575 303 589 333 c
603 287 648 336 Sed
665 299 711 336 con
726 300 766 352 per
780 299 860 338 omnes
876 292 940 337 aetus

136 360 246 408 virtutum
260 358 379 409 moratium
399 357 529 409 ordinamur
545 359 572 408 ad
588 359 656 422 altos,
672 360 711 409 sed
729 359 802 409 sotim
816 360 941 410 secundino

134 429 250 496 justitiam
269 433 292 480 et
311 434 388 494 partes
405 429 469 494 ejus,
484 435 511 478 ut
531 443 560 479 ex
578 430 647 493 sopri
665 430 732 480 dictis
745 434 807 494 patet
819 431 827 494 (
838 445 877 492 uu.
896 437 942 494 11,

137 505 180 553 art.
196 506 220 562 1,
236 503 263 551 ut
276 505 370 565 1111,
385 516 424 564 qn.
439 505 478 562 61,
492 506 535 552 art.
550 506 564 551 1
578 502 655 566 etet.
670 504 719 552 Non
734 516 789 565 ergo
802 506 870 553 actus
890 517 943 554 om-

137 572 201 624 mium
211 573 320 622 virtutum
339 572 458 622 moralium
472 573 589 636 pertinent
599 574 626 623 nd
641 574 711 623 vitano
723 574 830 624 activam.

169 650 192 695 a.
214 648 341 707 praterea,
364 645 484 708 Gregorius
502 645 557 695 dicit
574 660 651 710 saper
669 644 757 696 Erech,
778 645 829 709 (obi
848 647 941 712 snpra),

137 717 197 782 quod
212 733 226 766 ιι
236 730 276 780 per
288 717 365 779 Linm,
380 730 431 779 qum
450 717 495 767 init
513 718 590 780 lippa,
605 719 645 768 sed
665 717 943 779 tenacissimorum

137 789 186 842 uita
203 788 291 846 activa.
304 799 355 851 quae
370 789 423 838 dum
435 792 558 852 occupatur
576 789 599 838 in
615 803 698 854 opere,
714 789 790 839 minias
806 790 888 853 uidet3
904 794 942 843 sed

138 861 207 921 dum,
224 859 290 911 modd
305 873 345 924 per
359 861 467 924 certunm,
485 859 551 911 modo
569 874 610 923 por
625 861 773 924 exemptum,
787 862 815 910 ad
832 861 943 914 imitatio

138 945 191 983 nem
208 945 271 982 snam
286 931 401 995 proximos
414 931 532 992 accendit,
544 933 628 983 mnltos
640 933 664 982 in
673 934 734 983 bono
743 945 813 995 opere
823 933 886 985 titios
903 951 945 999 ge-

139 1007 212 1054 nerat.
226 1021 239 1049 n
250 1004 298 1053 Hoc
307 1007 382 1054 autem
393 1003 465 1065 magis
476 1003 564 1053 videtur
573 1002 689 1068 pertinere
699 1006 725 1053 ad
737 1005 887 1069 charitatem,
903 1022 946 1071 per

139 1088 206 1141 pam
228 1076 342 1134 ditissimus
355 1076 499 1140 proximum,
514 1075 582 1140 quim
603 1076 630 1126 ad
646 1076 743 1126 vidutes
760 1076 865 1126 moratos.
884 1080 945 1142 Ergo

139 1148 229 1198 uidetur
237 1147 298 1212 qndd
310 1153 373 1198 actus
382 1146 492 1198 uirtutum
508 1147 625 1197 morutium
635 1160 680 1198 uon
694 1147 824 1211 perducant
832 1137 860 1198 id
872 1151 944 1202 uitam

142 1220 248 1270 activam.

174 1297 196 1341 3.
212 1293 335 1354 caeterea,
348 1291 407 1341 sicut
420 1290 582 1354 supradictum
595 1293 632 1340 est
644 1292 690 1353 (qu.
708 1294 764 1353 180,
779 1295 822 1340 ant.
837 1292 886 1355 1),
901 1296 949 1346 uir-

142 1366 203 1414 tutes
217 1365 313 1413 mor-ates
326 1362 448 1426 disponunt
462 1362 489 1411 ad
508 1361 577 1410 citam
592 1361 801 1425 contemplativam.
810 1362 854 1412 Sed
866 1365 948 1431 dispo

143 1434 195 1486 sitio
207 1439 230 1484 et
242 1433 349 1498 perfectio
361 1433 477 1497 pertinent
489 1433 516 1482 ad
527 1433 595 1482 idem.
606 1432 666 1496 Ergo
676 1432 765 1484 ridetur
775 1432 833 1498 qnod
844 1435 947 1491 mmntes

142 1505 239 1556 moratos
254 1517 299 1553 non
312 1504 428 1567 pertinent
441 1503 468 1553 ad
484 1503 553 1552 uitam
568 1503 674 1553 activam.

174 1577 219 1627 Sed
229 1581 306 1626 contra
322 1579 357 1627 cst
363 1613 371 1640 ,
382 1577 441 1638 quod
450 1575 548 1626 isidorus
556 1575 612 1625 dicit
620 1575 644 1624 io
656 1575 694 1625 tio.
708 1575 849 1625 msammo
859 1577 946 1633 bono:

146 1664 161 1696 a
174 1648 282 1697 inactiva
292 1647 337 1697 nita
348 1647 410 1712 pride
420 1660 460 1709 per
469 1646 602 1697 exercitium
611 1645 666 1696 boni
675 1646 751 1710 operis
762 1650 845 1697 cuncta
854 1653 951 1705 exhau-

145 1719 223 1769 rienda
239 1723 292 1768 sunt
308 1719 371 1780 vitia,
384 1722 409 1768 nrt
420 1719 444 1768 in
453 1718 625 1781 contemplativa
635 1717 683 1781 jam
696 1730 752 1782 puna
763 1719 846 1769 mentis
855 1723 912 1774 acie
927 1729 954 1777 ad

146 1790 345 1852 contempnendum
366 1790 467 1840 diuinum
486 1790 563 1840 tumen
580 1789 676 1853 quisque
698 1793 849 1853 pertranseat.
863 1807 880 1839 ι)
907 1798 954 1849 sed

145 1866 226 1912 nancta
240 1861 295 1911 uitia
309 1875 354 1913 noa
369 1861 532 1912 exharrriuntur
544 1862 590 1912 nisi
607 1875 647 1926 per
660 1866 724 1912 actus
739 1861 846 1912 virtntnm
866 1879 955 1921 mora-

144 1933 210 1983 tium.
224 1935 283 1998 drgo
297 1938 360 1984 actus
375 1933 485 1984 virtutum
504 1934 622 1984 moralium
636 1933 745 1984 advitam
759 1932 856 1984 activam
868 1945 954 2000 perti.

148 2009 212 2057 nent.

181 2078 344 2142 (Concessio.
357 2104 388 2114 -
402 2075 503 2128 Virtutes
516 2078 613 2129 morales
625 2079 655 2129 ed
670 2077 740 2128 uitam
752 2076 850 2129 activam
866 2093 958 2139 essen.

147 2149 230 2200 tialiter
242 2149 357 2214 pertinent
372 2152 381 2210 t

180 2222 315 2286 Respondeo
324 2220 458 2284 dicendum,
469 2219 530 2283 qnod
538 2221 596 2272 sicut
608 2221 770 2285 supradictum
781 2223 835 2286 est(
842 2237 883 2288 qu.
894 2233 957 2295 179,

150 2297 192 2344 art.
205 2293 250 2355 1),
264 2293 309 2343 vita
325 2293 398 2343 activa
412 2296 435 2343 et
446 2293 621 2356 contemplativa
638 2292 806 2356 distinguuntur
820 2302 958 2354 secundnm

149 2366 238 2417 diversa
253 2365 326 2414 studia
340 2363 456 2414 hominnm
466 2403 472 2426 ‚
481 2363 645 2415 intendentium
656 2365 683 2414 ad
692 2365 793 2414 diuersos
802 2365 875 2417 tices:
892 2388 947 2436 qu0

148 2451 197 2487 rum
213 2449 282 2485 unum
299 2440 334 2486 est
346 2435 495 2486 consideratio
509 2435 626 2500 veritatis,
642 2449 692 2499 quac
708 2439 743 2485 est
757 2435 808 2485 iinis
824 2437 877 2490 uitae
899 2459 951 2499 con

147 2508 301 2571 temptativae;
319 2507 380 2557 atiud
393 2511 467 2558 autern
483 2508 625 2559 ostententur
639 2507 746 2570 operatio,
758 2509 785 2558 ad
799 2523 868 2572 quarn
890 2523 950 2571 ordi

148 2584 215 2630 nator
232 2577 278 2630 vita
295 2579 376 2629 activa.
393 2579 538 2630 Manifestum
558 2583 592 2630 est
612 2583 687 2630 auom
708 2579 767 2642 quod
782 2580 807 2629 in
823 2582 959 2643 virtutibu-

148 2649 272 2700 moralibus
292 2664 337 2700 narn
353 2650 507 2716 principatiter
523 2651 631 2716 queritur
649 2651 810 2714 contemplatio
828 2655 947 2713 ueritatis

148 2724 187 2774 sed
201 2723 330 2773 ordinantur
346 2724 373 2774 ad
388 2724 543 2788 operandum
558 2723 617 2773 unde
635 2723 787 2787 Philosophus
809 2723 864 2775 dicit
876 2728 910 2781 in
931 2738 954 2787 Π

147 2795 231 2845 Ettric.
244 2795 313 2860 (cap.
325 2798 370 2860 3),
383 2795 441 2859 qnod
457 2812 471 2843 n
482 2796 509 2844 ad
520 2796 627 2845 virtudem
638 2795 730 2858 quidem
745 2795 801 2845 scire
817 2809 904 2860 parurn
921 2819 955 2857 ιιι

148 2865 205 2918 nituit
221 2867 321 2932 prodest.
339 2884 352 2914 n
368 2868 432 2918 Unde
447 2866 592 2916 manifestum
609 2865 717 2930 estquod
735 2866 831 2916 uirtutes
848 2877 959 2929 morale

80 2924 118 2966 's
148 2938 265 3004 pertinent
277 2925 428 2994 essentiali&
444 2937 473 2990 ad
484 2937 553 2988 uitam
566 2937 677 3003 acinam
687 2939 781 2990 undeet
791 2938 959 3010 Psilosopnn
