1917 3317
262 153 564 195 nnuurrrrrarennursrr.
771 148 817 195 688

44 224 60 273 i,
76 230 100 273 5⁰
112 224 195 277 utrum
215 228 323 278 cbristus
335 229 461 279 secuudirm
482 231 539 281 durs
557 231 680 283 filiationes
697 232 727 281 sir
743 232 817 283 Filius

44 298 49 345 i
67 299 140 349 Patris
153 304 178 349 et
197 298 297 363 Virginis
310 300 399 352 matris.
419 306 446 350 6ο
464 303 496 353 tte
512 304 579 355 morlo
593 303 728 354 nativitatis.
744 307 770 352 7⁰
784 304 817 353 lte

46 384 66 419 o.
81 375 107 419 8⁰
120 373 152 423 ite
168 376 277 436 tempore
293 373 429 425 nativitatis.

319 551 481 604 annicetus
499 554 516 601 Ι.

129 678 160 721 er
169 675 236 721 riam
245 676 363 723 mettas
371 678 405 723 stt
413 681 508 723 uatum
517 679 553 723 vet
563 690 674 734 menno.

47 803 71 850 bt
88 801 190 866 primum
210 801 244 851 sic
257 802 389 865 proceditur
406 802 448 867 (1).
460 804 555 854 Videtur
571 803 630 868 quod
646 804 752 855 nativitas
771 817 817 855 na·-

51 888 62 921 c
77 873 205 924 conveniat
218 873 291 937 uragis
310 872 377 936 qu'am
390 887 505 937 persons.
522 874 581 924 Dicit
594 874 655 927 enirn
674 877 815 939 Augustinus

48 947 81 993 b.
100 948 140 995 De
153 945 211 1011 fide
225 945 261 994 ud
271 947 377 994 Petrum
392 962 400 994 :
418 962 431 993 o
446 946 531 995 Natura
546 950 630 997 aeterne
645 951 712 1009 atque
728 948 814 1011 diviua,

43 1032 53 1061 r
68 1023 142 1079 prusset
156 1015 252 1081 concipi
265 1020 289 1065 et
301 1016 362 1065 nasci
376 1017 512 1066 exhumann
525 1022 622 1079 natura,
636 1018 681 1067 nisi
691 1019 816 1069 secundini

42 1095 123 1138 „titum
134 1092 248 1139 humanae
260 1092 357 1137 nature.
367 1105 381 1133 u
393 1088 418 1137 si
430 1089 500 1152 igitur
514 1089 598 1141 divinae
611 1092 697 1139 naturae
710 1090 818 1140 runi-enit

64 1161 92 1222 ipi
106 1166 132 1211 ct
153 1160 223 1211 nasci
238 1159 327 1209 ratione
346 1160 452 1209 bumana
472 1163 572 1221 nature,
588 1158 659 1210 multo
677 1161 749 1223 magis
761 1174 817 1211 cuu-

55 1228 69 1277 it
81 1232 192 1282 bumauae
207 1232 307 1281 nature.

44 1306 62 1348 t.
86 1305 229 1363 Pretcrea,
247 1300 372 1351 secundum
398 1301 578 1365 Philosophum,
599 1301 627 1351 tt.
652 1302 816 1366 Metopbpsr'e.

54 1379 80 1422 rt.
95 1375 141 1437 5),
158 1386 249 1424 nomen
263 1377 351 1423 naturae
367 1373 380 1423 'a
396 1374 509 1424 nascendo
524 1376 640 1437 suurpturn
654 1376 697 1423 est.
716 1373 761 1423 Sed
777 1374 817 1425 de-

49 1445 176 1496 ..iratioues
184 1442 247 1493 fiunt
256 1444 384 1494 secundiane
393 1444 549 1495 similitudinis
559 1444 748 1495 convenientiam.
758 1444 816 1507 Ergo

48 1525 92 1566 ·.tur
108 1517 177 1581 quod
196 1516 307 1566 nativitas
320 1516 393 1580 magis
408 1517 520 1580 pertineat
538 1516 565 1565 ad
578 1519 697 1576 naturam,
712 1527 778 1579 quarn
788 1516 816 1565 ad

43 1602 133 1639 sunam.

48 1665 60 1705 t.
77 1664 212 1719 Praeterea,
230 1658 287 1709 illud
309 1656 400 1723 propri'c
420 1658 524 1708 nascitur
538 1657 598 1721 quod
614 1670 655 1721 per
674 1656 816 1707 nativitatem

49 1730 82 1791 'it
94 1747 161 1783 esse.
175 1732 222 1782 Sed
238 1746 280 1795 per
289 1731 431 1781 natiuitateru
446 1728 531 1779 Cbristi
540 1743 584 1778 uon
594 1728 688 1793 iucoepit
699 1742 750 1779 erse
765 1742 817 1793 per·

52 1821 61 1849 r
80 1802 190 1861 Christi,
206 1804 247 1853 sed
265 1802 334 1866 bajus
356 1802 456 1850 humanu
478 1804 566 1850 natura.
582 1800 640 1863 Ergo
654 1801 742 1851 ridetur
756 1799 817 1863 quod

51 1876 109 1925 uitas
119 1874 222 1941 proprio
234 1875 347 1938 pertineat
361 1873 389 1922 ad
404 1877 521 1933 naturam,
532 1884 578 1921 non
589 1871 617 1919 acl
629 1885 763 1934 personam..

48 1948 78 1993 *at
92 1953 180 1997 contra
191 1948 242 2007 est,
253 1945 313 2009 quud
324 1946 476 1993 Damasceuus
489 1942 546 1991 dicit
557 1942 582 1991 in
592 1942 631 1990 iil.
644 1941 683 1991 bb.
698 1944 756 2006 (cap.
773 1942 795 2005 6)
808 1958 814 1991 :

48 2019 55 2056 i
62 2020 146 2069 rovitas
162 2016 300 2082 hypostasis
311 2020 355 2077 est,
368 2029 413 2065 nou
424 2019 522 2063 natura.
537 2028 551 2060 o

57 2096 205 2141 coscmsro.
216 2115 248 2126 -
258 2087 373 2138 Nativitas
392 2090 417 2135 ut
430 2086 533 2148 subjectu
548 2086 607 2148 quod
624 2084 732 2149 nescitur,
752 2084 817 2135 attri-

50 2167 79 2210 'rr
97 2164 192 2213 divinare
207 2173 332 2223 persone,
348 2162 434 2208 naturae
451 2170 518 2218 rere,
530 2161 554 2205 ut
569 2156 690 2219 termino.)

45 2236 176 2297 ¹trspundeo
194 2232 330 2291 dicendum,
349 2225 411 2293 quod
425 2228 532 2278 nativitus
548 2231 621 2293 potest
639 2226 732 2277 attribui
750 2227 817 2276 alicui

51 2308 124 2356 briter
139 2323 146 2355 :
164 2317 216 2355 uno
232 2304 316 2365 modu,
332 2301 392 2351 sicut
405 2301 522 2364 subjectu;
535 2301 580 2350 atio
595 2300 677 2360 niodo,
693 2300 752 2349 sieut
771 2302 817 2347 ter-

45 2393 75 2425 to.
88 2378 153 2427 Sicut
167 2375 279 2441 subjecto
287 2373 390 2436 quidem,
402 2372 533 2421 attribuitur
543 2372 565 2421 ei
577 2371 636 2435 quud
651 2370 762 2431 naseitur;
773 2370 817 2419 boc

50 2463 79 2495 vro
92 2446 191 2513 proprib
205 2449 244 2497 est
255 2444 394 2508 hypostasis,
406 2456 452 2493 uon
465 2446 560 2501 natura,
570 2442 621 2491 cirru
637 2442 698 2490 enim
710 2442 771 2491 nasci
786 2440 816 2491 sit

59 2521 112 2567 tiaru
127 2516 347 2585 pertenuissent
363 2520 483 2577 generatur
499 2513 584 2575 aliquid
598 2510 625 2561 ad
640 2514 684 2562 boc
698 2511 757 2575 quoii
772 2512 816 2574 sit,

59 2592 147 2642 nuscitur
165 2587 257 2653 aliquid
273 2589 304 2637 ad
318 2589 367 2657 boc
379 2585 440 2649 quod
454 2584 494 2634 sit.
513 2584 568 2633 Esse
584 2588 659 2633 autern
676 2582 767 2648 proprie
782 2586 817 2631 est
916 2606 917 2613 κ

57 2662 218 2725 subsistentis
239 2674 293 2709 uam
307 2659 380 2708 furora
400 2672 450 2720 que
468 2670 515 2707 uon
531 2656 652 2718 subsistit,
667 2657 749 2705 dicitur
763 2666 815 2703 esse
916 2654 917 2665 ¹

53 2747 91 2793 au,
109 2734 168 2799 quia
188 2745 217 2783 ea
239 2730 327 2793 aliquid
344 2732 388 2779 est.
409 2729 510 2779 Persona
532 2732 607 2777 autern
629 2727 665 2775 rel
686 2722 816 2791 hypostasis

47 2878 72 2937 ,tt
83 2881 115 2925 Ite
126 2881 167 2925 bis
181 2880 255 2925 etiam
268 2878 316 2935 111,
331 2876 385 2921 dist.
396 2873 425 2933 8,
440 2880 484 2921 ert.
501 2874 528 2917 2.
