1917 3317
124 202 171 249 att
314 208 378 247 rana
394 194 434 259 rit,
448 210 544 254 onmsr.
560 210 619 258 ιιι,
633 208 688 246 m.
704 208 741 245 ιιι.

123 290 234 340 horrorum
252 289 381 335 nostrorum
399 298 440 349 ρει
460 285 617 334 auctoritatem
634 288 670 335 est
682 285 755 345 Dens;
769 286 792 333 et
809 294 846 345 per
857 282 905 329 hunt

123 361 215 409 modom
227 358 288 407 nrriia
305 360 409 407 ereatura
422 357 492 406 habet
506 357 591 419 aliquid
606 356 663 406 boni
674 370 715 419 per
725 356 829 419 seipsam,
841 341 912 460 sesni-¹

123 430 177 480 ditm
192 429 246 477 iliud
258 430 276 478 l.
292 428 328 477 nd
346 428 474 486 Corinth„
490 428 536 477 iv:
554 446 567 474 ε
578 428 636 485 Qnid
651 428 722 477 habes
732 428 789 489 qnod
802 439 844 474 noo
858 437 912 478 arre¹

121 500 193 563 pisti?
211 514 224 545 n
242 501 407 549 Potesttamen
427 498 562 547 secundario
578 498 660 560 atiqnis
674 510 726 547 esse
741 510 805 546 censa
825 496 866 544 sibi
880 496 902 540 at.

107 594 110 599 ¹
123 572 188 633 cnjns
201 570 256 620 boni
268 571 383 631 habendi,
395 569 420 619 in
435 570 546 632 quantirm
560 570 648 619 scilieet
659 569 683 618 in
695 570 740 618 hoe
752 569 802 631 ipso
814 568 857 615 Deo
869 578 901 612 ros·

121 649 223 707 perator.
243 644 272 692 tt
285 644 318 692 sic
332 644 370 692 iile
381 644 420 705 qui
435 644 505 691 habet
521 641 606 704 aliquid
621 655 664 704 ρει
676 641 781 690 meritum
794 640 909 702 propr-inm.

122 715 192 764 habet
214 714 378 778 quodammodo
392 713 447 761 iliud
467 727 507 775 per
520 713 631 775 seipsum.
643 712 708 761 Unde
724 711 820 761 nobilius
830 711 902 757 nater.

122 786 145 836 id
160 786 218 849 quod
233 786 330 835 habetur
342 798 381 847 ρει
394 784 516 845 meritum,
528 784 594 846 quim
605 784 629 831 id
642 784 703 845 qnod
714 784 809 831 habetur
821 782 868 830 sine
879 793 900 824 na

122 856 175 908 rito
191 858 248 914 Quia
263 860 337 905 antem
349 855 425 905 omnis
438 855 549 918 perfectio
562 859 586 904 et
599 853 706 903 nobilitas
717 853 807 903 Christo
816 858 852 901 est
864 861 894 899 an·

122 928 221 988 tuenda,
237 941 380 990 consequens
396 931 432 975 est
444 926 503 989 qnod
519 928 567 988 ipse
579 939 621 988 ρει
636 924 744 974 meritum
755 925 859 973 habuerit
873 923 889 968 ri

122 1001 182 1064 quod
193 1000 231 1048 atii
243 1013 285 1062 ρει
296 999 400 1048 meritum
413 1000 515 1059 habent,
527 997 572 1046 nisi
583 997 611 1045 sit
628 998 673 1045 tale
685 997 741 1059 qnid
750 997 817 1059 eujus
830 1005 895 1045 rare!-

123 1071 197 1133 magis
216 1070 319 1131 dignitati
340 1068 426 1118 Christi
445 1074 468 1118 et
486 1068 623 1131 perfectioni
639 1068 789 1131 praejudicet,
802 1081 868 1129 qnam
887 1080 892 1125 ξ

121 1143 229 1191 meritum
253 1145 366 1191 accrescat
384 1142 467 1190 :unde
489 1154 532 1190 nee
552 1140 662 1202 gratiam,
677 1152 722 1189 mee
742 1140 900 1196 scientiane·

122 1212 285 1263 beatitudinem
306 1212 405 1272 animae,
420 1225 462 1261 neo
473 1212 615 1261 divinitatem
630 1210 722 1259 nrernit.
737 1210 805 1272 Quia,
820 1224 886 1258 cnm¹

123 1283 191 1333 ritum
212 1296 256 1332 non
270 1282 299 1331 sit
313 1283 357 1331 nisi
371 1283 421 1345 ejus
434 1283 494 1345 qnod
509 1283 608 1330 nondum
620 1282 732 1342 habetur,
744 1287 861 1344 oporteret
871 1296 882 1340 ι

124 1354 232 1405 Christus
252 1354 373 1417 aliqnando
386 1354 437 1404 istis
456 1356 584 1416 carnisset3
598 1354 682 1417 qnibus
696 1367 794 1416 carere,
809 1355 879 1415 magis

124 1426 208 1477 minuit
221 1427 355 1490 dignitatem
371 1427 467 1487 Christi,
482 1427 549 1490 qnam
568 1429 650 1489 augeat
666 1426 786 1475 meritum.
805 1429 853 1475 Sed
867 1442 885 1487 g.

130 1500 249 1564 eorporis,
264 1499 300 1549 vel
315 1498 335 1548 si
352 1500 406 1563 quid
421 1499 482 1548 alind
499 1498 630 1561 hujusmodi
652 1502 701 1559 est,
713 1499 793 1547 minus
815 1504 852 1548 est
869 1513 880 1559 q

124 1572 222 1632 dignitas
233 1571 344 1631 merendi,
353 1584 405 1631 qnae
419 1570 520 1634 pertinet
532 1572 559 1619 ad
573 1570 680 1619 virtutem
694 1570 827 1621 eharitatis.
840 1573 867 1619 Ει
882 1606 886 1615 .

124 1642 243 1692 dicendum
258 1647 305 1704 est,
321 1640 381 1704 qudd
395 1642 502 1691 Christus
515 1641 609 1704 gloriam
623 1639 726 1702 eorporis
736 1644 760 1689 et
772 1654 803 1690 ea
817 1656 867 1704 qna·
880 1656 896 1700 p·

123 1710 200 1761 tinent
218 1713 246 1762 ad
263 1714 398 1763 exteriorem
412 1713 464 1775 ejus
484 1711 641 1762 excellentiam
654 1711 734 1774 (siem
756 1715 798 1761 est
811 1725 888 1761 ascen<

125 1784 254 1842 veneratio,
264 1786 287 1833 et
299 1785 342 1833 alia
351 1783 498 1847 hujusmodi)
510 1782 589 1831 habuit
598 1794 640 1845 ρει
648 1780 768 1831 meritum.
783 1784 815 1833 Et
828 1786 861 1833 sir
873 1798 887 1845 p

127 1854 185 1917 qudd
198 1853 284 1916 aliquid
297 1855 340 1904 sibi
357 1856 438 1904 mereri
452 1854 536 1919 potuit.

159 1924 192 1974 at
210 1924 309 1987 primum
329 1938 383 1987 ergo
403 1924 537 1985 dicendum,
552 1922 613 1987 qndd
630 1922 729 1987 fruitio,
744 1938 802 1987 qnae
820 1928 855 1975 εει
873 1936 888 1969 a

127 1994 259 2056 eharitatis,
276 1996 375 2058 pertinet
397 1997 426 2044 ad
444 1996 539 2058 gloriam
558 1996 652 2055 animm,
670 1997 871 2057 quemchristus
890 2033 894 2039 .

76 2074 80 2082 ’
118 2066 217 2115 meruit.
235 2066 262 2114 Et
283 2067 335 2117 ideo
357 2068 376 2117 si
391 2080 432 2130 ρει
448 2068 584 2116 charitatem
603 2065 689 2128 aliquid
708 2068 814 2129 meruit,
835 2081 879 2115 non

124 2136 203 2201 quitur
217 2136 277 2200 qnod
290 2138 349 2187 idem
361 2137 391 2187 sit
401 2138 506 2187 meritum
519 2140 541 2186 et
551 2136 678 2200 praemium.
687 2137 736 2187 Nee
742 2141 827 2188 minen
837 2152 888 2201 per·
910 2147 912 2200 ι

122 2208 215 2259 ritatem
239 2209 334 2268 meruit,
356 2208 380 2257 in
398 2211 509 2271 qnantum
527 2213 577 2257 erat
595 2207 696 2256 ebaritas
715 2211 882 2272 comprehensi
910 2217 912 2252 r

124 2278 204 2329 sedin
219 2283 328 2341 quantum
349 2283 397 2329 erat
410 2278 515 2341 viatoris3
533 2291 588 2327 nam
607 2278 657 2341 ipse
668 2277 715 2326 tuit
729 2277 804 2329 simut
821 2281 889 2327 riate.
910 2299 912 2350 p

123 2351 311 2414 comprehensor,
321 2354 348 2399 ut
358 2362 426 2413 supra
437 2350 540 2399 habitum
552 2355 588 2399 est
595 2350 645 2412 (qu.
658 2351 700 2410 15,
711 2353 755 2397 art.
767 2354 825 2411 to).
835 2353 863 2400 Et
878 2379 896 2395 ι.
910 2377 912 2448 ρ

125 2420 178 2485 quia
194 2434 314 2471 nunonem
332 2425 367 2471 est
380 2422 462 2481 viator,
478 2435 523 2471 non
539 2424 574 2471 est
586 2420 611 2469 in
626 2423 688 2469 statu
699 2421 821 2471 merendi.
910 2457 912 2496 Ι

156 2492 189 2541 nd
202 2492 326 2541 seeundum
338 2490 477 2549 dicendum,
492 2492 553 2554 quod
566 2489 674 2552 christo,
686 2490 822 2541 secundom
836 2492 892 2556 qno*
910 2505 912 2536 r

123 2564 183 2616 Dens
196 2567 219 2613 et
233 2563 272 2613 Dei
286 2561 359 2615 Fitius
367 2596 376 2625 ,
391 2566 550 2627 peruenturam
565 2562 658 2612 debetur
671 2561 746 2625 gloria
760 2562 847 2613 divim
866 2576 887 2611 e:
910 2587 912 2626 ι

122 2634 220 2683 minium
238 2633 356 2696 omnium,
371 2633 430 2684 siem
442 2634 517 2697 primo
532 2636 555 2683 et
567 2644 673 2697 supremo
688 2631 795 2683 domino.
815 2635 888 2684 Nitrd.

122 2716 168 2757 nns
187 2708 264 2753 tamen
280 2704 375 2753 debetur
383 2705 406 2754 ei
419 2704 490 2768 gloria
503 2705 563 2755 siem
575 2703 663 2755 homini
676 2703 748 2755 beato
755 2741 765 2767 ,
780 2718 856 2768 εειειιι
870 2722 892 2768 qr

910 2793 912 2822 Ι

124 2853 158 2897 ibi
171 2860 229 2900 text.
239 2855 270 2899 39
285 2856 362 2901 ridere
372 2863 424 2912 est;
440 2860 480 2903 sed
495 2870 538 2914 par
553 2869 625 2904 sensu
637 2869 664 2903 ae
675 2858 696 2903 si
708 2858 803 2905 diceret
814 2864 896 2919 potior
910 2855 912 2904 i

123 2916 190 2971 quasi
201 2918 313 2973 petorem
327 2918 438 2981 dignitate
455 2920 591 2969 renutans
603 2920 674 2979 quom
685 2925 808 2980 tempore.
910 2913 912 2982 Ε
