1917 3317
153 223 184 271 tc
225 267 229 277 ,
249 229 356 273 orcum
371 229 498 282 samm,
512 229 606 276 cumn.
622 230 739 279 munuc,
756 230 814 269 aar.
831 231 860 269 rr.

149 309 266 376 *podicem
279 309 339 373 quod
356 307 449 373 respicit
461 308 623 371 cbllgctioccm
639 319 741 372 percon
754 307 873 373 bominis,
888 323 944 373 prou

152 381 239 436 scilicet
252 379 334 446 aliquis
347 385 382 432 cst
396 380 431 430 sui
446 380 507 444 juris
523 381 561 430 rel
576 380 659 443 alieui3
673 383 697 430 el
712 381 756 429 boc
773 392 821 431 nou
833 393 865 431 ar
881 382 944 444 aliqu

153 467 220 506 uacsu
232 453 279 504 leui
288 453 325 505 vel
338 453 366 504 do
379 451 441 502 lucili
454 451 569 513 mutabili,
585 452 627 502 sed
639 465 670 502 er
687 451 763 515 aliquo
775 457 927 515 permanente
942 468 944 499 :

151 529 176 576 et
188 526 232 577 boo
247 529 284 576 ost
297 526 357 588 quod
370 525 468 588 perduct
480 525 509 576 ad
524 524 637 575 relicuom
649 523 759 574 libertatis
774 524 812 574 rel
823 525 940 574 seruitutis

152 597 216 650 tludc
232 600 305 648 status
313 595 413 660 pertinet
423 595 514 660 proprie
523 597 551 646 ad
562 596 689 648 bbenamm
700 594 737 646 rol
748 596 895 660 scrutatam,
905 597 944 648 sior

154 669 363 733 inominalibus,
379 668 429 720 sire
443 668 470 718 iu
489 668 604 718 ciuilibus.

186 742 219 792 ld
229 741 326 806 qriruuru
340 753 394 802 crgo
404 739 541 800 dicendum,
553 737 615 802 qadd
621 738 732 790 rectitudo
740 775 747 800 ‚
756 739 779 789 iu
792 745 906 802 quruturu
914 744 943 792 bu

152 811 254 876 jusmodi
264 849 270 872 ‚
280 825 327 862 noc
341 811 476 875 perductad
489 809 599 860 rationem
614 811 748 875 sucus‚sed
762 809 837 862 solim
850 812 876 861 iu
887 827 944 877 quac

157 887 204 933 tum
214 887 249 934 est
258 883 409 934 connaturalis
418 882 514 945 bomini,
524 882 592 932 simm
600 882 676 932 addita
685 884 782 946 quadam
791 885 882 946 quiete.
893 886 944 936 Uno

156 955 181 1006 is
195 955 246 1006 aliis
256 953 391 1006 animalibus
405 967 450 1004 uon
464 952 586 1016 requiritur
598 952 708 1003 rectitudo
721 954 750 1004 ad
763 955 808 1003 boc
820 954 885 1017 quod
899 961 943 1006 stur

157 1026 275 1089 meantum
291 1038 333 1076 noc
348 1025 416 1077 etiam
431 1025 536 1076 bomiucs
551 1028 611 1075 staro
621 1023 729 1093 dicuutur
748 1029 944 1092 quantumcuch

157 1098 205 1150 siut
216 1101 284 1158 recti,
298 1097 344 1146 nisi
358 1097 486 1161 quiescant.

189 1169 223 1220 td
236 1169 357 1220 secundum
376 1168 512 1230 dicendum,
526 1167 588 1231 qubd
605 1165 750 1218 immobilitas
763 1182 809 1219 corr
828 1170 917 1221 sullimt
932 1185 944 1218 e

157 1241 267 1296 rollonem
280 1240 367 1303 status;
383 1253 436 1290 uam
445 1239 513 1290 etiam
523 1241 603 1290 sedens
612 1240 649 1289 rel
660 1239 739 1302 jacens
747 1240 854 1304 quiescit,
867 1244 909 1306 qul
923 1249 943 1292 tr

159 1325 211 1362 men
224 1327 270 1363 nou
289 1311 372 1362 dicitur
385 1314 452 1363 stare.

191 1384 224 1436 td
241 1385 333 1436 tertium
352 1383 482 1443 dicendum,
492 1382 553 1446 qubd
565 1384 682 1448 officium
693 1383 829 1448 diciturque
842 1399 944 1453 compari

159 1455 244 1506 tionem
262 1456 290 1506 ad
303 1459 392 1518 actum3
408 1455 509 1518 quadus
524 1460 601 1505 autem
618 1455 699 1506 dicimr
715 1455 840 1506 secuudum
852 1461 943 1510 ordiner

159 1526 322 1591 superioritatis
338 1530 361 1576 et
371 1525 534 1576 interioritatis.
545 1525 588 1577 Sed
600 1527 628 1575 ad
639 1529 737 1576 cletum
746 1526 870 1589 requiritur
878 1530 943 1580 immi*

158 1599 232 1652 bilitas
246 1598 270 1650 ic
281 1611 308 1650 co
321 1599 380 1661 quod
394 1597 494 1662 medicat
507 1599 535 1648 ud
547 1597 699 1649 couditiouom
710 1611 823 1662 cercone.

460 1779 619 1830 subductis
631 1779 661 1827 ll.

200 1907 284 1952 Uirium
299 1908 325 1952 in
340 1908 445 1953 Ecclesia
456 1909 596 2017 mixtam
605 1909 731 1954 divertitur
740 1908 875 1967 officiorum
886 1926 929 1957 cero

227 1989 229 1998 i
440 1995 445 2009 ,
583 1985 615 2017 Μ,
729 1987 734 1993 «

193 2102 226 2152 dd
240 2101 365 2154 secuudum
379 2103 412 2154 sic
426 2103 563 2166 proceditur.
576 2103 668 2154 Videtur
684 2101 745 2167 qubd
757 2103 784 2153 iu
793 2105 902 2157 Ecclesia
919 2121 945 2160 nc

162 2173 242 2224 debeat
256 2185 306 2224 esso
320 2171 439 2224 diversitas
455 2173 583 2224 oriciorum
594 2174 632 2223 rel
645 2177 754 2225 mutuum.
765 2175 893 2227 birersitas
902 2181 942 2230 eui

162 2243 243 2296 ucitmi
254 2247 372 2307 repugnat.
388 2245 433 2296 sed
444 2245 522 2296 fideles
531 2245 615 2295 Christi
630 2246 658 2296 ad
669 2245 779 2296 unitatem
794 2253 919 2311 uocantur,
928 2267 945 2300 sr

161 2314 260 2366 cundiam
272 2315 326 2366 illud
339 2317 423 2374 doun..
434 2317 509 2368 xvtt:
528 2333 543 2363 s
554 2317 583 2366 Ut
595 2317 643 2366 sict
652 2330 722 2367 uuum
734 2317 760 2367 iu
768 2318 850 2379 uobis,
863 2320 931 2372 sieut

162 2399 204 2436 uos
219 2400 288 2436 uuum
303 2400 389 2438 sumus.
405 2405 418 2435 o
437 2388 496 2452 Erqc
509 2387 533 2436 iu
546 2388 648 2440 Ecdeme
667 2402 714 2439 corr
735 2389 804 2440 debet
817 2403 868 2442 csse
886 2394 943 2444 diue

161 2456 219 2510 sitas
230 2457 356 2510 officiorum
368 2459 422 2510 sive.
431 2462 541 2509 smmum.

193 2532 217 2578 d.
234 2529 361 2592 Praeterea,
382 2548 396 2579 o
407 2535 486 2580 natura
499 2543 546 2581 uon
556 2529 610 2580 lacit
621 2544 663 2594 por
676 2531 745 2582 multa
758 2533 819 2596 quod
837 2538 918 2597 potest
934 2539 945 2585 t.

162 2613 213 2652 ocra
236 2615 278 2665 per
292 2615 372 2654 uuum.
387 2619 401 2650 rr
419 2603 463 2653 Sed
483 2601 584 2666 operalio
603 2603 680 2665 graba
692 2608 729 2654 est
744 2603 816 2656 mulio
834 2607 945 2658 ordinatii

163 2671 230 2735 quim
245 2675 348 2737 operatio
360 2679 456 2726 naturae.
466 2675 527 2736 Euge
538 2675 710 2727 mcvectcctius
720 2680 781 2726 esset
793 2675 854 2740 qudd
868 2691 899 2729 oa
913 2696 945 2743 qu

161 2744 278 2808 pertinent
291 2747 319 2800 ad
330 2752 392 2804 aolus
404 2747 491 2809 qratia,
503 2758 544 2808 qur
553 2745 646 2796 eosdem
657 2747 762 2798 homiues
773 2748 945 2802 adumbcrarer

162 2820 212 2877 tur,
230 2816 261 2868 ita
278 2821 302 2868 ut
317 2831 362 2873 nou
378 2817 474 2868 oscetin
489 2815 589 2868 Ecclesia
604 2818 725 2869 diuersitas
737 2819 865 2870 officiorum
879 2829 905 2874 et
921 2830 944 2874 st

163 2889 237 2940 tuum.

196 2963 219 3010 3.
235 2963 356 3024 Praeterea,
370 2961 455 3010 bouum
469 2959 577 3012 Ecclesia
586 2961 687 3013 maxime
698 2965 788 3016 ridstur
797 2964 899 3030 icquce
913 2983 944 3021 co
