1917 3317
592 126 681 175 au
985 135 1104 174 uns
1137 134 1220 181 m,
1250 134 1442 180 nonst-
1473 134 1542 184 iv,
1578 134 1691 173 Αιτ.
1727 134 1794 173 tv.

592 216 725 277 prout
750 211 1031 275 significatur
1059 211 1109 261 in
1131 214 1347 261 concreto
1375 224 1456 275 per
1480 212 1569 260 boc
1597 224 1792 272 nomen,
1820 212 1917 261 bom

596 293 686 334 tum
715 288 799 334 est.
832 283 909 333 Sic
930 287 1081 333 autem
1101 283 1386 344 significatur
1406 285 1543 346 prout
1566 286 1637 333 est
1658 283 1706 332 in
1724 282 1917 345 singular:

592 357 723 406 dictis
754 360 900 420 patet.
944 356 1060 414 Ergo
1105 354 1246 404 Filius
1293 353 1372 404 Dei
1405 355 1661 418 assumpsit
1704 358 1901 405 naturam

592 432 722 493 prout
754 432 825 478 cst
851 428 907 477 ab
942 426 1192 476 individuis
1219 430 1445 489 separata.

651 499 738 549 Sed
762 502 916 549 contra
935 502 1036 557 est,
1057 496 1177 560 quod
1200 496 1312 547 dicit
1332 498 1634 547 Damasi-enus
1652 497 1701 547 in
1724 498 1799 548 111.
1817 496 1893 547 lib.
1911 501 1917 547 t

592 589 620 621 a:
645 573 762 622 Deus
789 571 988 621 Verbum
1009 569 1294 619 incarnatum
1322 582 1411 619 non
1429 582 1528 619 eam
1548 583 1650 633 quae
1674 570 1793 619 nuda
1811 572 1917 618 cont·

592 643 898 695 consideratur
928 644 1132 690 naturam
1159 641 1429 703 assumpsit3
1451 651 1542 689 non
1567 640 1690 690 enim
1712 640 1917 690 incarnat

592 714 798 778 deceptio
825 718 872 763 et
899 713 1020 762 flctio
1056 711 1379 761 incarnationis
1408 714 1549 761 esset.
1590 728 1618 758 »
1650 712 1740 763 Sed
1767 714 1917 761 humar

592 790 722 849 prout
762 789 835 835 est
862 785 918 834 ab
948 782 1198 833 individuis
1236 786 1442 847 separata
1471 784 1545 833 vel
1574 784 1825 845 abstracta,
1851 784 1900 833 in

592 857 882 921 templatione
911 856 1159 918 cogitatum
1191 854 1297 916 quia
1337 854 1584 904 secundum
1617 854 1817 917 seipsam
1847 868 1917 905 noi

596 931 640 978 ut
676 929 841 978 ibidem
884 929 1190 977 Damascenus
1227 926 1352 975 dicit.
1392 926 1506 987 Ergo
1543 925 1686 975 Filius
1711 926 1791 975 Dei
1824 940 1916 977 non

592 1005 832 1053 humanam
856 1004 1062 1048 naturam
1082 999 1332 1048 secundum
1358 999 1477 1061 quod
1501 1000 1572 1047 est
1599 996 1625 1047 a
1646 996 1917 1061 singularibu

658 1075 673 1136 (
688 1073 976 1124 Coucmsm.
1001 1098 1061 1107 -
1087 1070 1309 1129 Quoniam
1339 1074 1502 1119 natura
1529 1071 1731 1119 bumana
1761 1071 1818 1119 ab
1841 1083 1916 1119 om

592 1145 739 1194 riduis
780 1144 1009 1193 abstracta
1047 1156 1136 1192 non
1167 1140 1346 1200 existit,
1377 1154 1463 1190 nec
1491 1140 1530 1191 si
1563 1145 1717 1199 esset,
1751 1140 1914 1191 mereri

592 1215 812 1279 quispiam
841 1228 924 1278 per
950 1227 1051 1265 eam
1081 1218 1259 1278 posset,
1281 1226 1381 1263 eam
1412 1214 1476 1263 sic
1515 1213 1809 1275 abstractam,
1831 1213 1857 1264 a
1877 1214 1912 1262 F

596 1292 817 1350 sumptam
847 1300 947 1337 esse
973 1286 1124 1337 dicere
1147 1299 1241 1336 non
1263 1284 1419 1349 licet.)

650 1358 923 1421 Respondeo
944 1357 1184 1408 dicendum
1206 1396 1219 1417 ,
1253 1355 1372 1419 quod
1403 1358 1565 1405 natura
1598 1355 1802 1407 bominis
1836 1357 1915 1407 vel

592 1446 676 1497 que
714 1432 899 1482 alterius
927 1432 994 1480 rei
1032 1430 1294 1488 sensibilis,
1324 1433 1488 1493 praeter
1513 1444 1614 1478 esse
1645 1430 1766 1492 quod
1809 1430 1860 1479 in
1903 1444 1917 1480 ε

588 1505 740 1565 babet,
758 1503 997 1566 dupliciter
1019 1506 1172 1565 potest
1193 1500 1383 1563 intelligi
1404 1517 1414 1549 ι
1438 1513 1530 1550 uno
1558 1502 1717 1565 modo,
1743 1502 1879 1565 quasi
1907 1517 1917 1565 1

588 1590 687 1627 esse
714 1577 878 1626 habeat
902 1578 1063 1639 praeter
1092 1573 1329 1623 materiam
1355 1609 1366 1632 ‚
1398 1573 1518 1623 sicut
1549 1573 1781 1622 Platonici
1808 1588 1917 1637 posu

592 1649 739 1707 rnod0,
766 1648 882 1697 sicut
905 1646 952 1695 in
982 1645 1215 1695 intellectu
1235 1643 1459 1705 existens,
1481 1645 1554 1694 vel
1582 1646 1792 1695 humano
1812 1645 1888 1695 vel

588 1732 635 1769 sc
661 1718 840 1781 quidem
862 1718 1108 1768 subsistere
1131 1730 1219 1767 non
1246 1719 1432 1780 potest,
1451 1718 1501 1765 ut
1520 1715 1836 1779 Philosophus
1855 1731 1917 1781 pr¹

588 1791 932 1855 Metaphysr'e„
958 1789 1064 1853 quia
1086 1789 1140 1838 ad
1173 1794 1379 1838 naturam
1410 1788 1582 1851 speciei
1607 1801 1759 1838 rerum
1791 1791 1917 1839 sensi

592 1865 705 1912 tinet
733 1861 919 1911 materia
947 1860 1204 1923 sensibiliS,
1225 1873 1325 1921 quae
1350 1859 1535 1923 ponitur
1555 1860 1600 1909 in
1631 1858 1734 1922 ejus
1757 1860 1917 1911 definit

592 1946 746 1985 carnes
777 1935 821 1982 et
847 1945 947 1982 ossa
983 1934 1035 1981 in
1071 1932 1337 1982 definitione
1371 1930 1588 1981 hominis.
1619 1931 1748 1983 Unde
1793 1946 1891 1985 non

588 2004 706 2065 quod
730 2008 889 2054 natura
908 2004 1109 2053 humana
1132 2003 1193 2052 sit
1216 2006 1378 2066 praeter
1405 2002 1639 2053 materiam
1663 2004 1917 2057 sensibilen

588 2079 708 2126 esset
736 2079 824 2127 hoc
852 2076 988 2126 modo
1012 2075 1266 2126 subsistens
1285 2079 1445 2125 natura
1461 2076 1690 2139 bumana,
1712 2090 1807 2127 non
1838 2079 1917 2128 fuis

588 2147 721 2197 niens
760 2151 811 2197 ut
842 2146 869 2197 a
896 2148 1044 2198 Verbo
1065 2147 1145 2199 Dei
1178 2152 1481 2198 assumeretur
1511 2161 1524 2196 τ
1555 2146 1704 2211 primo
1733 2149 1917 2211 quidem

592 2218 784 2283 sumptio
811 2218 889 2269 illa
929 2220 1196 2269 terminatur
1221 2221 1278 2269 ad
1314 2232 1584 2284 personam3
1614 2220 1702 2270 hoc
1737 2224 1899 2273 autem

588 2290 806 2341 :rationem
842 2291 997 2341 formae
1018 2291 1268 2341 communis
1284 2330 1297 2352 ,
1325 2295 1377 2340 ut
1395 2291 1454 2341 sit
1480 2290 1530 2340 in
1557 2304 1769 2356 persona,
1791 2294 1905 2357 qnia

592 2362 924 2423 individuatur3
963 2361 1192 2423 secundo,
1224 2361 1329 2426 quia
1370 2367 1542 2413 naturae
1593 2365 1825 2414 communi
1868 2381 1917 2418 n(

588 2434 769 2483 attribui
799 2434 889 2484 nisi
914 2435 1204 2497 operationes
1224 2447 1489 2485 communes
1525 2438 1570 2484 et
1597 2434 1917 2503 universalem,

588 2517 699 2569 quas
733 2507 870 2557 homo
898 2519 990 2556 non
1020 2510 1216 2557 meretur
1247 2520 1331 2557 nec
1369 2505 1643 2569 demeretur,
1681 2506 1787 2558 cum
1829 2513 1917 2560 tan:

592 2578 786 2642 sumptio
806 2578 862 2628 ad
882 2580 971 2628 hoc
990 2576 1108 2627 facta
1128 2578 1205 2639 sit,
1229 2582 1280 2627 ut
1299 2578 1441 2629 Filius
1463 2579 1542 2629 Dei
1562 2579 1610 2629 in
1634 2583 1798 2629 natura
1819 2594 1917 2631 assi

592 2654 869 2713 mereretur3
892 2647 1054 2711 tertio,
1078 2648 1184 2711 quia
1217 2653 1377 2700 natura
1400 2650 1467 2700 sic
1491 2650 1694 2701 existens
1716 2664 1810 2701 non
1841 2658 1917 2703 est

592 2721 665 2773 sed
689 2720 992 2785 intelligibilis
1014 2736 1027 2781 ;
1054 2719 1201 2771 Filius
1228 2725 1378 2772 autem
1406 2722 1489 2775 Dei
1513 2722 1757 2787 assumpsit
1783 2724 1917 2776 huma

588 2807 683 2843 ram
704 2831 719 2857 ,
742 2797 794 2843 ut
822 2793 1084 2862 hominibus
1115 2792 1163 2842 in
1191 2804 1247 2843 ea
1273 2792 1465 2846 visibilis
1490 2798 1760 2860 appareret,
1799 2810 1914 2849 secu

592 2864 806 2917 fiaruch.
833 2867 896 2916 111
923 2881 935 2918 ε
966 2882 995 2915 (ι
1023 2867 1136 2917 Post
1161 2864 1262 2916 haec
1280 2865 1328 2917 in
1358 2866 1491 2919 terris
1513 2868 1639 2919 visus
1666 2872 1770 2931 est,
1799 2872 1859 2921 et
1881 2885 1917 2921 ci
