1917 3317
163 135 194 171 un
209 133 413 174 uaurrnsrauronn
428 134 640 178 uesuuuuermrus.
751 125 799 172 aot
882 99 888 174 ἶ

12 214 101 259 :istus
121 214 176 274 post
194 210 382 262 resurrectionem
398 210 424 261 in
440 224 482 261 suo
499 224 593 276 corpore
609 212 723 275 ostendit,
739 224 799 265 uun·
882 213 890 265 i

12 297 55 333 un
74 282 226 347 postmodum
239 282 268 333 ab
281 282 343 334 illius
359 296 452 347 corpore
468 286 521 335 suut
535 285 637 338 remote.
885 275 889 293 '

351 468 452 485 m

277 626 444 697 bumbulo
460 627 520 693 LV.

12 791 16 818 ε
32 778 114 823 moaci
127 776 244 823 eelute‘oce
256 774 459 824 rerumrecta'oate'e,
473 774 504 820 iae
519 786 563 821 seor
576 775 696 822 articulos
709 776 797 826 dieite

19 932 114 983 beinde
131 927 322 981 considerandum
337 928 372 978 est
389 927 417 978 de
431 926 612 981 manifestatione
626 932 798 985 resurrectionis

13 1006 87 1055 rt'tsil.

22 1082 51 1127 t-‘t
67 1077 133 1129 circa
148 1077 192 1127 boc
206 1075 338 1140 queruntur
357 1086 397 1125 sex
411 1076 458 1123 :10
474 1072 553 1123 Ulrbm
566 1074 651 1125 Christi
665 1075 798 1129 resurrectio
882 1127 886 1148 ¹

12 1150 102 1199 unibus
114 1144 256 1198 manifestari
268 1144 379 1208 debuerit,
388 1158 418 1195 an
430 1144 503 1197 solium
517 1144 652 1209 quibusdam
665 1146 798 1211 specialiter
884 1181 888 1190 -

12 1220 109 1271 risonis.
121 1224 150 1269 2⁰
165 1216 246 1267 Utrum
260 1214 340 1267 luisset
352 1217 493 1267 conveniens
505 1215 565 1279 qudd
575 1216 610 1267 eis
619 1217 750 1267 videntibus
763 1230 798 1267 rc·

13 1296 108 1353 rueret.
122 1288 239 1341 eobtrum
254 1291 306 1352 post
322 1289 510 1347 resurrectionem
524 1288 626 1340 debuerit
634 1303 687 1340 eum
699 1290 747 1341 suis
754 1290 797 1340 dis

14 1366 79 1428 pulis
91 1361 232 1415 conuersari.
249 1364 275 1411 l⁰
288 1360 367 1411 Utrluro
378 1361 447 1411 suerit
465 1360 605 1412 conueniens
617 1360 679 1425 quid
698 1362 747 1412 suis
758 1362 798 1412 dis

18 1437 81 1498 pulis
101 1436 127 1487 in
143 1434 217 1485 aliena
236 1430 311 1496 effigie
329 1434 456 1495 appareret.
471 1437 497 1481 5⁰
513 1431 593 1483 Uirium
613 1433 798 1485 resurrectionen

13 1522 63 1556 ram
89 1504 230 1570 argumentis
254 1502 399 1555 manifestare
424 1503 538 1556 debuerit.
560 1510 587 1555 6⁰
605 1506 638 1556 lte
663 1504 797 1559 sufficienti

13 1581 89 1629 lorum
103 1578 298 1643 argumentorum.

306 1754 465 1807 lnmcbtbs
480 1756 498 1806 l.

30 1884 118 1931 Ulrdm
130 1880 273 1929 resurrectio
285 1880 376 1927 Christi
384 1880 492 1927 debererit
500 1882 609 1925 comibus
617 1880 777 1937 manifestari.

34 2013 67 2061 ld
80 2010 177 2076 primum
191 2008 224 2059 sie
236 2008 374 2072 proceditur.
389 2007 485 2059 Videtur
496 2006 557 2071 qubll
568 2008 703 2059 resurrectio
719 2008 803 2063 Christi

13 2082 107 2133 libuerit
117 2080 221 2133 omnibus
230 2078 379 2129 manifestari.
395 2079 458 2131 Sicut
472 2078 534 2129 enim
551 2079 643 2143 publico
661 2084 754 2143 peccalo
767 2081 803 2133 de

14 2158 69 2202 uolur
82 2149 149 2217 prena
165 2150 271 2217 publiea,
284 2150 407 2201 secundium
421 2150 477 2201 illud
491 2153 512 2201 1.
528 2150 564 2200 od
576 2152 653 2213 Tim„
667 2152 686 2200 V
702 2167 708 2201 z
726 2169 740 2199 o
750 2152 803 2203 Peo-

12 2229 86 2275 :alites
97 2236 172 2275 coram
181 2222 287 2273 omnibus
297 2235 375 2287 argue,
383 2238 398 2269 r
411 2223 443 2272 ita
455 2222 535 2273 merito
543 2221 634 2286 publico
644 2222 739 2273 debetur
748 2234 804 2289 pre·

12 2298 78 2345 mium
96 2294 220 2359 publicum.
244 2294 290 2345 Sed
310 2310 323 2341 u
342 2293 432 2343 claritas
452 2293 626 2345 resurrectionis
639 2297 676 2347 est
688 2294 803 2359 premium

12 2365 270 2429 lrrrmilitalispassionis‚
280 2381 295 2413 u
304 2367 329 2415 ut
343 2364 483 2426 Augustinus
491 2365 548 2416 dicit
555 2367 710 2430 superioria.
721 2366 802 2428 straet

12 2435 117 2501 dcxlv).
132 2436 187 2487 Cium
206 2450 261 2500 ergo
279 2436 354 2501 passio
370 2435 456 2485 Christi
466 2436 536 2487 luerit
550 2435 656 2487 omnibus
669 2435 801 2500 manileste,

14 2519 38 2553 etr
51 2506 137 2571 publicd
147 2508 263 2572 patiente,
275 2507 366 2562 videtur
380 2506 441 2571 qubd
458 2507 529 2571 gloria
546 2507 721 2560 resurrectionis
734 2507 806 2572 ipsius

14 2581 114 2629 erunibus
128 2579 267 2631 manifestari
280 2578 392 2630 debuerit.
481 2624 484 2631 .

43 2654 66 2699 b.
81 2654 206 2713 preterea,
217 2650 276 2701 siem
291 2650 368 2714 passio
382 2648 468 2701 Cbristi
485 2651 603 2702 ordinatur
615 2651 643 2701 ad
653 2652 755 2702 nostram
765 2662 807 2701 sa·

18 2718 96 2785 tutem,
111 2722 141 2773 ila
160 2725 183 2775 et
200 2724 249 2787 ejus
270 2722 419 2786 resurrectio,
435 2720 560 2773 secundbm
581 2722 637 2773 illud
650 2725 733 2779 Rom„
752 2720 804 2773 lll:

19 2807 31 2837 u
44 2794 169 2845 Resurrexit
180 2799 272 2859 propter
282 2794 469 2859 justificationem
480 2797 590 2846 nostram.
601 2794 670 2845 »Sed
677 2795 733 2845 illud
747 2794 808 2859 quod

20 2865 46 2913 ad
58 2880 195 2920 communem
203 2864 326 2921 utilitatem
335 2867 443 2933 pertinet,
455 2865 562 2920 omuibus
574 2866 642 2922 debet
655 2866 807 2922 manileslari.
