1917 3317
272 181 305 218 un
316 180 391 219 marn
406 181 552 222 mucrones.
763 173 812 224 tut

53 247 133 307 ttadam
140 250 245 318 disciplim
254 257 291 308 vel
299 257 433 310 exercitium
442 259 471 310 cd
481 249 645 323 perfectionem
654 259 810 327 peremiencq

54 317 75 393 ed
89 333 141 382 (Μ
153 325 232 388 quidem
247 329 316 392 aliqui
334 330 452 393 pervenire
465 330 568 380 nituntur
580 330 696 381 exercitiis
705 331 810 397 diuersis,

53 395 96 438 sunt
109 394 166 444 ctiam
181 399 276 450 medicus
289 401 454 452 adsumendum
464 401 499 452 uti
512 405 589 466 potest
598 402 696 453 diversis
708 403 812 454 medice-

53 464 125 513 mentis.
136 467 264 520 Manifestum
274 474 311 522 est
321 475 399 522 autem
411 471 471 536 qudd
482 472 516 522 illi
526 472 682 537 qui'opcratur
690 476 719 525 ad
731 474 809 538 duem,

53 543 87 580 uon
98 547 123 584 er
130 541 248 592 necessitate
260 543 367 594 convenit
378 543 439 608 quod
449 545 499 608 jam
511 550 629 595 assecutus
638 545 668 594 sit
678 545 758 604 finem
769 547 810 598 ced

54 605 146 676 requiritur
159 611 210 673 quod
222 626 262 676 per
281 614 380 678 aliquem
393 615 452 664 niam
468 609 548 666 &udat
564 616 594 666 cd
608 617 684 666 duem.
698 617 729 666 Et
742 616 809 680 idco,

55 671 85 720 dte
95 677 125 738 qui
136 684 206 733 statum
216 684 331 748 religionis
344 685 453 750 assumit,
468 698 515 739 nou
526 690 617 738 tenetur
626 688 709 738 trabere
721 689 811 751 perfec·

58 745 92 794 du
106 749 229 816 claritatem,
245 759 284 808 sed
298 761 388 810 tenetur
400 759 428 808 ad
448 760 493 808 hoc
506 759 599 809 tendere
615 762 640 808 et
653 760 705 809 dare
718 771 810 822 operam

56 820 74 862 ut
82 818 144 872 latet
155 827 276 879 claritatem
287 829 458 894 perfectamllt
471 830 551 881 eadem
565 830 651 880 ratione
660 842 707 879 nou
719 833 811 880 tenetur

52 887 73 934 ad
85 890 117 941 htt
127 895 178 957 quod
189 898 225 949 illa
237 899 331 965 impleat
343 915 394 964 quae
407 901 436 951 ad
451 902 613 966 perfectionem
628 901 745 951 charitatis
754 913 810 952 con·

49 967 161 1030 seluuntur3
170 973 252 1020 teuetm
269 975 347 1022 autem
358 976 384 1022 ut
393 974 421 1023 ad
437 986 465 1024 ea
479 973 593 1038 implenda
603 973 719 1035 intendat,
731 975 810 1022 coutm

47 1033 96 1089 tund
110 1035 155 1087 facit
164 1045 312 1094 contemnens.
328 1044 392 1095 Unde
406 1058 452 1096 nou
467 1052 549 1109 peccet
563 1044 585 1094 si
599 1056 627 1094 ea
639 1044 808 1109 pretermittant,

47 1102 79 1149 sed
92 1105 107 1154 si
124 1120 145 1160 cn
161 1116 292 1165 contemnet.
310 1115 419 1166 Similiter
435 1116 505 1167 etiam
524 1130 570 1167 mou
582 1119 673 1165 tenetur
691 1116 719 1164 ad
732 1115 809 1166 omnia

47 1177 131 1229 eremitia
148 1183 220 1246 quilius
234 1187 265 1238 ad·
275 1187 439 1252 perlectionem
453 1188 596 1252 pervenitur,
609 1187 649 1238 sed
664 1187 693 1236 ad
703 1187 742 1236 illa
758 1200 808 1251 qum

46 1244 167 1365 lettermiuntd
178 1261 227 1308 suut
238 1259 260 1310 ci
273 1262 350 1310 taxata
363 1259 487 1312 secundum
496 1260 598 1325 regulam
610 1271 678 1324 quam
690 1257 809 1323 professus

47 1328 81 1367 es.

62 1391 97 1467 'fl
111 1395 194 1458 primum
205 1414 258 1466 ergo
274 1401 411 1467 dicendum,
426 1401 487 1467 qudd
500 1402 540 1453 ille
558 1402 599 1466 qui
611 1399 692 1452 ucudt
709 1402 809 1454 ad-rcli-

50 1473 119 1540 tutem
133 1484 172 1522 non
189 1474 304 1538 profitetur
324 1487 350 1525 se
368 1487 419 1525 esse
437 1476 578 1540 perfectum,
591 1473 634 1525 scd
647 1473 764 1538 profitetur
784 1489 809 1526 ac

51 1533 129 1606 cilinium
138 1545 227 1596 sudium
238 1547 267 1596 ad
278 1545 443 1610 perfectionem
457 1546 639 1610 consequendam
650 1560 658 1595 ι
670 1544 729 1596 sicut
738 1546 809 1596 etiem

51 1601 79 1652 ¹⁸¹0
90 1608 119 1668 lli
129 1610 187 1666 intrat
198 1617 300 1678 munuc,
314 1630 361 1668 uon
376 1619 495 1682 profitetur
505 1631 530 1668 se
544 1617 669 1679 scientem,
682 1617 725 1667 aed
740 1617 810 1682 profi-

49 1678 95 1726 tetur
106 1694 126 1732 se
138 1688 254 1740 studentem
264 1690 295 1740 ad
308 1689 426 1740 scientiam
438 1689 608 1753 acquirendam.
617 1689 681 1739 Unde
690 1689 751 1738 sicut
760 1691 806 1740 lu·

44 1751 129 1809 nestum
143 1758 190 1810 dicit
205 1761 299 1812 iuVlll.
315 1763 352 1811 Dc
367 1761 446 1812 Cr'utt.
464 1762 513 1812 Det
526 1761 595 1824 (cap.
609 1762 650 1824 2),
667 1761 806 1824 Pythagorea

44 1823 128 1876 noluitne
139 1834 267 1895 comentem
282 1833 398 1898 profiteri,
416 1834 456 1884 scd
468 1834 604 1897 sapientior
617 1837 766 1882 amatorem.
779 1835 808 1884 lit

42 1893 80 1943 ideo
95 1897 197 1962 rdiqimm
212 1918 258 1956 nou
276 1908 312 1956 est
329 1908 483 1968 transgressor
497 1903 663 1969 professionis,
677 1903 698 1953 sl
713 1917 760 1954 nou
776 1904 808 1954 eit

43 1966 150 2032 pedeque,
161 1973 198 2024 aed
214 1976 286 2027 solum
301 1974 465 2026 siccutemuat
479 1976 508 2026 ad
522 1975 685 2038 perfectionem
701 1975 803 2026 undere.

66 2041 91 2090 dd
104 2045 213 2097 secuudum
226 2048 362 2112 dicendum,
375 2047 435 2111 quod
451 2047 512 2098 sicut
523 2046 617 2110 diligero
629 2048 700 2096 Deum
713 2060 743 2096 ex
756 2050 805 2100 toto

43 2112 93 2162 cordf
101 2119 194 2168 teumtur
207 2133 300 2178 omnes,
313 2124 349 2170 est
365 2123 441 2170 tamen
454 2119 530 2183 qliqua
546 2119 649 2169 totalitas
659 2119 806 2182 perfectionis

46 2195 80 2242 lte
90 2186 131 2239 sice
146 2194 232 2253 peccato
249 2189 393 2256 pretermitti
406 2204 453 2241 nou
467 2194 560 2254 potest,
573 2189 650 2253 alique
664 2196 742 2241 autem
754 2205 806 2254 qum
860 2185 867 2198 ’

48 2255 78 2304 nne
88 2265 165 2320 peccato
174 2264 369 2327 pretermittitur,
387 2264 442 2313 dum
451 2266 529 2313 tamen
539 2261 597 2313 desit
610 2265 769 2326 contemptus,
782 2266 809 2313 ut

51 2331 172 2400 supradictum
180 2339 213 2386 est
223 2335 232 2400 (
239 2351 278 2400 qu.
290 2339 345 2396 fet,
359 2335 385 2385 ad
399 2334 440 2398 3),
452 2333 701 2384 ilaetiamomnestam
709 2333 810 2398 religiosi

54 2407 95 2454 qm
103 2406 207 2458 mcclares
220 2409 330 2458 tenentur
342 2405 470 2470 aliqualiter
484 2405 560 2456 fucere
571 2403 682 2468 quidquid
695 2405 749 2454 boui
759 2417 811 2470 poc

57 2477 96 2533 sunt,
105 2479 196 2530 orrmhus
209 2479 272 2530 enim
280 2477 432 2529 communiter
442 2477 526 2528 dicitur
534 2476 640 2537 flectes,
651 2477 698 2526 lx:
711 2492 725 2525 c
736 2477 812 2535 Quod·

56 2548 115 2606 cuuqq
129 2549 198 2602 fucere
209 2553 288 2616 potest
300 2563 384 2600 manus
396 2553 436 2599 tua
449 2548 563 2600 instanter
575 2560 677 2612 operare.
692 2562 708 2594 u>
722 2548 764 2598 llst
776 2552 812 2598 ta-

56 2621 87 2684 ltl
98 2617 158 2684 quuis
175 2623 258 2674 modus
278 2623 323 2672 troc
336 2625 477 2685 preceptum
490 2620 617 2685 implendi,
631 2631 677 2683 quo
691 2623 811 2682 peccatum

56 2687 201 2751 uictuqccilicet
220 2693 242 2744 si
261 2693 330 2743 homo
345 2692 414 2742 faciat
431 2692 492 2755 quod
507 2694 596 2762 potest,
609 2690 735 2741 secundum
748 2689 809 2753 quod

57 2756 113 2813 quq
125 2765 217 2816 conditio
231 2763 269 2816 sui
281 2767 369 2827 status3
384 2763 505 2815 dummodo
518 2765 663 2825 contemptus
684 2773 732 2811 mou
752 2759 812 2810 adsit

59 2829 207 2943 dffdneliora,
219 2849 263 2903 per
275 2848 346 2901 quem
359 2835 448 2888 amnem
459 2835 564 2887 firmetur
577 2837 657 2886 contra
670 2831 812 2898 spiritualem

59 2903 144 2959 tremum,

125 3021 153 3066 n
497 3004 704 3057 ..e
