1917 3317
286 172 318 209 or
331 170 410 211 sraro
423 172 567 213 mucuns.
779 168 825 217 tat

32 248 153 301 committit
168 248 280 300 similiter
287 248 355 299 efiarn
366 250 542 301 «holocaustum
552 256 588 303 est
598 250 651 302 cum
661 251 742 317 abonis
753 258 826 307 bium

31 325 83 385 quod
102 322 187 382 babet,
208 320 276 372 offert
289 322 351 384 lieo,
365 338 380 369 s
395 325 421 372 nt
431 322 552 386 Gregorius
572 322 626 375 dicit
641 340 718 391 cuper
734 316 840 379 Eteri)

33 394 121 457 (fleuit
139 393 200 453 XX,
214 392 350 457 utsupra).
371 393 443 443 ilabet
455 399 532 444 antem
547 397 615 447 bomo
627 396 709 461 triplex
727 399 823 459 bouum,

31 465 142 516 secundirn
158 463 328 530 Philosophum
340 466 365 514 in
377 466 396 515 l.
411 465 497 517 liidie.
512 467 581 532 (cap.
593 472 623 517 lt
636 469 673 520 vel
685 470 716 535 l)
729 486 735 521 ε
747 472 824 536 primd

32 537 120 601 quidem
132 537 276 587 exteriorum
287 550 371 601 mmm,
383 550 440 601 quas
450 538 541 603 quidem
553 538 634 604 aliquis
645 540 690 591 lteo
704 542 769 593 oliert
783 556 824 610 per

32 613 98 659 roura
111 608 252 660 voluntariae
265 609 418 672 paupertatis;
429 610 528 660 secundo
543 613 626 673 antem
638 612 722 663 bonum
736 616 823 680 proprii

34 682 132 745 corpon‘s,
146 681 211 746 quod
226 681 310 744 aliquis
324 681 439 747 precipue
452 682 520 733 oiiert
538 683 585 734 ileo
601 698 642 749 per
656 688 733 736 uotum
753 688 826 739 conti-

35 754 117 817 nentie,
126 767 172 818 quo
183 753 332 803 abrenuntiat
341 753 446 803 maximis
456 754 642 807 delectationibus
651 758 764 823 corporis;
776 762 823 811 ter-

34 825 83 874 tion
91 830 164 876 antem
173 825 265 875 bonum
275 829 310 875 est
319 825 409 889 animai,
421 827 480 890 qnod
496 826 579 891 aliquis
591 828 690 895 totaliter
699 830 744 881 ltco
757 832 824 883 oilert

31 911 68 962 per
79 898 244 961 obedientiam,
257 909 302 959 qua
315 897 397 961 anquis
410 899 475 949 oiiert
489 899 535 950 lieo
547 900 660 965 propriam
673 903 820 967 volontatem,

30 983 138 1035 perquam
150 971 225 1020 bomo
244 969 317 1019 utitur
328 969 433 1021 omnibus
443 970 551 1035 potentiis
564 974 588 1023 et
605 972 721 1024 habitibus
734 974 822 1027 aninam.

30 1044 55 1092 Et
70 1042 119 1093 idco
140 1040 312 1093 convenienter
326 1055 355 1093 ex
371 1042 443 1093 tribus
461 1042 521 1094 votis
539 1046 613 1095 sutus
631 1044 748 1109 rellp'nuis
766 1046 826 1099 intc-

30 1116 106 1176 gratur.

56 1187 86 1236 td
102 1186 206 1251 pdmnm
225 1198 282 1248 ergo
296 1185 431 1252 decadum,
448 1186 509 1252 qnod
528 1187 589 1239 sicut
609 1188 677 1253 sopri
690 1188 772 1240 dictum
791 1195 826 1243 est

30 1260 75 1322 [art.
87 1261 121 1321 t),
137 1261 216 1309 status
225 1256 345 1320 religionis
357 1258 483 1321 ordinatur,
496 1261 554 1310 sicut
567 1258 591 1309 iu
602 1260 683 1324 finem,
699 1261 726 1312 ad
741 1262 826 1326 perlec-

29 1331 105 1381 tionem
120 1329 259 1389 cbaritatis‚
275 1330 384 1393 adquam
401 1332 515 1395 pertinent
528 1344 608 1382 omues
625 1332 745 1385 iuiedores
764 1338 826 1385 aetus

28 1402 142 1463 mutan,
158 1414 262 1465 quarum
281 1404 353 1451 mater
363 1406 399 1452 est
416 1403 528 1464 charitas,
546 1402 668 1454 secundum
685 1404 740 1455 illud
756 1406 774 1457 l.
790 1406 826 1456 acl

31 1475 91 1530 ter„
102 1476 170 1527 xro:
183 1491 201 1522 a
210 1473 318 1525 chamus
331 1474 418 1537 patiens
426 1478 462 1525 est
469 1510 476 1537 ,
491 1475 590 1537 benigna
602 1478 646 1541 est,
655 1479 699 1527 ete.
709 1492 723 1524 u
734 1476 762 1526 Et
769 1478 822 1531 ideo

32 1546 137 1597 internum
148 1550 222 1597 actus
237 1544 356 1606 virtutum,
364 1545 420 1610 puli
430 1546 575 1609 humilitatis,
588 1548 701 1611 patientiae
713 1552 738 1598 st
746 1550 826 1614 hujus·

32 1618 94 1679 nodi,
105 1632 146 1669 nm
158 1618 253 1669 cadunt
264 1618 367 1670 subuoto
378 1618 507 1684 religionis,
517 1620 577 1683 quod
589 1620 703 1671 ordiuuur
719 1622 746 1672 ad
758 1622 823 1687 ipsos

28 1690 84 1740 ocul
94 1692 121 1741 ad
135 1693 224 1743 linem.

51 1763 84 1813 td
95 1764 231 1814 secundum
243 1761 371 1826 denum,
380 1763 441 1828 qudd
452 1775 532 1815 omnes
544 1762 594 1814 alie
605 1764 738 1829 religionum
751 1766 824 1818 obser·

24 1836 100 1887 santiae
113 1836 260 1886 ordinantur
276 1834 305 1884 ad
320 1835 425 1899 predicta
443 1834 486 1885 tria
504 1834 637 1899 principalia
654 1838 788 1887 rotellam
805 1838 825 1889 si

22 1920 61 1969 gna
74 1912 129 1958 sunt
138 1906 252 1958 instituta
265 1906 291 1955 in
297 1906 443 1969 religionibus
452 1908 478 1958 ad
488 1907 653 1971 pnicuraudum
662 1908 748 1959 uictum
755 1910 826 1973 ,putt

22 1978 85 2043 labor,
94 1976 252 2041 mendicitas,
263 1978 301 2029 uel
311 1978 356 2027 alia
367 1977 507 2044 buJ'usmodi,
518 1978 647 2029 referuntur
657 1980 686 2029 ad
697 1984 825 2045 pauperta-

21 2058 76 2120 tem,
88 2056 120 2104 ad
133 2053 208 2118 cujus
225 2052 420 2104 concenationem
433 2052 534 2117 migiosi
545 2066 586 2117 per
594 2053 636 2105 bos
650 2054 729 2105 modos
738 2054 823 2106 victum

21 2138 79 2175 mum
92 2127 235 2191 procurant.
251 2122 363 2174 iiiecerd
374 2124 456 2188 qubus
469 2137 551 2189 corpus
565 2129 690 2175 maceratur
694 2162 703 2188 ,
717 2126 776 2177 sicut
789 2128 826 2177 si-

21 2196 80 2261 plis,
94 2197 238 2261 jejunia,et
250 2194 270 2243 si
282 2208 327 2257 qua
340 2197 393 2246 sunt
404 2195 544 2261 hujusmodl,
554 2195 639 2247 directe
654 2196 786 2248 ordinantur
797 2200 825 2249 ad

20 2273 91 2319 mum
106 2266 267 2320 continentia
286 2267 457 2317 observandum.
475 2266 501 2317 Si
514 2280 557 2332 qua
571 2267 625 2318 verb
638 2269 662 2318 in
678 2269 826 2333 religionibus

19 2340 120 2392 moituta
131 2343 193 2392 sunt
205 2338 342 2403 pertinentia
355 2340 384 2389 ad
395 2340 507 2391 humanos
515 2342 580 2390 actus
588 2378 594 2402 ‚
602 2338 684 2405 quibus
697 2340 779 2406 aliquis
789 2356 825 2394 or·

20 2411 147 2464 dinaturad
164 2410 287 2475 religionis
301 2411 383 2474 inem,
392 2411 478 2463 scilicet
487 2412 514 2463 ad
528 2411 671 2463 dilectionem
685 2412 725 2465 ltei
735 2416 760 2465 ct
772 2428 825 2478 pro·

18 2484 67 2535 rimi
74 2523 85 2550 ,
99 2483 163 2550 puta
177 2481 267 2545 lartio,
283 2483 369 2547 oratio,
384 2483 482 2535 risiutio
495 2484 650 2544 intirmorum,
662 2486 699 2535 vel
709 2484 729 2535 si
739 2486 826 2551 aliquid

18 2556 74 2606 alind
88 2561 130 2607 est
144 2553 301 2620 hujusmodi,
315 2556 535 2619 comprehenduntur
551 2556 595 2607 sub
606 2560 659 2607 roto
674 2556 824 2622 obedientie3

17 2630 71 2690 guod
93 2628 206 2694 pertinet
225 2626 255 2676 ad
269 2627 421 2691 seiunctam,
439 2640 491 2693 qum
514 2626 637 2679 secunditm
655 2628 825 2693 dispositionem

17 2700 108 2752 dedus
122 2713 183 2751 auos
201 2702 268 2749 actus
283 2698 371 2750 ordinat
387 2700 415 2750 ad
426 2700 503 2751 tinem.
518 2700 681 2753 beterminatio
692 2704 767 2751 autem
781 2702 826 2751 ba-

17 2770 76 2821 biuis
84 2772 199 2837 pertinet
207 2770 238 2820 ad
250 2771 377 2821 onnietria
387 2774 439 2822 vota
448 2774 556 2836 tauquam
572 2772 662 2835 signum
674 2770 825 2833 obligationis.

17 2842 77 2895 lude
92 2843 195 2894 babitus
210 2842 322 2907 regularis
335 2842 402 2893 smel
418 2844 483 2894 datur
495 2844 533 2895 vel
545 2840 687 2893 benedicitur
700 2853 751 2891 cum
770 2854 829 2904 pro-

17 2913 132 2969 huone.
