1917 3317
111 200 172 249 tots
304 210 366 249 naas
380 210 422 260 ru,
438 208 533 255 ouum.
548 208 603 257 ux,
617 207 675 245 aar.
690 206 719 245 v.

110 304 124 336 u
139 288 190 339 Non
203 286 313 352 intimuit
332 287 391 336 tirus
403 285 439 335 bis
456 284 482 333 in
496 284 634 347 idipsum.»
648 284 699 334 sod
717 282 743 333 in
755 284 804 334 hoo
815 285 912 347 tompore

108 360 149 409 nei
157 360 269 423 judicium
279 362 405 418 exercetur,
413 361 437 408 et
449 356 560 420 quantiam
570 356 598 404 ad
607 355 761 419 temporalia,
773 359 799 404 et
808 355 911 418 quantum

109 432 137 480 ad
150 430 285 493 spiritualia.
303 430 362 492 Ergo
381 429 473 478 uidetur
486 426 550 491 quod
563 440 609 477 nou
623 426 656 476 sit
669 427 844 491 expectandum
860 426 912 475 aliud

112 502 178 552 tinnio
191 502 314 565 judicium.

143 576 165 621 n.
178 572 307 633 Proteroa,
320 570 442 635 promtum
460 572 485 621 et
496 582 564 634 pmua
583 571 730 634 respondent
744 570 832 621 merito
847 573 870 619 ot
880 569 914 617 do-

110 643 200 693 merito.
216 642 260 693 Sed
272 643 376 692 meritum
391 646 414 692 ot
424 642 561 691 demeritum
577 654 625 691 uon
642 641 765 705 portinent
779 642 811 691 ad
824 654 914 704 uorpm,

111 714 155 763 uisi
169 713 192 763 in
205 714 315 777 quantum
327 717 362 764 est
375 712 457 763 animm
466 713 657 763 instrumentum.
666 714 732 775 Ergo
746 726 793 763 noo
807 711 914 776 premium

111 798 152 835 sou
165 798 233 849 poena
248 786 341 837 debetur
354 782 444 849 corpori
462 783 508 833 nisi
525 788 620 849 proptor
629 784 746 834 animam.
761 785 815 835 Non
828 797 878 845 argo
888 795 915 831 ru

111 857 209 920 quiritur
221 856 283 906 atiud
294 856 405 920 judicium
421 855 443 905 in
458 855 513 913 suno,
528 856 558 904 ad
571 856 616 906 hoo
629 856 696 919 quod
708 858 784 907 homo
795 854 916 919 praemiotur

68 956 79 975 .
112 932 151 977 aut
162 926 269 991 puniatur
279 927 304 977 in
322 940 433 991 corporo,
446 930 529 991 praeter
538 924 596 976 illuri
611 940 659 990 quo
671 941 739 977 nunc
748 926 874 991 puniuntur
884 929 914 972 aut

111 998 258 1064 prumiantur
271 1000 361 1050 animm.

143 1071 186 1121 Sed
202 1074 282 1121 contra
300 1075 349 1133 est,
366 1072 426 1135 quod
444 1069 529 1121 dieitur
539 1071 627 1130 loom,
642 1069 691 1119 ΧΗ
708 1083 716 1117 :
736 1086 754 1117 a
767 1070 848 1121 Sermo
859 1081 913 1132 quan

112 1141 202 1193 locutus
215 1156 276 1204 uum,
291 1142 329 1193 illo
340 1142 453 1207 judicabit
463 1156 515 1191 eum
530 1141 555 1191 in
568 1141 700 1192 nouissimo
712 1141 766 1193 dio.
781 1160 797 1190 n
809 1142 858 1191 Erit
871 1153 913 1201 ergo

111 1215 223 1278 quoduam
239 1214 350 1279 judicium
370 1217 394 1263 in
415 1212 544 1264 nouissimo
562 1212 606 1285 dio⁶
623 1217 713 1277 praetor
730 1213 848 1279 judicium
865 1211 913 1275 quoi

112 1296 177 1335 nuno
190 1286 273 1350 agitur.

147 1357 313 1420 (Concanum.
327 1382 360 1395 -·
372 1355 429 1407 Cim
447 1356 474 1406 do
489 1368 514 1405 ro
526 1354 605 1419 aliqua
626 1356 756 1419 mutabili,
773 1361 830 1407 unta
839 1356 912 1421 pteram

113 1428 167 1492 ojus
175 1429 401 1491 consummationum,
409 1427 535 1491 portentum
541 1426 912 1493 judiciumdarinequaatprotor

111 1499 223 1564 judicium
235 1501 295 1563 quod
308 1501 333 1551 in
344 1499 466 1563 cujustibet
478 1497 581 1549 hominio
592 1503 667 1549 morto
682 1500 720 1564 tit,
733 1500 808 1552 finale
819 1499 909 1565 intirim

114 1586 164 1623 osse
175 1576 264 1637 oportet
274 1574 298 1623 in
309 1572 434 1622 nouissimo
447 1570 511 1633 die.)

146 1646 282 1708 Respondeo
296 1644 427 1702 dicendum,
442 1642 504 1707 quod
515 1641 631 1710 judicium
648 1643 677 1691 de
689 1643 776 1707 aliqua
790 1658 817 1695 ro
830 1638 905 1694 muniti

114 1716 215 1779 perfeeto
227 1717 274 1766 dari
289 1728 334 1766 uon
351 1718 490 1780 potestante
505 1715 814 1782 ‹aiusoonsummationom²
826 1717 907 1775 simitu·

114 1787 197 1837 dicium
215 1789 243 1838 do
261 1788 336 1851 aliqua
355 1787 457 1846 actione,
473 1785 547 1849 qualis
560 1786 609 1846 sit,
627 1787 737 1850 portanto
754 1790 809 1839 dari
822 1795 869 1839 ÷non
881 1798 911 1848 pr

115 1863 173 1919 tout,
186 1862 308 1923 antequam
317 1858 348 1908 sit
361 1862 531 1920 consummata,
542 1861 568 1907 ot
578 1858 604 1906 in
613 1871 640 1908 so
650 1862 676 1907 et
690 1858 718 1908 in
727 1860 784 1911 uuis
798 1860 908 1914 emortum,

114 1932 167 1995 quia
182 1932 258 1981 mnitae
275 1931 377 1981 actiones
392 1929 498 1979 videntur
512 1942 563 1979 esua
577 1930 665 1991 mites,
681 1944 738 1992 qum
756 1947 788 1982 ex
812 1931 912 1983 numnius

115 2005 300 2055 demonstrantur
308 2002 403 2052 nocivae.
421 2000 449 2049 Et
460 2000 565 2051 similitor
578 2000 607 2050 do
616 2000 715 2052 homino
724 2002 809 2067 aliquo
818 2002 910 2067 jutiriuu

115 2073 213 2139 portento
224 2074 270 2124 dari
290 2087 336 2123 non
349 2076 440 2137 potest,
450 2072 525 2135 quoad
536 2071 587 2136 ejus
598 2072 647 2121 rita
656 2073 820 2137 terminetur,
831 2086 858 2124 oo
868 2069 909 2135 uuit

117 2145 271 2210 multiplieiter
288 2149 366 2209 potest
381 2144 482 2204 mutari,
499 2142 603 2193 debono
620 2142 646 2192 in
664 2144 777 2208 maium,
794 2150 836 2195 aut
850 2144 907 2194 tou·

116 2230 190 2279 uerso,
208 2217 244 2267 rol
256 2216 352 2266 debono
364 2216 389 2266 in
399 2216 490 2275 matins,
500 2218 539 2265 aut
547 2214 576 2265 da
585 2214 646 2264 malo
658 2214 684 2264 in
696 2216 781 2281 pejus.
795 2218 908 2276 linteam

117 2290 191 2339 stolus
201 2288 257 2339 dicit
271 2288 354 2345 fleur„
368 2288 398 2337 IX
406 2287 487 2353 ‚tquod
503 2303 519 2334 u
533 2285 666 2336 hominihus
682 2291 803 2337 statutum
812 2292 851 2339 ost
860 2282 911 2338 senei

117 2360 184 2419 mori,
192 2364 243 2424 post
256 2361 300 2411 hoo
313 2363 390 2410 auten
404 2359 528 2422 judicium.
541 2357 694 2407 »Sciendum
705 2362 791 2409 tamon
805 2360 865 2424 qnod
873 2353 914 2405 ortt

117 2445 158 2495 per
175 2435 270 2482 mortem
281 2432 327 2482 uita
338 2432 439 2482 hominio
455 2430 586 2494 temporalis
600 2429 741 2479 terminetur
752 2431 880 2481 secundum
888 2440 914 2484 se.

117 2507 219 2554 remanet
241 2508 316 2554 tamen
335 2516 363 2553 ex
383 2502 465 2553 tuturis
483 2502 610 2553 secundum
625 2500 681 2563 quio
704 2502 847 2566 dependens
860 2518 867 2551 t
879 2513 915 2548 uno

118 2574 209 2638 quidam
224 2577 298 2635 modo,
314 2574 438 2626 secundnm
451 2574 512 2638 quod
521 2574 595 2623 adnuo
605 2572 665 2621 vivit
674 2572 699 2621 iu
716 2576 841 2624 memoriis
853 2573 915 2624 homi-

117 2658 189 2707 num,
209 2646 233 2694 in
250 2647 332 2709 uiribus
350 2646 485 2712 quandoque
501 2647 580 2696 contra
597 2644 718 2694 raritatem
738 2651 847 2696 remanet
860 2646 914 2694 born

117 2713 184 2764 iamae
202 2717 238 2765 val
251 2718 324 2766 malm.
341 2716 390 2766 Alio
404 2717 486 2779 modo,
501 2717 525 2768 in
537 2714 607 2778 filiis,
621 2715 662 2779 qui
679 2718 735 2765 sunt
749 2718 819 2779 quasi
841 2714 914 2777 aliquit

117 2782 204 2845 patris,
218 2787 343 2835 secuudum
363 2786 418 2837 iltuo
433 2787 538 2841 Euclea..
555 2787 617 2837 XXX
634 2802 640 2835 :
657 2804 672 2834 o
688 2786 796 2836 Mortuus
809 2792 848 2837 est
861 2791 917 2849 pater

119 2851 183 2911 ejus,
199 2857 223 2903 ot
236 2856 302 2916 quasi
319 2870 365 2905 nou
386 2862 421 2906 ost
438 2861 557 2919 mortuns;
574 2857 675 2907 similem
689 2857 754 2907 euim
767 2858 862 2921 rettqrir
877 2856 915 2904 siti

116 2924 169 2980 nort
182 2935 247 2987 ειη»
263 2930 286 2976 et
301 2930 378 2978 tamen
393 2927 517 2977 multorum
535 2928 647 2980 bonorum
660 2932 715 2980 aunt
733 2928 791 2981 maii
804 2929 855 2991 ulii,
870 2925 916 2977 ott
