<?xml version="1.0" encoding="UTF-8"?>
<!DOCTYPE html PUBLIC "-//W3C//DTD XHTML 1.0 Transitional//EN"
    "http://www.w3.org/TR/xhtml1/DTD/xhtml1-transitional.dtd">
<html xmlns="http://www.w3.org/1999/xhtml" xml:lang="en" lang="en">
 <head>
  <title>
</title>
<meta http-equiv="Content-Type" content="text/html;charset=utf-8" />
  <meta name='ocr-system' content='tesseract 3.04.00' />
  <meta name='ocr-capabilities' content='ocr_page ocr_carea ocr_par ocr_line ocrx_word'/>
</head>
<body>
  <div class='ocr_page' id='page_1' title='image "./summatheologica02nicogoog_0250.png"; bbox 0 0 1917 3317; ppageno 0'>
   <div class='ocr_carea' id='block_1_1' title="bbox 176 112 807 209">
    <p class='ocr_par' dir='ltr' id='par_1_1' title="bbox 176 112 807 209">
     <span class='ocr_line' id='line_1_1' title="bbox 176 112 807 209; baseline -0.038 0"><span class='ocrx_word' id='word_1_1' title='bbox 176 172 201 209; x_wconf 85' lang='lat' dir='ltr'><strong>ns</strong></span> <span class='ocrx_word' id='word_1_2' title='bbox 214 168 278 208; x_wconf 74' lang='lat' dir='ltr'><strong>sono</strong></span> <span class='ocrx_word' id='word_1_3' title='bbox 294 162 393 207; x_wconf 80' lang='lat' dir='ltr'><strong>usiosis</strong></span> <span class='ocrx_word' id='word_1_4' title='bbox 408 160 482 203; x_wconf 80' lang='lat' dir='ltr'><strong>raam</strong></span> <span class='ocrx_word' id='word_1_5' title='bbox 499 141 648 197; x_wconf 71' lang='lat' dir='ltr'><strong>munerans·</strong></span> <span class='ocrx_word' id='word_1_6' title='bbox 714 112 718 127; x_wconf 57' lang='lat'>⁸</span> <span class='ocrx_word' id='word_1_7' title='bbox 760 137 807 186; x_wconf 75' lang='lat' dir='ltr'><strong>att</strong></span> 
     </span>
    </p>
   </div>
   <div class='ocr_carea' id='block_1_2' title="bbox 58 226 810 379">
    <p class='ocr_par' dir='ltr' id='par_1_2' title="bbox 58 226 810 379">
     <span class='ocr_line' id='line_1_2' title="bbox 60 226 810 311; baseline -0.025 -19"><span class='ocrx_word' id='word_1_8' title='bbox 60 245 101 293; x_wconf 83' lang='lat' dir='ltr'><strong>ritu</strong></span> <span class='ocrx_word' id='word_1_9' title='bbox 109 246 202 297; x_wconf 75' lang='lat' dir='ltr'><strong>mundum</strong></span> <span class='ocrx_word' id='word_1_10' title='bbox 210 247 267 311; x_wconf 81' lang='lat' dir='ltr'><strong>qnod</strong></span> <span class='ocrx_word' id='word_1_11' title='bbox 280 247 316 295; x_wconf 89' lang='lat' dir='ltr'><strong>est</strong></span> <span class='ocrx_word' id='word_1_12' title='bbox 328 240 428 293; x_wconf 79' lang='lat' dir='ltr'>essentia</span> <span class='ocrx_word' id='word_1_13' title='bbox 439 233 645 302; x_wconf 75' lang='lat' dir='ltr'><strong>quadam3earlem</strong></span> <span class='ocrx_word' id='word_1_14' title='bbox 655 227 712 279; x_wconf 78' lang='lat' dir='ltr'><strong>verb</strong></span> <span class='ocrx_word' id='word_1_15' title='bbox 725 226 810 276; x_wconf 83' lang='lat' dir='ltr'><strong>dieitur</strong></span> 
     </span>
     <span class='ocr_line' id='line_1_3' title="bbox 58 297 809 379; baseline -0.021 -18"><span class='ocrx_word' id='word_1_16' title='bbox 58 320 174 378; x_wconf 68' lang='lat' dir='ltr'><strong>‚suppositum</strong></span> <span class='ocrx_word' id='word_1_17' title='bbox 186 320 303 369; x_wconf 67' lang='lat' dir='ltr'><strong>erundum</strong></span> <span class='ocrx_word' id='word_1_18' title='bbox 320 315 381 379; x_wconf 78' lang='lat' dir='ltr'><strong>quorl</strong></span> <span class='ocrx_word' id='word_1_19' title='bbox 392 314 428 363; x_wconf 90' lang='lat' dir='ltr'><strong>est</strong></span> <span class='ocrx_word' id='word_1_20' title='bbox 442 308 579 360; x_wconf 69' lang='lat' dir='ltr'><strong>subsistens.</strong></span> <span class='ocrx_word' id='word_1_21' title='bbox 594 305 623 353; x_wconf 82' lang='lat' dir='ltr'><strong>Et</strong></span> <span class='ocrx_word' id='word_1_22' title='bbox 636 301 696 365; x_wconf 82' lang='lat' dir='ltr'><strong>qnod</strong></span> <span class='ocrx_word' id='word_1_23' title='bbox 710 303 745 349; x_wconf 85' lang='lat' dir='ltr'><strong>est</strong></span> <span class='ocrx_word' id='word_1_24' title='bbox 759 297 809 348; x_wconf 86' lang='lat' dir='ltr'><strong>dio·</strong></span> 
     </span>
    </p>
   </div>
   <div class='ocr_carea' id='block_1_3' title="bbox 60 374 921 455">
    <p class='ocr_par' dir='ltr' id='par_1_3' title="bbox 60 374 921 455">
     <span class='ocr_line' id='line_1_4' title="bbox 60 374 921 455; baseline -0.022 -23"><span class='ocrx_word' id='word_1_25' title='bbox 60 390 92 435; x_wconf 85' lang='lat' dir='ltr'><strong>turo</strong></span> <span class='ocrx_word' id='word_1_26' title='bbox 100 386 414 455; x_wconf 78' lang='lat' dir='ltr'><strong>lesupposito,intelligsndnm</strong></span> <span class='ocrx_word' id='word_1_27' title='bbox 425 386 460 431; x_wconf 88' lang='lat' dir='ltr'><strong>esl</strong></span> <span class='ocrx_word' id='word_1_28' title='bbox 473 381 501 431; x_wconf 86' lang='lat' dir='ltr'><strong>de</strong></span> <span class='ocrx_word' id='word_1_29' title='bbox 510 388 606 442; x_wconf 90' lang='lat' dir='ltr'><strong>persona</strong></span> <span class='ocrx_word' id='word_1_30' title='bbox 617 374 643 424; x_wconf 93' lang='lat' dir='ltr'><strong>in</strong></span> <span class='ocrx_word' id='word_1_31' title='bbox 654 377 757 422; x_wconf 85' lang='lat' dir='ltr'><strong>ereatura</strong></span> <span class='ocrx_word' id='word_1_32' title='bbox 772 381 811 419; x_wconf 87' lang='lat' dir='ltr'><strong>ra·</strong></span> <span class='ocrx_word' id='word_1_33' title='bbox 834 379 843 400; x_wconf 56' lang='lat' dir='ltr'><strong>r</strong></span> <span class='ocrx_word' id='word_1_34' title='bbox 919 377 921 398; x_wconf 82' lang='lat'><strong>¹</strong></span> 
     </span>
    </p>
   </div>
   <div class='ocr_carea' id='block_1_4' title="bbox 60 451 805 521">
    <p class='ocr_par' dir='ltr' id='par_1_4' title="bbox 60 451 805 521">
     <span class='ocr_line' id='line_1_5' title="bbox 60 451 805 521; baseline -0.015 -17"><span class='ocrx_word' id='word_1_35' title='bbox 60 457 112 508; x_wconf 83' lang='lat' dir='ltr'><strong>tinnuli</strong></span> <span class='ocrx_word' id='word_1_36' title='bbox 123 462 150 511; x_wconf 86' lang='lat' dir='ltr'><strong>rel</strong></span> <span class='ocrx_word' id='word_1_37' title='bbox 165 460 314 521; x_wconf 74' lang='lat' dir='ltr'><strong>intellectuali,</strong></span> <span class='ocrx_word' id='word_1_38' title='bbox 333 456 387 521; x_wconf 84' lang='lat' dir='ltr'><strong>quia</strong></span> <span class='ocrx_word' id='word_1_39' title='bbox 401 454 458 504; x_wconf 87' lang='lat' dir='ltr'><strong>nihil</strong></span> <span class='ocrx_word' id='word_1_40' title='bbox 476 451 536 501; x_wconf 85' lang='lat' dir='ltr'><strong>aliurl</strong></span> <span class='ocrx_word' id='word_1_41' title='bbox 550 451 586 499; x_wconf 89' lang='lat' dir='ltr'><strong>est</strong></span> <span class='ocrx_word' id='word_1_42' title='bbox 605 457 717 510; x_wconf 86' lang='lat' dir='ltr'><strong>persona,</strong></span> <span class='ocrx_word' id='word_1_43' title='bbox 734 453 805 505; x_wconf 67' lang='lat' dir='ltr'><strong>mam</strong></span> 
     </span>
    </p>
   </div>
   <div class='ocr_carea' id='block_1_5' title="bbox 61 513 910 583">
    <p class='ocr_par' dir='ltr' id='par_1_5' title="bbox 61 513 910 583">
     <span class='ocr_line' id='line_1_6' title="bbox 61 513 910 583; baseline -0.025 -7"><span class='ocrx_word' id='word_1_44' title='bbox 61 532 158 581; x_wconf 70' lang='lat' dir='ltr'><strong>irrationalis</strong></span> <span class='ocrx_word' id='word_1_45' title='bbox 166 536 243 583; x_wconf 79' lang='lat' dir='ltr'><strong>nature</strong></span> <span class='ocrx_word' id='word_1_46' title='bbox 254 530 372 580; x_wconf 86' lang='lat' dir='ltr'><strong>individua</strong></span> <span class='ocrx_word' id='word_1_47' title='bbox 384 522 523 581; x_wconf 87' lang='lat' dir='ltr'><strong>substantia,</strong></span> <span class='ocrx_word' id='word_1_48' title='bbox 537 518 688 569; x_wconf 82' lang='lat' dir='ltr'><strong>»seeundum</strong></span> <span class='ocrx_word' id='word_1_49' title='bbox 704 513 810 563; x_wconf 83' lang='lat' dir='ltr'><strong>Boetiuur</strong></span> <span class='ocrx_word' id='word_1_50' title='bbox 907 524 910 529; x_wconf 96' lang='lat'>·</span> 
     </span>
    </p>
   </div>
   <div class='ocr_carea' id='block_1_6' title="bbox 51 584 890 2811">
    <p class='ocr_par' dir='ltr' id='par_1_6' title="bbox 59 584 811 668">
     <span class='ocr_line' id='line_1_7' title="bbox 59 584 811 668; baseline -0.043 -5"><span class='ocrx_word' id='word_1_51' title='bbox 59 604 252 668; x_wconf 66' lang='lat' dir='ltr'><strong>llll-linneigitnr</strong></span> <span class='ocrx_word' id='word_1_52' title='bbox 267 602 328 667; x_wconf 86' lang='lat' dir='ltr'><strong>quod</strong></span> <span class='ocrx_word' id='word_1_53' title='bbox 338 601 397 650; x_wconf 87' lang='lat' dir='ltr'><strong>inest</strong></span> <span class='ocrx_word' id='word_1_54' title='bbox 414 596 482 647; x_wconf 87' lang='lat' dir='ltr'><strong>alieni</strong></span> <span class='ocrx_word' id='word_1_55' title='bbox 494 604 611 658; x_wconf 85' lang='lat' dir='ltr'><strong>personae,</strong></span> <span class='ocrx_word' id='word_1_56' title='bbox 629 588 680 639; x_wconf 82' lang='lat' dir='ltr'><strong>sire</strong></span> <span class='ocrx_word' id='word_1_57' title='bbox 695 584 811 649; x_wconf 77' lang='lat' dir='ltr'>pertineat</span> 
     </span>
    </p>

    <p class='ocr_par' dir='ltr' id='par_1_7' title="bbox 60 644 810 741">
     <span class='ocr_line' id='line_1_8' title="bbox 60 644 810 741; baseline -0.024 -22"><span class='ocrx_word' id='word_1_58' title='bbox 60 673 81 719; x_wconf 89' lang='lat' dir='ltr'><strong>al</strong></span> <span class='ocrx_word' id='word_1_59' title='bbox 92 678 161 726; x_wconf 83' lang='lat' dir='ltr'><strong>ratmn</strong></span> <span class='ocrx_word' id='word_1_60' title='bbox 172 677 225 741; x_wconf 69' lang='lat' dir='ltr'><strong>eins,</strong></span> <span class='ocrx_word' id='word_1_61' title='bbox 240 675 290 725; x_wconf 83' lang='lat' dir='ltr'><strong>siue</strong></span> <span class='ocrx_word' id='word_1_62' title='bbox 298 686 359 733; x_wconf 87' lang='lat' dir='ltr'><strong>non,</strong></span> <span class='ocrx_word' id='word_1_63' title='bbox 372 670 451 719; x_wconf 90' lang='lat' dir='ltr'><strong>unitur</strong></span> <span class='ocrx_word' id='word_1_64' title='bbox 460 668 483 717; x_wconf 91' lang='lat' dir='ltr'><strong>el</strong></span> <span class='ocrx_word' id='word_1_65' title='bbox 495 666 521 715; x_wconf 89' lang='lat' dir='ltr'><strong>lu</strong></span> <span class='ocrx_word' id='word_1_66' title='bbox 533 673 640 727; x_wconf 88' lang='lat' dir='ltr'><strong>persona.</strong></span> <span class='ocrx_word' id='word_1_67' title='bbox 655 658 681 707; x_wconf 85' lang='lat' dir='ltr'><strong>Si</strong></span> <span class='ocrx_word' id='word_1_68' title='bbox 694 644 810 718; x_wconf 78' lang='lat' dir='ltr'><strong>ergo‘bu-</strong></span> 
     </span>
    </p>

    <p class='ocr_par' dir='ltr' id='par_1_8' title="bbox 61 725 811 823">
     <span class='ocr_line' id='line_1_9' title="bbox 61 725 811 823; baseline -0.024 -30"><span class='ocrx_word' id='word_1_69' title='bbox 61 757 107 823; x_wconf 75' lang='lat' dir='ltr'><strong>uuna</strong></span> <span class='ocrx_word' id='word_1_70' title='bbox 119 754 176 799; x_wconf 89' lang='lat' dir='ltr'><strong>mtnra</strong></span> <span class='ocrx_word' id='word_1_71' title='bbox 188 749 256 799; x_wconf 84' lang='lat' dir='ltr'><strong>Verbo</strong></span> <span class='ocrx_word' id='word_1_72' title='bbox 271 745 314 795; x_wconf 82' lang='lat' dir='ltr'><strong>liei</strong></span> <span class='ocrx_word' id='word_1_73' title='bbox 327 756 373 794; x_wconf 91' lang='lat' dir='ltr'><strong>non</strong></span> <span class='ocrx_word' id='word_1_74' title='bbox 387 741 465 791; x_wconf 90' lang='lat' dir='ltr'><strong>unitur</strong></span> <span class='ocrx_word' id='word_1_75' title='bbox 477 739 503 789; x_wconf 89' lang='lat' dir='ltr'><strong>in</strong></span> <span class='ocrx_word' id='word_1_76' title='bbox 514 747 621 801; x_wconf 90' lang='lat' dir='ltr'><strong>persona,</strong></span> <span class='ocrx_word' id='word_1_77' title='bbox 631 731 695 782; x_wconf 91' lang='lat' dir='ltr'><strong>nullo</strong></span> <span class='ocrx_word' id='word_1_78' title='bbox 706 728 774 778; x_wconf 89' lang='lat' dir='ltr'><strong>modo</strong></span> <span class='ocrx_word' id='word_1_79' title='bbox 787 725 811 776; x_wconf 91' lang='lat' dir='ltr'><strong>ei</strong></span> 
     </span>
    </p>

    <p class='ocr_par' dir='ltr' id='par_1_9' title="bbox 53 799 837 1169">
     <span class='ocr_line' id='line_1_10' title="bbox 60 799 814 871; baseline -0.02 -10"><span class='ocrx_word' id='word_1_80' title='bbox 60 823 113 866; x_wconf 89' lang='lat' dir='ltr'><strong>lllillll</strong></span> <span class='ocrx_word' id='word_1_81' title='bbox 124 823 155 869; x_wconf 90' lang='lat' dir='ltr'><strong>:et</strong></span> <span class='ocrx_word' id='word_1_82' title='bbox 170 820 199 871; x_wconf 85' lang='lat' dir='ltr'><strong>sio</strong></span> <span class='ocrx_word' id='word_1_83' title='bbox 215 819 315 871; x_wconf 85' lang='lat' dir='ltr'><strong>totaliter</strong></span> <span class='ocrx_word' id='word_1_84' title='bbox 327 814 416 865; x_wconf 90' lang='lat' dir='ltr'><strong>tollitur</strong></span> <span class='ocrx_word' id='word_1_85' title='bbox 430 806 594 861; x_wconf 74' lang='lat' dir='ltr'><strong>incarnationis</strong></span> <span class='ocrx_word' id='word_1_86' title='bbox 610 803 685 862; x_wconf 86' lang='lat' dir='ltr'><strong>lidos,</strong></span> <span class='ocrx_word' id='word_1_87' title='bbox 700 800 761 863; x_wconf 85' lang='lat' dir='ltr'><strong>quod</strong></span> <span class='ocrx_word' id='word_1_88' title='bbox 777 799 814 848; x_wconf 85' lang='lat' dir='ltr'><strong>est</strong></span> 
     </span>
     <span class='ocr_line' id='line_1_11' title="bbox 58 870 813 943; baseline -0.017 -10"><span class='ocrx_word' id='word_1_89' title='bbox 58 889 133 943; x_wconf 82' lang='lat' dir='ltr'><strong>subruere</strong></span> <span class='ocrx_word' id='word_1_90' title='bbox 146 898 204 943; x_wconf 75' lang='lat' dir='ltr'><strong>utam</strong></span> <span class='ocrx_word' id='word_1_91' title='bbox 217 893 284 942; x_wconf 89' lang='lat' dir='ltr'><strong>lidem</strong></span> <span class='ocrx_word' id='word_1_92' title='bbox 301 887 462 940; x_wconf 85' lang='lat' dir='ltr'><strong>Christianam.</strong></span> <span class='ocrx_word' id='word_1_93' title='bbox 478 880 534 940; x_wconf 83' lang='lat' dir='ltr'><strong>Quia</strong></span> <span class='ocrx_word' id='word_1_94' title='bbox 556 890 609 941; x_wconf 86' lang='lat' dir='ltr'><strong>ergo</strong></span> <span class='ocrx_word' id='word_1_95' title='bbox 622 873 722 924; x_wconf 83' lang='lat' dir='ltr'>Verbum</span> <span class='ocrx_word' id='word_1_96' title='bbox 743 870 813 920; x_wconf 87' lang='lat' dir='ltr'><strong>hebet</strong></span> 
     </span>
     <span class='ocr_line' id='line_1_12' title="bbox 56 944 814 1038; baseline -0.033 -26"><span class='ocrx_word' id='word_1_97' title='bbox 56 965 127 1038; x_wconf 62' lang='lat' dir='ltr'><strong>lituum</strong></span> <span class='ocrx_word' id='word_1_98' title='bbox 138 966 246 1014; x_wconf 78' lang='lat' dir='ltr'><strong>humanam</strong></span> <span class='ocrx_word' id='word_1_99' title='bbox 260 961 305 1011; x_wconf 90' lang='lat' dir='ltr'><strong>sibi</strong></span> <span class='ocrx_word' id='word_1_100' title='bbox 317 958 419 1018; x_wconf 88' lang='lat' dir='ltr'><strong>unitam,</strong></span> <span class='ocrx_word' id='word_1_101' title='bbox 437 966 483 1004; x_wconf 93' lang='lat' dir='ltr'><strong>non</strong></span> <span class='ocrx_word' id='word_1_102' title='bbox 495 955 571 1002; x_wconf 90' lang='lat' dir='ltr'><strong>autem</strong></span> <span class='ocrx_word' id='word_1_103' title='bbox 582 948 611 997; x_wconf 86' lang='lat' dir='ltr'><strong>ad</strong></span> <span class='ocrx_word' id='word_1_104' title='bbox 624 958 690 996; x_wconf 85' lang='lat' dir='ltr'><strong>suam</strong></span> <span class='ocrx_word' id='word_1_105' title='bbox 708 944 814 992; x_wconf 90' lang='lat' dir='ltr'><strong>naturam</strong></span> 
     </span>
     <span class='ocr_line' id='line_1_13' title="bbox 53 1010 837 1109; baseline -0.027 -29"><span class='ocrx_word' id='word_1_106' title='bbox 53 1031 127 1109; x_wconf 70' lang='lat' dir='ltr'><strong>lisinam</strong></span> <span class='ocrx_word' id='word_1_107' title='bbox 141 1036 280 1100; x_wconf 76' lang='lat' dir='ltr'><strong>pertinentem</strong></span> <span class='ocrx_word' id='word_1_108' title='bbox 290 1071 297 1094; x_wconf 86' lang='grc'>,</span> <span class='ocrx_word' id='word_1_109' title='bbox 308 1039 450 1091; x_wconf 82' lang='lat' dir='ltr'><strong>consequeus</strong></span> <span class='ocrx_word' id='word_1_110' title='bbox 468 1028 504 1074; x_wconf 88' lang='lat' dir='ltr'><strong>est</strong></span> <span class='ocrx_word' id='word_1_111' title='bbox 520 1019 582 1085; x_wconf 80' lang='lat' dir='ltr'><strong>quod</strong></span> <span class='ocrx_word' id='word_1_112' title='bbox 599 1017 656 1069; x_wconf 87' lang='lat' dir='ltr'><strong>nnio</strong></span> <span class='ocrx_word' id='word_1_113' title='bbox 670 1014 700 1065; x_wconf 90' lang='lat' dir='ltr'><strong>sil</strong></span> <span class='ocrx_word' id='word_1_114' title='bbox 715 1014 777 1064; x_wconf 87' lang='lat' dir='ltr'><strong>lauta</strong></span> <span class='ocrx_word' id='word_1_115' title='bbox 789 1010 815 1060; x_wconf 88' lang='lat' dir='ltr'><strong>in</strong></span> <span class='ocrx_word' id='word_1_116' title='bbox 832 1052 837 1061; x_wconf 88' lang='lat'>.</span> 
     </span>
     <span class='ocr_line' id='line_1_14' title="bbox 54 1100 489 1169; baseline -0.016 -19"><span class='ocrx_word' id='word_1_117' title='bbox 54 1102 199 1169; x_wconf 76' lang='lat' dir='ltr'><strong>lobiensem,</strong></span> <span class='ocrx_word' id='word_1_118' title='bbox 212 1107 349 1157; x_wconf 87' lang='lat' dir='ltr'><strong>nouantem</strong></span> <span class='ocrx_word' id='word_1_119' title='bbox 363 1100 388 1149; x_wconf 91' lang='lat' dir='ltr'><strong>in</strong></span> <span class='ocrx_word' id='word_1_120' title='bbox 398 1100 489 1148; x_wconf 86' lang='lat' dir='ltr'><strong>natura.</strong></span> 
     </span>
    </p>

    <p class='ocr_par' dir='ltr' id='par_1_10' title="bbox 52 1152 820 1744">
     <span class='ocr_line' id='line_1_15' title="bbox 75 1152 816 1242; baseline -0.04 -11"><span class='ocrx_word' id='word_1_121' title='bbox 75 1177 99 1225; x_wconf 85' lang='lat' dir='ltr'><strong>ld</strong></span> <span class='ocrx_word' id='word_1_122' title='bbox 108 1180 187 1241; x_wconf 75' lang='lat' dir='ltr'><strong>pinum</strong></span> <span class='ocrx_word' id='word_1_123' title='bbox 203 1192 255 1242; x_wconf 83' lang='lat' dir='ltr'><strong>ergo</strong></span> <span class='ocrx_word' id='word_1_124' title='bbox 265 1173 402 1232; x_wconf 83' lang='lat' dir='ltr'><strong>dicendum,</strong></span> <span class='ocrx_word' id='word_1_125' title='bbox 412 1168 473 1233; x_wconf 81' lang='lat' dir='ltr'><strong>pund</strong></span> <span class='ocrx_word' id='word_1_126' title='bbox 489 1166 544 1216; x_wconf 81' lang='lat' dir='ltr'><strong>lieet</strong></span> <span class='ocrx_word' id='word_1_127' title='bbox 554 1164 579 1213; x_wconf 88' lang='lat' dir='ltr'><strong>in</strong></span> <span class='ocrx_word' id='word_1_128' title='bbox 589 1163 637 1212; x_wconf 79' lang='lat' dir='ltr'><strong>lieo</strong></span> <span class='ocrx_word' id='word_1_129' title='bbox 650 1170 697 1209; x_wconf 90' lang='lat' dir='ltr'><strong>uon</strong></span> <span class='ocrx_word' id='word_1_130' title='bbox 712 1156 743 1206; x_wconf 86' lang='lat' dir='ltr'><strong>sit</strong></span> <span class='ocrx_word' id='word_1_131' title='bbox 752 1152 816 1204; x_wconf 80' lang='lat' dir='ltr'><strong>alind</strong></span> 
     </span>
     <span class='ocr_line' id='line_1_16' title="bbox 52 1226 816 1308; baseline -0.026 -15"><span class='ocrx_word' id='word_1_132' title='bbox 52 1250 143 1300; x_wconf 70' lang='lat' dir='ltr'><strong>secundum</strong></span> <span class='ocrx_word' id='word_1_133' title='bbox 158 1266 200 1302; x_wconf 85' lang='lat' dir='ltr'><strong>rem</strong></span> <span class='ocrx_word' id='word_1_134' title='bbox 216 1254 313 1300; x_wconf 81' lang='lat' dir='ltr'><strong>notura</strong></span> <span class='ocrx_word' id='word_1_135' title='bbox 328 1249 353 1295; x_wconf 87' lang='lat' dir='ltr'><strong>et</strong></span> <span class='ocrx_word' id='word_1_136' title='bbox 367 1256 480 1308; x_wconf 83' lang='lat' dir='ltr'><strong>persono,</strong></span> <span class='ocrx_word' id='word_1_137' title='bbox 497 1237 575 1287; x_wconf 88' lang='lat' dir='ltr'><strong>diliert</strong></span> <span class='ocrx_word' id='word_1_138' title='bbox 589 1236 668 1282; x_wconf 88' lang='lat' dir='ltr'><strong>tamen</strong></span> <span class='ocrx_word' id='word_1_139' title='bbox 689 1226 816 1279; x_wconf 88' lang='lat' dir='ltr'><strong>seeundum</strong></span> 
     </span>
     <span class='ocr_line' id='line_1_17' title="bbox 55 1297 818 1387; baseline -0.024 -25"><span class='ocrx_word' id='word_1_140' title='bbox 55 1319 119 1367; x_wconf 77' lang='lat' dir='ltr'><strong>rnolum</strong></span> <span class='ocrx_word' id='word_1_141' title='bbox 129 1322 257 1387; x_wconf 79' lang='lat' dir='ltr'><strong>significandi</strong></span> <span class='ocrx_word' id='word_1_142' title='bbox 271 1318 344 1385; x_wconf 85' lang='lat' dir='ltr'><strong>(siout</strong></span> <span class='ocrx_word' id='word_1_143' title='bbox 353 1316 437 1366; x_wconf 86' lang='lat' dir='ltr'><strong>dietum</strong></span> <span class='ocrx_word' id='word_1_144' title='bbox 448 1312 506 1373; x_wconf 72' lang='lat' dir='ltr'><strong>est),</strong></span> <span class='ocrx_word' id='word_1_145' title='bbox 519 1307 574 1371; x_wconf 88' lang='lat' dir='ltr'><strong>quia</strong></span> <span class='ocrx_word' id='word_1_146' title='bbox 587 1316 694 1369; x_wconf 82' lang='lat' dir='ltr'><strong>persona</strong></span> <span class='ocrx_word' id='word_1_147' title='bbox 704 1297 818 1361; x_wconf 82' lang='lat' dir='ltr'><strong>signifieat</strong></span> 
     </span>
     <span class='ocr_line' id='line_1_18' title="bbox 56 1369 819 1469; baseline -0.045 -20"><span class='ocrx_word' id='word_1_148' title='bbox 56 1402 84 1469; x_wconf 54' lang='lat' dir='ltr'><strong>iuer</strong></span> <span class='ocrx_word' id='word_1_149' title='bbox 95 1394 162 1444; x_wconf 83' lang='lat' dir='ltr'><strong>rnoluu</strong></span> <span class='ocrx_word' id='word_1_150' title='bbox 181 1390 336 1445; x_wconf 85' lang='lat' dir='ltr'><strong>subsistentis.</strong></span> <span class='ocrx_word' id='word_1_151' title='bbox 354 1389 383 1438; x_wconf 76' lang='lat' dir='ltr'><strong>lit</strong></span> <span class='ocrx_word' id='word_1_152' title='bbox 401 1384 454 1449; x_wconf 85' lang='lat' dir='ltr'><strong>qula</strong></span> <span class='ocrx_word' id='word_1_153' title='bbox 471 1385 553 1433; x_wconf 87' lang='lat' dir='ltr'><strong>natura</strong></span> <span class='ocrx_word' id='word_1_154' title='bbox 570 1378 672 1427; x_wconf 86' lang='lat' dir='ltr'><strong>hnmana</strong></span> <span class='ocrx_word' id='word_1_155' title='bbox 690 1371 724 1421; x_wconf 87' lang='lat' dir='ltr'><strong>sie</strong></span> <span class='ocrx_word' id='word_1_156' title='bbox 738 1369 819 1418; x_wconf 84' lang='lat' dir='ltr'><strong>unitm</strong></span> 
     </span>
     <span class='ocr_line' id='line_1_19' title="bbox 57 1438 820 1519; baseline -0.028 -12"><span class='ocrx_word' id='word_1_157' title='bbox 57 1460 108 1511; x_wconf 79' lang='lat' dir='ltr'><strong>lesbo</strong></span> <span class='ocrx_word' id='word_1_158' title='bbox 117 1467 232 1517; x_wconf 87' lang='lat' dir='ltr'><strong>utilerbum</strong></span> <span class='ocrx_word' id='word_1_159' title='bbox 246 1465 272 1513; x_wconf 92' lang='lat' dir='ltr'><strong>in</strong></span> <span class='ocrx_word' id='word_1_160' title='bbox 283 1475 311 1513; x_wconf 90' lang='lat' dir='ltr'><strong>ea</strong></span> <span class='ocrx_word' id='word_1_161' title='bbox 327 1458 436 1511; x_wconf 89' lang='lat' dir='ltr'><strong>subsistat</strong></span> <span class='ocrx_word' id='word_1_162' title='bbox 440 1492 449 1519; x_wconf 89' lang='lat'><strong>,</strong></span> <span class='ocrx_word' id='word_1_163' title='bbox 461 1468 509 1505; x_wconf 93' lang='lat' dir='ltr'><strong>nun</strong></span> <span class='ocrx_word' id='word_1_164' title='bbox 521 1452 599 1501; x_wconf 87' lang='lat' dir='ltr'><strong>antem</strong></span> <span class='ocrx_word' id='word_1_165' title='bbox 612 1448 639 1495; x_wconf 88' lang='lat' dir='ltr'><strong>ut</strong></span> <span class='ocrx_word' id='word_1_166' title='bbox 651 1441 735 1506; x_wconf 85' lang='lat' dir='ltr'><strong>abquid</strong></span> <span class='ocrx_word' id='word_1_167' title='bbox 748 1438 820 1488; x_wconf 87' lang='lat' dir='ltr'><strong>adda·</strong></span> 
     </span>
     <span class='ocr_line' id='line_1_20' title="bbox 58 1510 819 1591; baseline -0.025 -13"><span class='ocrx_word' id='word_1_168' title='bbox 58 1541 83 1577; x_wconf 88' lang='lat' dir='ltr'><strong>ur</strong></span> <span class='ocrx_word' id='word_1_169' title='bbox 95 1534 108 1581; x_wconf 88' lang='lat' dir='ltr'><strong>ei</strong></span> <span class='ocrx_word' id='word_1_170' title='bbox 121 1537 143 1586; x_wconf 87' lang='lat' dir='ltr'><strong>al</strong></span> <span class='ocrx_word' id='word_1_171' title='bbox 159 1540 266 1589; x_wconf 87' lang='lat' dir='ltr'><strong>rationem</strong></span> <span class='ocrx_word' id='word_1_172' title='bbox 282 1546 330 1585; x_wconf 75' lang='lat' dir='ltr'><strong>sue</strong></span> <span class='ocrx_word' id='word_1_173' title='bbox 345 1535 449 1591; x_wconf 77' lang='lat' dir='ltr'><strong>naturae,</strong></span> <span class='ocrx_word' id='word_1_174' title='bbox 462 1526 501 1575; x_wconf 82' lang='lat' dir='ltr'><strong>uel</strong></span> <span class='ocrx_word' id='word_1_175' title='bbox 516 1526 543 1573; x_wconf 90' lang='lat' dir='ltr'><strong>nt</strong></span> <span class='ocrx_word' id='word_1_176' title='bbox 556 1521 608 1584; x_wconf 81' lang='lat' dir='ltr'><strong>ejus</strong></span> <span class='ocrx_word' id='word_1_177' title='bbox 625 1520 707 1567; x_wconf 88' lang='lat' dir='ltr'><strong>natura</strong></span> <span class='ocrx_word' id='word_1_178' title='bbox 719 1514 742 1561; x_wconf 94' lang='lat' dir='ltr'><strong>in</strong></span> <span class='ocrx_word' id='word_1_179' title='bbox 756 1510 819 1561; x_wconf 87' lang='lat' dir='ltr'><strong>aliud</strong></span> 
     </span>
     <span class='ocr_line' id='line_1_21' title="bbox 56 1582 820 1670; baseline -0.024 -22"><span class='ocrx_word' id='word_1_180' title='bbox 56 1605 185 1670; x_wconf 80' lang='lat' dir='ltr'><strong>transmutetur,</strong></span> <span class='ocrx_word' id='word_1_181' title='bbox 196 1610 248 1660; x_wconf 91' lang='lat' dir='ltr'><strong>ideo</strong></span> <span class='ocrx_word' id='word_1_182' title='bbox 260 1606 317 1658; x_wconf 90' lang='lat' dir='ltr'><strong>nnio</strong></span> <span class='ocrx_word' id='word_1_183' title='bbox 327 1605 434 1654; x_wconf 77' lang='lat' dir='ltr'><strong>humane</strong></span> <span class='ocrx_word' id='word_1_184' title='bbox 447 1601 534 1648; x_wconf 79' lang='lat' dir='ltr'><strong>natura</strong></span> <span class='ocrx_word' id='word_1_185' title='bbox 545 1589 684 1644; x_wconf 78' lang='lat' dir='ltr'><strong>adverbum</strong></span> <span class='ocrx_word' id='word_1_186' title='bbox 696 1583 751 1645; x_wconf 84' lang='lat' dir='ltr'><strong>liei,</strong></span> <span class='ocrx_word' id='word_1_187' title='bbox 759 1582 820 1632; x_wconf 86' lang='lat' dir='ltr'><strong>laeta</strong></span> 
     </span>
     <span class='ocr_line' id='line_1_22' title="bbox 53 1663 777 1744; baseline -0.018 -24"><span class='ocrx_word' id='word_1_188' title='bbox 53 1681 79 1722; x_wconf 78' lang='lat' dir='ltr'><strong>est</strong></span> <span class='ocrx_word' id='word_1_189' title='bbox 89 1677 105 1726; x_wconf 92' lang='lat' dir='ltr'><strong>in</strong></span> <span class='ocrx_word' id='word_1_190' title='bbox 116 1694 211 1744; x_wconf 79' lang='lat' dir='ltr'><strong>permna,</strong></span> <span class='ocrx_word' id='word_1_191' title='bbox 224 1692 271 1731; x_wconf 91' lang='lat' dir='ltr'><strong>non</strong></span> <span class='ocrx_word' id='word_1_192' title='bbox 281 1680 307 1728; x_wconf 89' lang='lat' dir='ltr'><strong>in</strong></span> <span class='ocrx_word' id='word_1_193' title='bbox 320 1678 410 1725; x_wconf 86' lang='lat' dir='ltr'><strong>nature.</strong></span> <span class='ocrx_word' id='word_1_194' title='bbox 775 1663 777 1672; x_wconf 89' lang='lat'>&#39;</span> 
     </span>
    </p>

    <p class='ocr_par' dir='ltr' id='par_1_11' title="bbox 51 1732 890 2605">
     <span class='ocr_line' id='line_1_23' title="bbox 74 1732 857 1808; baseline -0.046 -1"><span class='ocrx_word' id='word_1_195' title='bbox 74 1749 98 1797; x_wconf 83' lang='lat' dir='ltr'><strong>ll</strong></span> <span class='ocrx_word' id='word_1_196' title='bbox 111 1754 218 1803; x_wconf 80' lang='lat' dir='ltr'><strong>emulum</strong></span> <span class='ocrx_word' id='word_1_197' title='bbox 238 1749 377 1807; x_wconf 77' lang='lat' dir='ltr'><strong>dicendum,</strong></span> <span class='ocrx_word' id='word_1_198' title='bbox 390 1743 450 1808; x_wconf 86' lang='lat' dir='ltr'><strong>qubd</strong></span> <span class='ocrx_word' id='word_1_199' title='bbox 467 1735 618 1805; x_wconf 76' lang='lat' dir='ltr'><strong>personalitas</strong></span> <span class='ocrx_word' id='word_1_200' title='bbox 630 1732 656 1781; x_wconf 88' lang='lat' dir='ltr'><strong>in</strong></span> <span class='ocrx_word' id='word_1_201' title='bbox 668 1732 756 1780; x_wconf 87' lang='lat' dir='ltr'><strong>tuntum</strong></span> <span class='ocrx_word' id='word_1_202' title='bbox 769 1738 821 1789; x_wconf 86' lang='lat' dir='ltr'><strong>per-</strong></span> <span class='ocrx_word' id='word_1_203' title='bbox 854 1754 857 1758; x_wconf 35' lang='lat' dir='ltr'><em>f</em></span> 
     </span>
     <span class='ocr_line' id='line_1_24' title="bbox 51 1802 823 1888; baseline -0.026 -24"><span class='ocrx_word' id='word_1_204' title='bbox 51 1824 91 1869; x_wconf 81' lang='lat' dir='ltr'><strong>uret</strong></span> <span class='ocrx_word' id='word_1_205' title='bbox 103 1824 125 1872; x_wconf 86' lang='lat' dir='ltr'><strong>ed</strong></span> <span class='ocrx_word' id='word_1_206' title='bbox 136 1824 264 1888; x_wconf 71' lang='lat' dir='ltr'><strong>dlgmtmm</strong></span> <span class='ocrx_word' id='word_1_207' title='bbox 278 1819 376 1883; x_wconf 85' lang='lat' dir='ltr'><strong>alicujus</strong></span> <span class='ocrx_word' id='word_1_208' title='bbox 388 1816 421 1866; x_wconf 89' lang='lat' dir='ltr'><strong>rei</strong></span> <span class='ocrx_word' id='word_1_209' title='bbox 435 1817 457 1863; x_wconf 89' lang='lat' dir='ltr'><strong>et</strong></span> <span class='ocrx_word' id='word_1_210' title='bbox 470 1808 653 1875; x_wconf 77' lang='lat' dir='ltr'><strong>perfectionem,</strong></span> <span class='ocrx_word' id='word_1_211' title='bbox 671 1802 696 1850; x_wconf 93' lang='lat' dir='ltr'><strong>in</strong></span> <span class='ocrx_word' id='word_1_212' title='bbox 712 1804 823 1863; x_wconf 85' lang='lat' dir='ltr'><strong>quantum</strong></span> 
     </span>
     <span class='ocr_line' id='line_1_25' title="bbox 52 1867 824 1958; baseline -0.031 -19"><span class='ocrx_word' id='word_1_213' title='bbox 52 1894 69 1939; x_wconf 79' lang='lat' dir='ltr'><strong>sl</strong></span> <span class='ocrx_word' id='word_1_214' title='bbox 80 1894 189 1957; x_wconf 77' lang='lat' dir='ltr'><strong>lignitatem</strong></span> <span class='ocrx_word' id='word_1_215' title='bbox 203 1894 303 1958; x_wconf 77' lang='lat' dir='ltr'><strong>alieuius</strong></span> <span class='ocrx_word' id='word_1_216' title='bbox 316 1890 350 1940; x_wconf 91' lang='lat' dir='ltr'><strong>rei</strong></span> <span class='ocrx_word' id='word_1_217' title='bbox 364 1892 387 1939; x_wconf 89' lang='lat' dir='ltr'><strong>et</strong></span> <span class='ocrx_word' id='word_1_218' title='bbox 401 1883 564 1951; x_wconf 78' lang='lat' dir='ltr'><strong>perfectionem</strong></span> <span class='ocrx_word' id='word_1_219' title='bbox 580 1878 634 1942; x_wconf 88' lang='lat' dir='ltr'><strong>ejus</strong></span> <span class='ocrx_word' id='word_1_220' title='bbox 648 1871 749 1938; x_wconf 87' lang='lat' dir='ltr'><strong>pertinet</strong></span> <span class='ocrx_word' id='word_1_221' title='bbox 762 1867 824 1932; x_wconf 83' lang='lat' dir='ltr'><strong>qnbd</strong></span> 
     </span>
     <span class='ocr_line' id='line_1_26' title="bbox 54 1940 824 2031; baseline -0.043 -10"><span class='ocrx_word' id='word_1_222' title='bbox 54 1977 79 2021; x_wconf 54' lang='lat' dir='ltr'><strong>rur</strong></span> <span class='ocrx_word' id='word_1_223' title='bbox 91 1980 109 2017; x_wconf 86' lang='lat' dir='ltr'><strong>se</strong></span> <span class='ocrx_word' id='word_1_224' title='bbox 122 1968 211 2029; x_wconf 82' lang='lat' dir='ltr'><strong>existet,</strong></span> <span class='ocrx_word' id='word_1_225' title='bbox 226 1966 306 2031; x_wconf 88' lang='lat' dir='ltr'><strong>(quod</strong></span> <span class='ocrx_word' id='word_1_226' title='bbox 323 1963 348 2012; x_wconf 92' lang='lat' dir='ltr'><strong>in</strong></span> <span class='ocrx_word' id='word_1_227' title='bbox 371 1956 462 2009; x_wconf 89' lang='lat' dir='ltr'><strong>nomine</strong></span> <span class='ocrx_word' id='word_1_228' title='bbox 477 1966 588 2019; x_wconf 76' lang='lat' dir='ltr'><strong>persono</strong></span> <span class='ocrx_word' id='word_1_229' title='bbox 608 1943 769 2009; x_wconf 77' lang='lat' dir='ltr'><strong>intelligitur).</strong></span> <span class='ocrx_word' id='word_1_230' title='bbox 784 1940 824 1989; x_wconf 85' lang='lat' dir='ltr'><strong>bi·</strong></span> 
     </span>
     <span class='ocr_line' id='line_1_27' title="bbox 54 2010 826 2097; baseline -0.044 -4"><span class='ocrx_word' id='word_1_231' title='bbox 54 2039 98 2086; x_wconf 55' lang='lat' dir='ltr'><strong>illu</strong></span> <span class='ocrx_word' id='word_1_232' title='bbox 109 2045 174 2092; x_wconf 86' lang='lat' dir='ltr'><strong>autem</strong></span> <span class='ocrx_word' id='word_1_233' title='bbox 185 2042 223 2093; x_wconf 80' lang='lat' dir='ltr'><strong>est</strong></span> <span class='ocrx_word' id='word_1_234' title='bbox 230 2036 299 2089; x_wconf 87' lang='lat' dir='ltr'><strong>alieni</strong></span> <span class='ocrx_word' id='word_1_235' title='bbox 311 2032 374 2097; x_wconf 80' lang='lat' dir='ltr'><strong>quod</strong></span> <span class='ocrx_word' id='word_1_236' title='bbox 386 2028 469 2081; x_wconf 77' lang='lat' dir='ltr'><strong>existat</strong></span> <span class='ocrx_word' id='word_1_237' title='bbox 480 2027 505 2076; x_wconf 87' lang='lat' dir='ltr'><strong>in</strong></span> <span class='ocrx_word' id='word_1_238' title='bbox 516 2023 592 2085; x_wconf 88' lang='lat' dir='ltr'><strong>aliquo</strong></span> <span class='ocrx_word' id='word_1_239' title='bbox 604 2032 629 2070; x_wconf 88' lang='lat' dir='ltr'><strong>se</strong></span> <span class='ocrx_word' id='word_1_240' title='bbox 639 2015 746 2081; x_wconf 74' lang='lat' dir='ltr'><strong>digniori,</strong></span> <span class='ocrx_word' id='word_1_241' title='bbox 756 2010 826 2075; x_wconf 77' lang='lat' dir='ltr'><strong>qnam</strong></span> 
     </span>
     <span class='ocr_line' id='line_1_28' title="bbox 55 2083 827 2178; baseline -0.044 -13"><span class='ocrx_word' id='word_1_242' title='bbox 55 2112 92 2165; x_wconf 77' lang='lat' dir='ltr'><strong>¹lul</strong></span> <span class='ocrx_word' id='word_1_243' title='bbox 101 2114 173 2163; x_wconf 78' lang='lat' dir='ltr'><strong>existat</strong></span> <span class='ocrx_word' id='word_1_244' title='bbox 181 2126 221 2178; x_wconf 93' lang='lat' dir='ltr'><strong>per</strong></span> <span class='ocrx_word' id='word_1_245' title='bbox 231 2124 265 2162; x_wconf 85' lang='lat' dir='ltr'><strong>se.</strong></span> <span class='ocrx_word' id='word_1_246' title='bbox 277 2110 308 2158; x_wconf 78' lang='lat' dir='ltr'><strong>lit</strong></span> <span class='ocrx_word' id='word_1_247' title='bbox 318 2108 371 2157; x_wconf 84' lang='lat' dir='ltr'><strong>ideo</strong></span> <span class='ocrx_word' id='word_1_248' title='bbox 382 2115 411 2153; x_wconf 80' lang='lat' dir='ltr'><strong>ex</strong></span> <span class='ocrx_word' id='word_1_249' title='bbox 421 2102 465 2151; x_wconf 87' lang='lat' dir='ltr'><strong>hoe</strong></span> <span class='ocrx_word' id='word_1_250' title='bbox 477 2098 526 2162; x_wconf 92' lang='lat' dir='ltr'><strong>ipso</strong></span> <span class='ocrx_word' id='word_1_251' title='bbox 535 2095 725 2145; x_wconf 85' lang='lat' dir='ltr'><strong>bumauanatnra</strong></span> <span class='ocrx_word' id='word_1_252' title='bbox 736 2083 827 2147; x_wconf 81' lang='lat' dir='ltr'><strong>dignior</strong></span> 
     </span>
     <span class='ocr_line' id='line_1_29' title="bbox 56 2154 827 2249; baseline -0.029 -25"><span class='ocrx_word' id='word_1_253' title='bbox 56 2185 77 2226; x_wconf 75' lang='lat' dir='ltr'><strong>el</strong></span> <span class='ocrx_word' id='word_1_254' title='bbox 87 2183 103 2231; x_wconf 91' lang='lat' dir='ltr'><strong>in</strong></span> <span class='ocrx_word' id='word_1_255' title='bbox 111 2185 192 2235; x_wconf 80' lang='lat' dir='ltr'><strong>Christo</strong></span> <span class='ocrx_word' id='word_1_256' title='bbox 202 2182 271 2249; x_wconf 79' lang='lat' dir='ltr'><strong>quim</strong></span> <span class='ocrx_word' id='word_1_257' title='bbox 282 2181 307 2229; x_wconf 92' lang='lat' dir='ltr'><strong>in</strong></span> <span class='ocrx_word' id='word_1_258' title='bbox 319 2176 403 2236; x_wconf 89' lang='lat' dir='ltr'><strong>nobis,</strong></span> <span class='ocrx_word' id='word_1_259' title='bbox 416 2170 477 2235; x_wconf 86' lang='lat' dir='ltr'><strong>qubd</strong></span> <span class='ocrx_word' id='word_1_260' title='bbox 487 2170 511 2218; x_wconf 91' lang='lat' dir='ltr'><strong>iu</strong></span> <span class='ocrx_word' id='word_1_261' title='bbox 522 2167 587 2217; x_wconf 90' lang='lat' dir='ltr'><strong>nobis</strong></span> <span class='ocrx_word' id='word_1_262' title='bbox 598 2162 666 2228; x_wconf 83' lang='lat' dir='ltr'><strong>quasi</strong></span> <span class='ocrx_word' id='word_1_263' title='bbox 678 2170 755 2225; x_wconf 91' lang='lat' dir='ltr'><strong>perse</strong></span> <span class='ocrx_word' id='word_1_264' title='bbox 766 2154 827 2205; x_wconf 82' lang='lat' dir='ltr'><strong>exis·</strong></span> 
     </span>
     <span class='ocr_line' id='line_1_30' title="bbox 59 2224 829 2323; baseline -0.025 -30"><span class='ocrx_word' id='word_1_265' title='bbox 59 2257 89 2323; x_wconf 76' lang='lat' dir='ltr'><strong>urs</strong></span> <span class='ocrx_word' id='word_1_266' title='bbox 98 2256 198 2319; x_wconf 85' lang='lat' dir='ltr'><strong>propriam</strong></span> <span class='ocrx_word' id='word_1_267' title='bbox 216 2248 406 2319; x_wconf 82' lang='lat' dir='ltr'><strong>personalitatem</strong></span> <span class='ocrx_word' id='word_1_268' title='bbox 419 2241 502 2304; x_wconf 69' lang='lat' dir='ltr'><strong>babet,</strong></span> <span class='ocrx_word' id='word_1_269' title='bbox 516 2238 541 2287; x_wconf 92' lang='lat' dir='ltr'><strong>in</strong></span> <span class='ocrx_word' id='word_1_270' title='bbox 551 2236 642 2289; x_wconf 84' lang='lat' dir='ltr'><strong>Christo</strong></span> <span class='ocrx_word' id='word_1_271' title='bbox 653 2237 729 2282; x_wconf 86' lang='lat' dir='ltr'><strong>autem</strong></span> <span class='ocrx_word' id='word_1_272' title='bbox 749 2224 829 2278; x_wconf 77' lang='lat' dir='ltr'><strong>existit</strong></span> 
     </span>
     <span class='ocr_line' id='line_1_31' title="bbox 59 2300 829 2397; baseline -0.042 -19"><span class='ocrx_word' id='word_1_273' title='bbox 59 2332 73 2397; x_wconf 73' lang='lat' dir='ltr'><strong>lt</strong></span> <span class='ocrx_word' id='word_1_274' title='bbox 83 2338 157 2384; x_wconf 67' lang='lat' dir='ltr'><strong>struma</strong></span> <span class='ocrx_word' id='word_1_275' title='bbox 168 2325 243 2377; x_wconf 87' lang='lat' dir='ltr'><strong>Verbi.</strong></span> <span class='ocrx_word' id='word_1_276' title='bbox 256 2323 323 2373; x_wconf 86' lang='lat' dir='ltr'><strong>Siout</strong></span> <span class='ocrx_word' id='word_1_277' title='bbox 337 2316 408 2369; x_wconf 90' lang='lat' dir='ltr'><strong>etiam</strong></span> <span class='ocrx_word' id='word_1_278' title='bbox 427 2326 478 2363; x_wconf 85' lang='lat' dir='ltr'><strong>esse</strong></span> <span class='ocrx_word' id='word_1_279' title='bbox 491 2308 655 2373; x_wconf 79' lang='lat' dir='ltr'><strong>completivum</strong></span> <span class='ocrx_word' id='word_1_280' title='bbox 675 2300 761 2365; x_wconf 83' lang='lat' dir='ltr'><strong>speciei</strong></span> <span class='ocrx_word' id='word_1_281' title='bbox 775 2309 829 2361; x_wconf 74' lang='lat' dir='ltr'><strong>per·</strong></span> 
     </span>
     <span class='ocr_line' id='line_1_32' title="bbox 58 2369 890 2462; baseline -0.025 -26"><span class='ocrx_word' id='word_1_282' title='bbox 58 2396 95 2441; x_wconf 71' lang='lat' dir='ltr'><strong>lte</strong></span> <span class='ocrx_word' id='word_1_283' title='bbox 104 2399 125 2447; x_wconf 83' lang='lat' dir='ltr'><strong>ad</strong></span> <span class='ocrx_word' id='word_1_284' title='bbox 139 2398 269 2462; x_wconf 77' lang='lat' dir='ltr'><strong>lignitatem</strong></span> <span class='ocrx_word' id='word_1_285' title='bbox 281 2395 377 2453; x_wconf 71' lang='lat' dir='ltr'><strong>torma,</strong></span> <span class='ocrx_word' id='word_1_286' title='bbox 387 2392 467 2437; x_wconf 88' lang='lat' dir='ltr'><strong>tamen</strong></span> <span class='ocrx_word' id='word_1_287' title='bbox 480 2382 630 2433; x_wconf 68' lang='lat' dir='ltr'><strong>seruitiorum</strong></span> <span class='ocrx_word' id='word_1_288' title='bbox 642 2374 741 2426; x_wconf 88' lang='lat' dir='ltr'><strong>nobilius</strong></span> <span class='ocrx_word' id='word_1_289' title='bbox 754 2373 791 2421; x_wconf 87' lang='lat' dir='ltr'><strong>est</strong></span> <span class='ocrx_word' id='word_1_290' title='bbox 805 2369 830 2417; x_wconf 90' lang='lat' dir='ltr'><strong>in</strong></span> <span class='ocrx_word' id='word_1_291' title='bbox 886 2393 890 2404; x_wconf 89' lang='lat'><em>·</em></span> 
     </span>
     <span class='ocr_line' id='line_1_33' title="bbox 58 2442 830 2540; baseline -0.04 -20"><span class='ocrx_word' id='word_1_292' title='bbox 58 2468 121 2540; x_wconf 63' lang='lat' dir='ltr'><strong>liuius</strong></span> <span class='ocrx_word' id='word_1_293' title='bbox 132 2474 219 2534; x_wconf 87' lang='lat' dir='ltr'><strong>propter</strong></span> <span class='ocrx_word' id='word_1_294' title='bbox 232 2463 421 2531; x_wconf 75' lang='lat' dir='ltr'><strong>conjunctionem</strong></span> <span class='ocrx_word' id='word_1_295' title='bbox 431 2457 459 2507; x_wconf 85' lang='lat' dir='ltr'><strong>ad</strong></span> <span class='ocrx_word' id='word_1_296' title='bbox 473 2453 605 2505; x_wconf 85' lang='lat' dir='ltr'><strong>nobiliorem</strong></span> <span class='ocrx_word' id='word_1_297' title='bbox 620 2449 717 2499; x_wconf 81' lang='lat' dir='ltr'><strong>formam</strong></span> <span class='ocrx_word' id='word_1_298' title='bbox 729 2442 830 2505; x_wconf 86' lang='lat' dir='ltr'><strong>eomple-</strong></span> 
     </span>
     <span class='ocr_line' id='line_1_34' title="bbox 58 2513 828 2605; baseline -0.048 -8"><span class='ocrx_word' id='word_1_299' title='bbox 58 2544 115 2599; x_wconf 57' lang='grc' dir='ltr'><strong>Ἠῶ,</strong></span> <span class='ocrx_word' id='word_1_300' title='bbox 124 2541 184 2605; x_wconf 79' lang='lat' dir='ltr'><strong>uuam</strong></span> <span class='ocrx_word' id='word_1_301' title='bbox 195 2540 226 2591; x_wconf 86' lang='lat' dir='ltr'><strong>sit</strong></span> <span class='ocrx_word' id='word_1_302' title='bbox 237 2540 261 2589; x_wconf 93' lang='lat' dir='ltr'><strong>in</strong></span> <span class='ocrx_word' id='word_1_303' title='bbox 270 2540 339 2588; x_wconf 87' lang='lat' dir='ltr'><strong>bruto</strong></span> <span class='ocrx_word' id='word_1_304' title='bbox 349 2529 453 2592; x_wconf 87' lang='lat' dir='ltr'><strong>animali,</strong></span> <span class='ocrx_word' id='word_1_305' title='bbox 463 2529 488 2577; x_wconf 94' lang='lat' dir='ltr'><strong>in</strong></span> <span class='ocrx_word' id='word_1_306' title='bbox 499 2539 543 2590; x_wconf 88' lang='lat' dir='ltr'><strong>quo</strong></span> <span class='ocrx_word' id='word_1_307' title='bbox 554 2527 589 2574; x_wconf 89' lang='lat' dir='ltr'><strong>est</strong></span> <span class='ocrx_word' id='word_1_308' title='bbox 599 2524 672 2573; x_wconf 81' lang='lat' dir='ltr'><strong>torma</strong></span> <span class='ocrx_word' id='word_1_309' title='bbox 684 2513 828 2581; x_wconf 81' lang='lat' dir='ltr'><strong>completiva.</strong></span> 
     </span>
    </p>

    <p class='ocr_par' dir='ltr' id='par_1_12' title="bbox 62 2583 833 2811">
     <span class='ocr_line' id='line_1_35' title="bbox 81 2583 831 2668; baseline -0.043 -5"><span class='ocrx_word' id='word_1_310' title='bbox 81 2610 102 2656; x_wconf 80' lang='lat' dir='ltr'><strong>ll</strong></span> <span class='ocrx_word' id='word_1_311' title='bbox 113 2613 194 2662; x_wconf 87' lang='lat' dir='ltr'><strong>tertium</strong></span> <span class='ocrx_word' id='word_1_312' title='bbox 205 2610 341 2667; x_wconf 88' lang='lat' dir='ltr'><strong>dicendum,</strong></span> <span class='ocrx_word' id='word_1_313' title='bbox 353 2602 416 2668; x_wconf 78' lang='lat' dir='ltr'><strong>quod</strong></span> <span class='ocrx_word' id='word_1_314' title='bbox 426 2600 526 2650; x_wconf 85' lang='lat' dir='ltr'><strong>Verbum</strong></span> <span class='ocrx_word' id='word_1_315' title='bbox 538 2595 579 2646; x_wconf 77' lang='lat' dir='ltr'><strong>liei</strong></span> <span class='ocrx_word' id='word_1_316' title='bbox 595 2606 642 2644; x_wconf 88' lang='lat' dir='ltr'><strong>non</strong></span> <span class='ocrx_word' id='word_1_317' title='bbox 655 2586 777 2650; x_wconf 89' lang='lat' dir='ltr'><strong>assumpsit</strong></span> <span class='ocrx_word' id='word_1_318' title='bbox 789 2583 831 2633; x_wconf 91' lang='lat' dir='ltr'><strong>bu·</strong></span> 
     </span>
     <span class='ocr_line' id='line_1_36' title="bbox 62 2652 832 2736; baseline -0.026 -16"><span class='ocrx_word' id='word_1_319' title='bbox 62 2688 123 2731; x_wconf 75' lang='lat' dir='ltr'><strong>rounam</strong></span> <span class='ocrx_word' id='word_1_320' title='bbox 133 2688 232 2733; x_wconf 85' lang='lat' dir='ltr'><strong>naturam</strong></span> <span class='ocrx_word' id='word_1_321' title='bbox 242 2681 268 2731; x_wconf 90' lang='lat' dir='ltr'><strong>in</strong></span> <span class='ocrx_word' id='word_1_322' title='bbox 280 2674 420 2736; x_wconf 82' lang='lat' dir='ltr'><strong>universali,</strong></span> <span class='ocrx_word' id='word_1_323' title='bbox 434 2672 474 2722; x_wconf 90' lang='lat' dir='ltr'><strong>sed</strong></span> <span class='ocrx_word' id='word_1_324' title='bbox 488 2670 514 2720; x_wconf 90' lang='lat' dir='ltr'><strong>in</strong></span> <span class='ocrx_word' id='word_1_325' title='bbox 524 2670 623 2722; x_wconf 82' lang='lat' dir='ltr'><strong>atomo,</strong></span> <span class='ocrx_word' id='word_1_326' title='bbox 638 2661 662 2713; x_wconf 89' lang='lat' dir='ltr'><strong>id</strong></span> <span class='ocrx_word' id='word_1_327' title='bbox 675 2663 723 2721; x_wconf 89' lang='lat' dir='ltr'><strong>est,</strong></span> <span class='ocrx_word' id='word_1_328' title='bbox 735 2652 832 2706; x_wconf 79' lang='lat' dir='ltr'><strong>indivi-</strong></span> 
     </span>
     <span class='ocr_line' id='line_1_37' title="bbox 63 2721 833 2811; baseline -0.044 -6"><span class='ocrx_word' id='word_1_329' title='bbox 63 2749 99 2795; x_wconf 61' lang='lat' dir='ltr'><strong>los</strong></span> <span class='ocrx_word' id='word_1_330' title='bbox 109 2753 167 2811; x_wconf 82' lang='lat' dir='ltr'><strong>lsicul</strong></span> <span class='ocrx_word' id='word_1_331' title='bbox 176 2756 332 2805; x_wconf 83' lang='lat' dir='ltr'><strong>Damaseenus</strong></span> <span class='ocrx_word' id='word_1_332' title='bbox 344 2747 408 2811; x_wconf 74' lang='lat' dir='ltr'><strong>uiuit)</strong></span> <span class='ocrx_word' id='word_1_333' title='bbox 417 2744 462 2810; x_wconf 83' lang='lat' dir='ltr'><strong>(l),</strong></span> <span class='ocrx_word' id='word_1_334' title='bbox 477 2739 579 2804; x_wconf 67' lang='lat' dir='ltr'><strong>eloquin</strong></span> <span class='ocrx_word' id='word_1_335' title='bbox 589 2736 705 2802; x_wconf 82' lang='lat' dir='ltr'><strong>oporteret</strong></span> <span class='ocrx_word' id='word_1_336' title='bbox 715 2727 775 2793; x_wconf 78' lang='lat' dir='ltr'><strong>quod</strong></span> <span class='ocrx_word' id='word_1_337' title='bbox 784 2721 833 2774; x_wconf 89' lang='lat' dir='ltr'><strong>eui-</strong></span> 
     </span>
    </p>
   </div>
   <div class='ocr_carea' id='block_1_7' title="bbox 92 2863 836 2959">
    <p class='ocr_par' dir='ltr' id='par_1_13' title="bbox 92 2863 836 2959">
     <span class='ocr_line' id='line_1_38' title="bbox 92 2863 836 2959; baseline -0.055 -5"><span class='ocrx_word' id='word_1_338' title='bbox 92 2891 116 2956; x_wconf 64' lang='grc' dir='ltr'><strong>(Ι)</strong></span> <span class='ocrx_word' id='word_1_339' title='bbox 127 2901 169 2948; x_wconf 79' lang='lat' dir='ltr'><strong>lab.</strong></span> <span class='ocrx_word' id='word_1_340' title='bbox 182 2902 226 2948; x_wconf 90' lang='lat'>111.</span> <span class='ocrx_word' id='word_1_341' title='bbox 239 2900 274 2946; x_wconf 85' lang='lat' dir='ltr'><strong>De</strong></span> <span class='ocrx_word' id='word_1_342' title='bbox 285 2896 335 2959; x_wconf 73' lang='lat' dir='ltr'><strong>pide</strong></span> <span class='ocrx_word' id='word_1_343' title='bbox 344 2890 454 2945; x_wconf 70' lang='lat' dir='ltr'><strong>orthod„</strong></span> <span class='ocrx_word' id='word_1_344' title='bbox 464 2900 518 2947; x_wconf 78' lang='lat' dir='ltr'><strong>sap.</strong></span> <span class='ocrx_word' id='word_1_345' title='bbox 534 2885 574 2947; x_wconf 86' lang='lat' dir='ltr'><strong>ll,</strong></span> <span class='ocrx_word' id='word_1_346' title='bbox 587 2883 628 2931; x_wconf 85' lang='lat' dir='ltr'><strong>ubl</strong></span> <span class='ocrx_word' id='word_1_347' title='bbox 639 2863 788 2927; x_wconf 84' lang='lat' dir='ltr'><strong>strationem</strong></span> <span class='ocrx_word' id='word_1_348' title='bbox 797 2863 836 2913; x_wconf 82' lang='lat' dir='ltr'><strong>blo</strong></span> 
     </span>
    </p>
   </div>
   <div class='ocr_carea' id='block_1_8' title="bbox 0 0 997 3317">
    <p class='ocr_par' dir='ltr' id='par_1_14' title="bbox 0 0 997 3317">
     <span class='ocr_line' id='line_1_39' title="bbox 0 0 997 3317; baseline 0 0"><span class='ocrx_word' id='word_1_349' title='bbox 0 0 997 3317; x_wconf 95' lang='lat' dir='ltr'><strong> </strong></span> 
     </span>
    </p>
   </div>
  </div>
 </body>
</html>
