1917 3317
194 130 229 167 ns
244 127 452 169 mnesarrmre
466 128 678 167 ammirans.
792 122 839 170 m

28 218 68 265 n,
79 204 122 253 ut
136 202 210 267 tangi
228 204 319 255 deberet
334 203 467 255 abdomine
481 202 586 265 monam
601 206 662 255 unde
678 208 702 256 et
717 204 767 270 ipss
781 207 841 258 dirit

32 277 178 338 rgdalenae,
190 277 276 330 lona„
294 278 352 327 llll:
369 276 441 325 «Noli
453 280 602 339 molengeia,
614 277 785 329 nondumenim
799 273 839 329 ais·

30 348 83 397 ndi
103 348 136 397 ad
152 347 250 397 Patrem
263 360 348 396 meum.
361 362 374 395 s
395 347 446 397 Nou
459 359 514 409 erqo
527 345 570 396 tuit
583 348 724 398 conveniens
737 348 796 413 quod
810 351 840 400 ad

29 420 229 469 snitestandam
241 418 364 469 veritatem
382 418 552 469 resurrectionis
571 432 635 481 sua,
650 420 750 483 seipsum
768 421 838 473 disci·

32 490 77 538 ilis
94 488 250 553 palpandum
270 489 398 541 exhiberet.

41 564 70 609 t.
89 560 233 623 Prmterea‚
247 561 307 611 inter
319 562 384 612 dotes
396 559 516 623 glorificati
529 560 638 624 commis,
650 560 764 624 precipua
773 563 839 615 ride-

33 646 49 679 r
71 644 132 683 esse
154 631 265 695 claritas3
280 646 350 696 qnam
367 636 445 685 nmen
464 632 491 683 in
509 632 674 682 resurrectione
693 634 756 684 nullo
771 646 839 700 arqu-

31 708 100 755 iento
121 706 239 757 ostendit.
258 706 317 770 Ergo
337 706 426 757 videtur
441 705 503 771 quid
517 705 681 755 insufficientia
694 705 780 757 fuerint
798 707 838 761 illa

30 782 164 839 :quarente
175 779 205 829 ad
218 778 403 829 manifestandam
417 778 550 842 qualitatem
564 777 736 828 resurrectionis
744 779 836 833 Chnsd.

48 854 76 899 ὅ.
93 850 233 910 Praelerea,
246 850 322 913 angeli
333 852 356 900 in
366 852 437 901 testes
448 848 623 900 resurrectionis
636 848 738 911 inducti,
753 862 782 901 ex
791 851 836 904 ista

31 921 174 971 isscnantia
187 922 384 985 Evangelistarum
397 920 565 971 insufficientes
573 919 695 982 videntum
709 934 762 970 nam
776 924 837 987 apud

30 994 162 1043 tatthaeum
175 992 271 1055 angelus
284 1006 354 1057 super
363 992 462 1057 lapidem
471 992 600 1042 revolutum
610 992 654 1055 (1);
665 992 725 1056 apud
738 993 837 1045 manum

31 1064 78 1113 'erd
103 1063 171 1115 intue
189 1065 283 1129 angelus
303 1064 436 1115 describitur
455 1064 521 1113 nisus
539 1063 554 1113 t
571 1063 704 1114 mulieribus
727 1064 838 1126 ingressis

29 1139 226 1197 lineamentum
237 1140 346 1187 etrursos
355 1135 383 1185 ah
396 1134 447 1186 istis
457 1148 530 1196 unns,
539 1134 554 1185 i
563 1135 653 1185 Ioanne
662 1135 707 1186 duc
719 1136 834 1197 sedenim

32 1223 34 1251 l
55 1206 121 1257 Luca
143 1210 202 1258 vero
223 1209 267 1259 duo
283 1212 369 1259 stantes
391 1207 557 1259 describuntur.
577 1205 762 1257 inconvenientia
783 1222 836 1273 crgo

30 1277 138 1329 ridentur
148 1279 282 1329 testimonia
294 1278 476 1331 resurrectionis.

56 1348 108 1399 Sed
122 1353 205 1401 contra
215 1353 266 1413 est,
281 1350 342 1415 qudd
355 1350 474 1412 Christus,
488 1349 574 1413 quiesi
588 1348 629 1398 liei
644 1347 771 1412 sapientia,
784 1363 837 1401 sua-

32 1417 88 1469 viter
100 1424 126 1471 ei
137 1421 302 1471 conuenienter
315 1422 416 1485 disponit
430 1421 516 1484 omnia,
528 1424 555 1469 ut
566 1420 650 1470 dicitnr
662 1421 735 1484 Sap„
745 1420 802 1470 lllll.

60 1492 222 1553 (Coresusro.
240 1520 272 1531 -
287 1494 393 1543 christus
410 1492 602 1543 resurrectionem
618 1502 683 1539 snam
700 1490 836 1544 testimoniis

32 1562 151 1629 signisque
166 1564 191 1615 in
205 1578 246 1615 ano
257 1578 340 1628 genere
353 1564 521 1615 sufficientibus
530 1562 658 1625 ostendit)

62 1636 200 1701 Respondes
222 1636 356 1699 dicendum,
371 1634 432 1699 quid
451 1635 554 1687 Christus
568 1635 752 1687 resumecdcaem
769 1647 835 1686 suam

32 1706 156 1768 dupliciter
169 1708 337 1766 manifestavit,
349 1706 436 1757 scilicet
448 1705 581 1757 testimonio
597 1708 621 1754 et
638 1710 772 1767 argumento
785 1706 835 1757 sive

35 1774 107 1838 signo.
121 1779 151 1829 lit
170 1784 265 1842 utraque
279 1777 435 1828 manifestatio
449 1776 471 1826 iu
488 1790 531 1827 suo
550 1789 634 1840 genere
649 1777 694 1827 tuit
709 1776 834 1829 sufficiens.
931 1817 933 1824 ,

37 1848 74 1897 Est
89 1850 154 1901 euim
164 1864 218 1901 usus
232 1850 317 1915 duplici
327 1849 457 1901 testimonio
468 1850 497 1899 ad
510 1847 699 1899 manifestandam
714 1862 778 1899 suam
793 1862 836 1901 re·

38 1923 197 1973 surrectionem
211 1921 343 1985 discipulis,
359 1934 454 1984 qaorum
469 1923 576 1971 nentrum
588 1922 664 1983 polest
673 1919 757 1969 rotelli.
769 1921 835 1979 Quo-

41 2002 86 2040 rum
100 1993 197 2056 primum
207 1996 243 2043 cst
255 1992 413 2044 testimouium
426 1992 575 2055 angelornm,
592 1991 632 2054 qui
646 1990 779 2041 mulieribus
796 2004 835 2043 re·

42 2064 196 2115 surrectionem
204 2062 448 2125 aununtiaverunt,ut
458 2066 521 2127 patei
529 2075 661 2127 peromues
670 2061 833 2125 sumpsistis.
926 2119 930 2128 ,

45 2131 106 2185 iliud
118 2140 192 2187 autem
209 2140 245 2187 est
256 2135 409 2187 testimonium
423 2135 600 2199 Scripturarum
613 2147 671 2198 qaas
683 2134 732 2199 ipse
746 2147 843 2206 propo-v

46 2202 86 2253 suit
97 2207 126 2257 ad
135 2207 284 2259 ostensionem
297 2220 344 2259 sua
357 2205 546 2267 resurrectionis,
561 2210 588 2255 ut
602 2205 686 2255 dicitur
704 2207 774 2261 Luc„
790 2205 834 2256 ult.

47 2274 175 2337 tigamenta
190 2278 256 2329 etiam
270 2278 364 2328 luerunt
379 2276 514 2328 sufficientia
533 2276 562 2325 ad
574 2276 739 2327 ostendendam
757 2289 834 2327 reram

49 2348 223 2399 resurrectionem
240 2353 264 2399 et
281 2349 411 2411 gloriosam.
426 2348 490 2407 Quid
506 2351 581 2399 eutem
599 2348 670 2399 tuerit
690 2360 744 2398 vera
756 2361 834 2399 resur·

50 2418 126 2483 rectio,
141 2420 291 2471 ostenditque
304 2421 371 2471 modo
382 2433 411 2471 er
421 2423 486 2483 parte
501 2419 612 2483 corporis.
623 2420 652 2469 lit
666 2418 726 2469 circa
734 2420 778 2470 hoc
789 2420 833 2469 tria

51 2490 150 2541 ostendit:
159 2490 333 2555 primoquidem,
342 2490 404 2555 quod
412 2493 474 2543 esset
482 2506 573 2555 carpam
582 2490 833 2551 verumeteotidnm,

52 2569 92 2609 uon
110 2574 185 2628 corpus
201 2564 366 2627 phantasticum
386 2562 423 2615 vel
438 2575 530 2624 raram,
550 2562 612 2613 sicut
625 2566 661 2614 est
678 2575 726 2613 aer.
743 2562 774 2611 lit
789 2563 834 2613 troc

84 2720 111 2785 ll)
126 2726 158 2772 stc
169 2726 225 2771 enin
237 2726 271 2773 ibi
280 2758 287 2785 ,
296 2738 349 2785 esp.
359 2728 471 2785 xxvm,
486 2738 546 2772 vers.
559 2726 590 2770 i:
609 2724 720 2784 inpetu
733 2726 834 2775 Mol

57 2782 290 2905 mmmmm,
303 2782 325 2837 o't
335 2789 447 2837 oecodm
462 2790 565 2836 rmctott
577 2789 696 2846 lapidem,
708 2793 731 2835 ct
743 2788 837 2835 ecdem
