1917 3317
171 187 202 224 nu
216 184 294 224 cansa
308 184 448 224 micum
463 182 585 222 sussionis
602 183 705 222 cumcun.
794 177 841 225 sis

28 262 121 315 Christi
139 262 245 314 domines
256 264 321 313 erant
333 261 347 311 d
357 263 454 325 peccato
472 259 600 320 liberandi,
615 260 755 312 conueniens
775 262 843 314 ride-

30 335 105 386 batur
128 338 156 384 nt
178 331 353 398 paucissimiin
375 333 446 382 morte
468 330 518 395 ejus
540 335 668 394 peccarent.
688 333 842 384 Peccauerunt

32 410 114 457 autem
138 405 163 456 in
186 409 259 456 morte
280 403 330 468 ejus
350 402 441 465 ludaei,
461 416 492 452 ex
516 415 611 466 quorum
637 415 734 466 persona
759 403 842 455 dicitur

34 478 146 538 Mutila„
154 477 221 528 lllll:
234 476 299 527 ullic
307 479 341 526 est
349 476 430 535 bures,
441 475 531 535 venite,
540 474 670 524 occidamus
680 488 765 526 eum.»
781 477 841 542 Ergo

31 548 128 600 uidetur
147 546 286 600 conveniens
305 547 376 598 fuisse
389 545 450 610 quot
463 547 489 596 in
508 549 600 611 peccato
618 545 741 598 occisionis
757 547 843 598 Christi

31 621 140 671 Gentiles
155 633 200 670 non
212 618 394 683 implicarentur.

66 695 93 740 a.
105 693 226 752 Praetcrea,
245 691 330 740 veritas
347 690 414 741 debet
428 689 565 754 respondere
578 689 666 752 ligura.
678 688 723 739 Sed
736 689 840 754 figuralia

31 761 147 814 sacrificia
156 762 241 814 ueiens
251 761 308 826 legis
319 774 365 811 non
374 760 488 823 Gentiles,
498 761 538 810 sed
553 760 624 811 ludaei
635 759 769 812 oilerebant.
780 761 839 826 Ergo

32 849 112 898 neque
128 835 205 900 passio
226 833 325 894 Christi,
345 845 396 896 qum
414 831 460 882 luit
479 845 558 882 uerum
578 831 730 896 sacrificium,
748 831 847 900 impleri

32 906 115 958 debuit
128 921 169 971 per
181 918 261 956 manns
273 903 406 955 Gentilium.
793 899 796 906 ‘
895 903 897 909 '

69 982 93 1026 3.
109 978 232 1040 Praeterea,
241 975 391 1028 sicntdicitur
403 974 525 1035 loan.,ll,
534 973 609 1023 ludaei
622 973 752 1036 querebant
760 975 839 1027 Cbris·

31 1053 85 1099 tum
96 1045 381 1110 interlicere,nonsoli1m
390 1044 444 1108 quia
459 1044 561 1094 solvebat
571 1043 702 1108 sabbatum,
712 1047 752 1098 sed
770 1048 838 1098 etiam

31 1119 90 1184 quia
104 1120 197 1170 Patrem
214 1133 279 1169 snum
294 1118 383 1170 dicebat
400 1117 488 1174 benna,
506 1116 616 1178 equdem
637 1129 661 1166 sa
677 1118 723 1168 lieo
740 1118 837 1170 iaciens.

31 1192 82 1242 Sed
99 1192 144 1241 boc
157 1190 275 1242 videbatur
284 1201 334 1240 esse
352 1187 425 1240 solium
438 1190 517 1248 contra
531 1186 605 1249 legem
620 1187 762 1252 ludaorump
778 1191 838 1241 unde

32 1269 59 1316 et
74 1263 121 1328 ipsi
134 1263 229 1325 dicunt,
240 1263 323 1318 lona„
337 1261 405 1312 lllll:
423 1258 576 1310 «secundnm
592 1258 665 1321 legem
683 1259 751 1311 debet
766 1261 837 1323 mori,

32 1336 92 1401 quia
109 1334 194 1384 Filium
209 1335 247 1384 bei
267 1347 292 1385 sa
305 1331 368 1384 lecit.
385 1348 399 1379 n
413 1330 506 1381 Videtur
519 1343 572 1393 ergo
585 1329 751 1382 inconveniens
766 1331 837 1384 luisse

32 1406 99 1470 quod
118 1407 224 1457 Christus
240 1419 285 1457 non
300 1404 313 1456 d
327 1404 467 1466 Gentilibus,
486 1403 526 1454 sed
546 1402 655 1452 dludaeis
668 1405 795 1466 pateretur,
814 1408 837 1455 et

32 1479 121 1529 falsum
139 1491 189 1529 esse
209 1478 270 1540 quod
291 1477 398 1527 dixerunt
422 1490 460 1525 :u
479 1475 530 1524 Non
553 1471 619 1523 nobis
639 1473 693 1524 licet
711 1473 837 1526 interficere

32 1562 183 1614 quemquam,
198 1564 212 1596 a
226 1548 278 1598 cdnr
291 1549 360 1598 multa
374 1550 466 1610 peccata
484 1543 609 1595 secundina
622 1545 695 1608 legem
709 1548 781 1596 morte
795 1559 837 1609 pn-

33 1623 142 1682 niautur,
160 1625 185 1670 ut
199 1624 262 1684 patet
275 1621 367 1676 benit„
385 1619 435 1668 llll.

68 1695 113 1744 Sed
132 1696 211 1742 contra
229 1695 279 1754 est,
300 1692 359 1754 quod
374 1691 423 1755 ipse
438 1689 547 1741 Dominus
560 1687 630 1752 dicit,
651 1689 755 1746 Metto„
768 1677 810 1739 lix
827 1704 834 1739 ε

35 1783 50 1812 «
62 1765 163 1815 Tradent
175 1776 228 1814 eum
241 1762 348 1826 gentibus
356 1762 384 1812 ad
393 1761 534 1812 illudendum
543 1763 566 1810 et
576 1758 735 1822 flagellandum
749 1763 772 1810 et
786 1773 836 1810 crn-

34 1837 168 1888 cifiendum.
179 1852 193 1883 n

69 1909 228 1972 (Gonccnsro.
237 1933 269 1944 -
280 1907 309 1956 Ut
321 1908 372 1970 ipso
385 1904 501 1970 passionis
515 1904 581 1954 nrodo
596 1903 692 1953 effeetus
706 1902 757 1966 ejus
772 1915 837 1969 pre-

35 1983 183 2044 ligrrrarctur,
196 1979 335 2030 conueniens
348 1978 392 2029 luit
405 1982 431 2027 ut
443 1975 528 2028 Christi
537 1975 614 2039 passio
625 1974 638 2024 d
648 1975 733 2026 ludaeis
746 1976 837 2041 incipe·

34 2056 86 2113 ret,
102 2054 126 2101 et
137 2051 194 2114 ipsis
206 2050 346 2101 tradentibus
358 2063 400 2113 per
413 2048 515 2100 Gentiles
528 2045 655 2110 finiretur.)

69 2123 204 2186 Respondeo
220 2122 356 2183 dicendum,
368 2120 429 2184 qubd
443 2119 531 2182 inipso
545 2117 611 2167 modo
626 2116 740 2181 passionis
753 2117 837 2169 Christi

34 2194 195 2261 praefiguratus
213 2197 249 2244 est
265 2194 360 2244 ellectus
374 2191 447 2256 ipsius
463 2207 468 2241 z
484 2188 558 2242 Primo
569 2187 647 2250 enim,
662 2187 740 2253 passio
752 2189 837 2240 Christi

35 2267 146 2321 ellectum
160 2264 239 2315 salutis
260 2263 375 2314 babrn'tin
392 2263 484 2326 ludaeis,
502 2273 598 2326 quorum
617 2259 709 2324 plurimi
726 2261 751 2310 in
765 2265 836 2312 morte

35 2335 124 2391 Christi
138 2336 247 2401 baptizati
255 2339 322 2398 sunt,
336 2339 360 2386 ut
373 2337 436 2399 patet
448 2334 514 2389 alet.¹
527 2332 546 2383 ll
561 2335 585 2383 ct
597 2331 637 2382 lll.
650 2331 753 2382 Secundb
772 2331 836 2398 uero,

34 2408 121 2462 Jndaeis
138 2407 310 2471 praedimntibns
331 2407 425 2457 effectus
443 2404 557 2469 passionis
576 2403 661 2454 Christi
679 2403 786 2454 transivit
808 2405 836 2455 ad

36 2484 132 2548 gentes,
152 2483 176 2531 et
191 2478 242 2530 ideo
256 2479 393 2530 conveniens
407 2477 451 2528 luit
464 2480 491 2526 ut
501 2475 607 2526 Christus
617 2475 630 2525 a
641 2475 728 2527 Jndaeis
740 2473 788 2540 pati
801 2475 837 2525 in·

35 2553 137 2617 ciperet,
146 2555 170 2600 et
182 2554 277 2614 postea,
294 2550 377 2602 lndaeis
391 2548 548 2610 tradentibus,
559 2560 608 2624 per⁸
617 2559 697 2598 manus
711 2545 835 2597 Gentilium

35 2626 89 2689 ejus
101 2622 178 2686 passio
193 2622 302 2673 iniretur.

69 2693 208 2757 ddprimum
222 2707 276 2757 crgo
287 2691 421 2753 dicendum,
431 2690 494 2755 qnod
510 2689 626 2753 cbristus,
635 2689 662 2740 ad
671 2687 835 2740 ostendendam

35 2849 168 2910 passionem
192 2861 276 2904 nempe
298 2847 322 2892 in
347 2821 415 2892 eruce
435 2845 594 2905 subeundam,
610 2847 677 2901 juxta
696 2841 752 2887 illud
774 2841 837 2902 quod

37 2913 183 2973 praemtttitnr
193 2912 243 2958 ibin
260 2911 361 2969 Oportet
371 2909 478 2958 malm
491 2909 589 2957 Filiam
603 2905 793 2993 ὴιοιηιόξίξῖξωῇι
