1917 3317
532 98 622 146 aaz
906 106 1031 145 mins
1060 106 1143 157 m,
1177 104 1366 152 Quzsr.
1399 105 1484 156 ιιι,
1519 104 1633 144 Ali-r.
1669 105 1758 144 vn.

594 184 687 236 Sed
715 188 873 234 contra
893 186 995 246 est,
1025 183 1146 245 quod
1173 181 1389 246 quidquid
1412 186 1566 247 potest
1591 183 1732 234 Pater
1762 183 1836 249 (ad
1856 185 1917 234 ext

528 259 616 309 test
633 260 680 308 et
701 255 862 305 Filius.
893 256 980 305 Sed
1011 257 1146 304 Pater
1174 257 1282 318 post
1309 254 1676 306 incarnationem
1704 254 1810 306 Filii
1830 258 1917 320 pot<

532 342 654 380 aiere
695 331 905 378 naturam
945 328 1196 376 humanam
1235 325 1371 375 aliam
1405 339 1596 376 numero
1639 326 1700 377 ab
1740 338 1798 377 ea
1834 340 1917 391 qua

532 399 775 463 assumpsit
794 416 809 463 ;
838 399 886 448 in
905 400 1029 449 nullo
1051 398 1173 448 enim
1196 411 1279 461 per
1302 398 1668 449 lucarnationem
1687 399 1795 449 Filii
1816 402 1882 449 est
1905 412 1917 447 t

536 473 748 537 potentia,
764 471 913 521 Patris
940 472 1014 520 vel
1040 470 1160 519 Filii.
1194 471 1312 533 Ergo
1332 471 1514 519 videtur
1536 470 1658 533 quod
1691 470 1837 520 Filius
1859 483 1917 534 po

536 543 767 594 nationem
809 542 954 607 possit
991 542 1124 591 aliam
1161 542 1410 592 humanam
1448 547 1660 591 naturam
1715 554 1917 610 assumet

536 631 632 669 eam
662 629 799 679 quam
828 614 1092 677 assumpsit.

604 688 933 751 (Comensem.
956 712 1020 724 —
1036 686 1259 744 Quoniam
1289 685 1495 751 potentia
1523 684 1693 736 divinae
1716 698 1917 749 persona

540 765 638 823 ast,
681 763 836 823 potest
863 773 1058 823 persona
1094 759 1273 822 divina,
1305 763 1472 823 praeter
1503 761 1749 809 humanam
1773 763 1917 809 natura

540 833 815 896 assumpsit,
846 832 983 880 aliam
1011 844 1199 881 numero
1225 832 1473 881 humanam
1503 835 1714 880 naturam
1741 844 1917 881 assume

598 904 871 969 Respondeo
912 903 1177 965 dicendum,
1209 903 1327 966 quod
1356 903 1465 953 illud
1498 904 1616 966 quod
1655 907 1813 967 potest
1838 903 1917 953 int

543 978 701 1029 nonin
729 975 924 1039 amplius
944 1014 954 1035 ,
977 976 1114 1025 habet
1136 974 1388 1038 potentiam
1413 974 1651 1023 limitatam
1671 975 1728 1024 ad
1748 990 1911 1026 unum.

540 1053 695 1099 autem
728 1046 894 1097 divinae
919 1060 1129 1111 personae
1153 1049 1222 1096 est
1247 1045 1454 1110 infinita,
1487 1059 1574 1095 nec
1604 1049 1757 1109 potest
1786 1047 1917 1097 limite

544 1121 647 1185 quid
677 1124 893 1170 creatum.
920 1121 1050 1169 Unde
1072 1133 1163 1169 non
1185 1124 1255 1168 est
1276 1119 1518 1167 dicendum
1538 1117 1657 1181 quod
1685 1132 1888 1182 persona

544 1191 835 1255 assumpserit
858 1204 996 1240 unam
1030 1195 1234 1240 naturam
1255 1192 1518 1253 humanam,
1541 1189 1663 1253 quod
1685 1204 1778 1241 non
1803 1195 1917 1256 potu

544 1277 664 1314 mere
698 1262 851 1313 aliam.
872 1264 1110 1314 videretur
1133 1263 1253 1312 enim
1278 1275 1332 1312 ex
1353 1263 1441 1313 hoc
1464 1262 1593 1326 sequi
1613 1262 1734 1326 quod
1757 1278 1917 1327 persor

544 1335 660 1386 ainae
690 1339 861 1385 natunae
882 1339 1005 1385 esset
1030 1336 1094 1385 ita
1120 1336 1448 1397 comprehensa
1475 1348 1558 1399 per
1587 1347 1724 1383 unam
1754 1340 1917 1386 natura

544 1421 668 1471 nam,
686 1407 807 1470 quod
825 1408 879 1457 ad
898 1408 1002 1471 ejus
1024 1408 1394 1471 personalitatem
1419 1406 1588 1457 assumi
1615 1406 1705 1456 alia
1724 1420 1821 1457 non
1840 1422 1917 1472 pos

544 1484 614 1530 est
634 1478 931 1543 impossibile,
956 1493 1049 1529 non
1069 1480 1190 1527 enim
1218 1479 1468 1529 increatum
1495 1478 1521 1528 a
1546 1482 1700 1528 creato
1720 1482 1917 1543 compre*

544 1556 651 1602 test.
690 1553 819 1601 Patet
848 1564 955 1613 ergo
987 1548 1107 1612 quod
1122 1587 1139 1613 ,
1170 1549 1268 1600 sive
1306 1551 1646 1600 consideremus
1673 1564 1917 1614 personati

548 1623 791 1675 secundum
813 1624 1024 1674 virtutem
1044 1663 1057 1685 ‚
1088 1636 1188 1687 quae
1215 1627 1283 1672 est
1311 1622 1587 1685 principium
1617 1622 1838 1687 unionis,
1873 1623 1913 1673 si

548 1693 651 1745 num
681 1707 810 1743 suam
839 1696 1203 1757 personalitatem
1222 1731 1235 1756 ,
1262 1705 1362 1757 quae
1389 1696 1462 1743 est
1480 1693 1704 1751 terminus
1729 1695 1917 1745 unionis

548 1766 697 1817 dicere
723 1765 842 1828 quod
873 1779 1067 1829 persona
1098 1766 1282 1827 diviua,
1312 1768 1476 1828 praeter
1506 1767 1717 1813 naturam
1740 1766 1917 1815 human

548 1836 795 1901 assumpsit
813 1875 825 1897 ,
861 1838 1008 1901 possit
1033 1840 1164 1888 aliam
1191 1850 1381 1887 numero
1401 1840 1609 1886 naturam
1626 1836 1890 1887 humanam

608 1910 673 1959 Ad
713 1910 907 1973 primum
934 1924 1042 1974 ergo
1075 1910 1343 1971 dicendum,
1385 1908 1506 1973 quod
1544 1910 1707 1957 natura
1750 1912 1908 1959 creata

548 1981 594 2031 in
624 1992 709 2031 sua
739 1981 910 2031 ratione
938 1996 1020 2045 per
1038 1984 1256 2041 formam,
1280 1994 1379 2043 quae
1414 1979 1736 2043 multiplicatur
1766 1994 1912 2031 secun

547 2053 722 2105 sionem
748 2053 969 2105 materiae.
994 2056 1051 2104 Et
1072 2054 1193 2114 ideo,
1215 2053 1254 2103 si
1275 2051 1545 2115 compositio
1571 2050 1775 2102 materiae
1800 2058 1850 2103 et
1871 2053 1917 2104 fo

548 2124 705 2177 stituat
731 2136 899 2175 novum
926 2126 1242 2189 suppositum,
1265 2136 1550 2187 consequens
1570 2126 1641 2173 est
1664 2122 1786 2186 quod
1809 2130 1917 2173 natu

548 2196 740 2261 plicetur
792 2196 1042 2247 secundum
1087 2195 1514 2258 multiplicationem
1565 2194 1913 2260 suppositorum

548 2266 767 2333 mysterio
795 2268 1120 2319 lucarnationis
1147 2267 1256 2315 unio
1286 2267 1442 2317 formae
1478 2270 1524 2316 et
1563 2265 1763 2317 materiae
1794 2267 1875 2333 (id
1904 2282 1917 2319 ε

548 2344 593 2393 et
622 2339 885 2405 corporis),
915 2353 1006 2390 non
1033 2337 1264 2390 constituit
1281 2351 1453 2389 novum
1476 2338 1759 2403 suppositum
1782 2378 1795 2399 ,
1826 2344 1881 2391 ut
1907 2356 1917 2391 ε

552 2421 648 2462 tum
685 2415 785 2475 est3
816 2414 861 2462 et
890 2412 995 2461 ideo
1024 2414 1179 2475 posset
1220 2423 1322 2460 esse
1357 2410 1600 2460 multitudo
1629 2410 1890 2461 secundum

552 2497 610 2534 ex
628 2487 758 2547 parte
779 2486 953 2534 naturae
985 2486 1172 2547 propter
1204 2481 1471 2532 divisionem
1492 2482 1694 2532 mat-eriae
1713 2520 1728 2546 ,
1759 2482 1917 2548 absqm

552 2556 673 2606 tione
713 2554 1071 2619 suppositorum.
1670 2616 1676 2624 .

612 2628 679 2678 Ad
711 2629 959 2679 seeundum
988 2627 1257 2690 dicendum,
1275 2626 1397 2690 quod
1424 2630 1577 2691 posset
1600 2626 1750 2677 videri
1773 2625 1915 2679 dicen

552 2695 765 2761 praedicta
786 2698 1016 2761 positione
1037 2695 1172 2759 facta,
1200 2701 1463 2759 sequeretur
1482 2696 1604 2761 quod
1629 2699 1788 2747 essent
1813 2698 1917 2749 duc

554 2773 737 2833 propter
770 2770 883 2820 duas
910 2772 1123 2830 naturae,
1154 2767 1325 2829 absque
1358 2770 1444 2818 hoc
1473 2767 1592 2831 quod
1621 2771 1779 2817 essent
1813 2767 1880 2819 ibi

552 2844 747 2905 pos-itm
768 2841 886 2892 sicut
904 2840 929 2892 e
949 2852 1171 2890 converso
1194 2841 1291 2889 tres
1318 2852 1527 2902 personae
1549 2840 1812 2891 dicerentur
1845 2856 1914 2892 zm
