1917 3317
209 187 243 222 nn
260 185 470 230 cousnoununrnus
486 187 603 224 uuum.
765 178 810 224 ise

46 271 129 321 riprouere
142 273 182 325 pro
192 257 358 326 personnFilii
368 263 426 326 Dei,
436 276 504 326 quum
516 262 616 314 doinus
622 264 807 328 essebyostasiru

48 343 107 380 ritune
119 334 216 384 nature.
230 331 378 383 Manifestum
386 336 422 384 est
433 337 510 384 autern
524 333 587 397 qndd
601 335 630 384 de
640 346 736 398 persona
751 334 806 384 Fitii

49 401 61 448 i.
71 401 249 468 ueduproprid
259 404 397 468 praedicatur
407 406 541 456 bocnoruen
550 407 632 462 Deua,
641 405 700 455 utin
710 405 729 454 t.
742 409 803 470 part.

48 474 104 521 {driu
121 479 154 525 ert
169 475 224 538 (ubi
238 473 333 538 supra).
348 475 413 526 Unde
427 474 560 540 relinquitur
569 475 630 540 qndd
642 478 695 528 brec
706 478 738 526 sit
752 489 805 528 uera

55 545 125 606 uopuia
142 561 148 594 :
164 546 251 595 Homo
261 547 301 594 eat
314 547 392 596 Deus.

51 615 71 659 ,ut
89 615 179 678 prinum
201 629 261 679 ergo
280 615 418 677 dicendum,
432 615 494 680 qudd
511 617 635 668 idololatra
653 618 807 669 attribuebant

56 700 87 733 run
95 689 181 738 deitatis
194 687 316 752 lapidibus
327 687 445 752 eripuis,
459 688 584 739 secundum
597 688 658 752 quod
671 690 696 739 in
707 701 750 739 sua
762 703 807 740 na·

56 778 61 802 ι
81 760 262 820 considerantur,
285 758 340 824 quia
360 760 470 823 putabant
490 761 515 811 in
533 760 581 810 iilis
601 760 686 824 aliquid
706 761 807 812 numinis

47 841 69 874 ε.
81 829 120 880 dos
140 834 223 882 autem
238 842 287 880 non
301 830 446 880 attribuimus
459 842 544 881 nomen
555 831 649 882 beitatts
661 831 752 882 Cbnsto
764 832 806 882 tuo·

46 911 47 916 ¹
62 898 65 903 '
78 900 197 952 secuudum
209 903 337 950 humanam
347 903 466 963 naturam,
477 901 518 951 sed
526 901 651 952 secuudirru
662 902 806 965 suppositum

59 983 122 1033 trinu,
136 972 199 1036 quod
213 983 259 1036 per
276 971 387 1022 unionem
402 973 440 1022 est
457 971 527 1022 etiam
545 973 689 1036 suppositum
701 973 805 1024 bumana

54 1055 98 1102 ua,
110 1047 134 1094 ut
147 1043 300 1094 dictumest.

55 1113 73 1156 d
86 1115 205 1164 secundum
216 1112 355 1178 dicendum,
366 1112 427 1177 qudd
437 1115 482 1165 troc
490 1127 575 1165 nomen
584 1115 662 1164 Pater·
669 1114 805 1178 predicatur

59 1194 89 1230 turc
97 1184 184 1236 nomine
199 1187 288 1243 Dece,
305 1185 432 1235 secuudum
446 1186 506 1250 quod
518 1186 564 1236 boc
574 1199 659 1236 nonen
670 1187 738 1235 Deus
749 1199 806 1250 sup-

62 1262 72 1297 ·:
87 1269 119 1315 pro
132 1269 239 1320 persona
245 1255 336 1307 Patris.
355 1256 393 1305 Sic
406 1260 483 1306 auteur
499 1269 546 1307 uon
563 1256 700 1320 predicatur
712 1258 741 1307 de
752 1271 805 1322 per-

61 1324 125 1388 tutu
141 1328 197 1391 quiin
217 1339 320 1390 persona
336 1325 390 1376 Filii
402 1337 448 1378 non
459 1331 495 1378 est
505 1340 602 1391 persone
621 1326 704 1377 Patris.
716 1328 746 1376 Et
762 1341 805 1390 per

57 1407 136 1456 cuneus
146 1412 196 1450 uon
210 1401 305 1462 oportet
318 1397 379 1460 qudd
388 1398 434 1448 boc
446 1411 530 1449 nomeu
543 1400 622 1448 Pater
631 1397 804 1462 predicaturus

69 1468 147 1519 nonne
159 1469 259 1528 bomo,
274 1469 304 1519 de
316 1481 362 1532 quo
374 1469 511 1532 predicatur
526 1471 570 1520 boc
584 1480 669 1518 nomen
683 1469 765 1523 Deus,
778 1466 804 1516 in

59 1541 106 1585 niun
117 1539 139 1604 tp
151 1540 231 1590 domo
246 1537 358 1603 supponit
371 1552 411 1602 pro
422 1552 519 1602 persona
528 1539 591 1589 Filii.

53 1609 166 1662 trundum
179 1611 322 1674 dicendum,
331 1608 392 1674 qndd
404 1609 458 1660 liodt
469 1612 568 1661 bumana
581 1612 664 1660 natura
675 1608 699 1656 iu'
711 1607 803 1657 cbristo

60 1680 260 1744 1uiddarnreccns3
276 1685 353 1732 tamen
372 1681 515 1746 suppositum
530 1682 636 1730 bumana
653 1683 742 1728 naturae
755 1691 801 1728 nou

62 1764 129 1813 ruens,
140 1754 183 1804 sed
197 1757 321 1804 aetemnnu
339 1753 368 1802 Et
381 1753 435 1817 quia
447 1754 492 1804 boc
505 1765 591 1803 nornen
603 1753 670 1801 oeus
682 1763 728 1800 uon
739 1764 799 1814 pru-

57 1823 115 1872 urde
125 1825 224 1875 homine
233 1861 244 1887 ,
252 1822 342 1874 ratione
352 1825 458 1875 humanu
475 1828 575 1886 natura,
585 1823 626 1872 sed
638 1821 726 1872 ratione
737 1834 799 1884 sup-

60 1899 83 1949 11,
94 1905 136 1943 non
156 1896 266 1959 sequitur
279 1894 341 1958 qudd
357 1907 470 1958 ponamus
483 1896 555 1944 Deum
573 1895 698 1944 recentem.
711 1892 799 1954 Seque·

46 1977 60 2006 ,r
73 1969 139 2014 antem
158 1966 179 2016 si
193 1978 337 2030 poneremus
358 1965 419 2030 quod
440 1965 514 2016 domo
529 1964 638 2028 supponit
659 1962 801 2027 suppositum

58 2041 106 2094 triu,
123 2037 257 2088 secundum
270 2035 330 2100 qudd
344 2039 450 2100 opportet
463 2037 540 2087 dicere
558 2034 652 2098 eosqui
667 2034 692 2083 in
711 2032 800 2085 cbristo

58 2111 84 2148 nt
92 2104 132 2156 duo
144 2106 280 2172 supposita.

277 2283 450 2354 'indictitiis
465 2285 503 2334 111.

105 2407 188 2455 Utrum
198 2408 315 2455 Christus
321 2408 397 2466 possit
406 2409 454 2454 dict
463 2410 531 2454 honio
544 2410 677 2454 dominicus.

54 2531 155 2583 mortium
168 2536 205 2586 sic
220 2533 363 2598 proceditur.
377 2533 471 2584 Videtur
484 2532 546 2597 qudi
558 2534 661 2585 Cbnstus
670 2531 745 2596 possit
753 2533 799 2582 dici

57 2609 78 2640 '²0
93 2600 243 2656 domninus.
267 2604 325 2654 broit
344 2604 405 2654 enim
426 2604 565 2668 Augustinus
584 2603 608 2654 in
624 2604 666 2654 lib.
687 2603 799 2653 dxxxiii

47 2677 68 2710 n
80 2671 118 2733 idi
128 2687 157 2723 :u
170 2676 315 2727 uouendum
325 2679 360 2726 est
375 2678 401 2724 ut
413 2674 452 2724 itta
464 2676 523 2726 bona
536 2678 674 2739 expectent,
686 2687 738 2736 que
750 2672 800 2722 iue-

61 2742 64 2764 ¹
82 2737 99 2786 '¹¹1
111 2741 145 2794 itu
163 2747 262 2799 bomine
276 2745 399 2798 dominico.
412 2761 425 2790 u
441 2746 550 2809 Loquitur
562 2748 639 2795 auten
653 2745 682 2794 de
695 2741 795 2792 christo.

51 2809 226 2880 internuntii
247 2817 355 2868 Christus
369 2817 400 2868 sit
413 2817 486 2867 domo
501 2817 654 2867 demicione.
758 2880 763 2889 .

56 2877 180 2951 ²·Ptaettrea,
189 2889 252 2939 sicut
263 2887 389 2939 dominium
399 2888 506 2938 conuenit
514 2886 604 2938 Christo
618 2883 707 2935 ratione
717 2881 801 2932 dium
