1917 3317
267 216 298 253 ns
314 214 509 253 remanseramus
524 215 630 255 marom.
803 206 849 253 etr

62 292 103 344 hrt
116 293 223 357 primum
233 304 288 354 crgo
302 291 547 356 diaconimaritum
561 293 600 343 itia
613 294 749 345 anchritate
762 295 851 357 hugus-

25 364 77 415 tini
102 376 157 415 non
175 366 253 427 potest
271 364 374 415 concludi
387 364 447 428 qnod
464 377 545 415 omnes
566 364 600 415 itti
618 365 658 429 qui
674 365 699 415 in
719 366 851 429 purgatorio

27 440 120 499 erant,
135 436 225 487 fuerint
234 435 248 487 i
258 435 386 500 purgatorio
399 436 506 498 liberati3
520 438 561 487 seri
571 436 633 500 qnod
642 436 756 503 atiquihus
768 450 853 487 eornm

26 509 106 560 inerit
120 511 170 559 hoc
178 508 311 559 heneficium
320 508 437 571 collatum,
446 507 494 558 iltis
501 508 591 560 scitioet
599 508 639 572 oni
649 509 697 573 iam
708 509 852 560 sufficienter

27 581 131 646 purgati
145 583 227 641 erant,
239 580 277 631 nel
287 580 356 631 etiam
364 579 418 643 qui,
431 580 487 631 dnm
497 582 571 631 adhuc
584 580 705 644 sinerent,
716 582 852 631 moruerunt

27 666 75 717 per
90 652 167 703 tidem
183 656 207 703 ot
222 650 368 703 devotionem
381 653 410 701 ad
431 656 528 702 moment
543 651 644 714 Christi,
658 656 685 703 nt
698 664 726 703 co
747 654 851 703 imoen-

29 725 118 787 dente,
133 724 284 774 liberarentur
296 721 310 772 h
324 722 443 786 temporati
458 722 582 786 purgatorii
596 736 675 787 poena.

66 797 104 846 td
116 796 245 845 monadum
259 794 388 856 dicendum,
400 793 461 857 quod
472 794 546 844 virtus
556 794 643 845 Christi
656 798 763 859 operatur
775 794 800 844 in
814 808 850 845 sa·

30 865 169 915 cranrcntis
180 878 222 928 per
235 864 328 914 modum
337 862 523 913 sanctificationis
531 867 555 913 et
562 863 700 928 expiationis
711 864 848 928 qu'usdam3

31 936 100 987 unde
112 940 283 987 sacramentum
298 933 442 987 eucharistia
454 935 537 999 liherat
550 936 667 987 hominem
678 935 692 987 a
704 935 846 1001 purgatorio,

31 1008 61 1059 in
80 1012 196 1073 quantum
210 1010 244 1058 est
262 1006 396 1057 sacrificium
415 1008 527 1071 quoddam
542 1008 716 1059 satisfactorium
732 1021 774 1073 pro
791 1022 848 1073 pec-

34 1083 100 1130 cato.
116 1080 247 1131 Desconsus
261 1084 337 1130 annm
352 1079 437 1130 Christi
448 1080 476 1130 ad
489 1079 576 1130 interos
591 1092 639 1130 non
659 1080 703 1130 init
716 1080 848 1131 satisfacto-

33 1152 97 1203 rins.
116 1152 259 1216 Operahatur
274 1156 350 1202 tamen
364 1151 479 1203 invirtute
489 1151 615 1217 passionis,
626 1165 678 1216 qua
687 1152 730 1202 tuit
741 1154 850 1205 satisfac-

36 1222 111 1287 toria,
126 1228 154 1273 nt
166 1222 235 1287 snpra
245 1222 349 1273 hahitum
359 1227 408 1287 est3
419 1224 460 1275 sed
474 1227 523 1273 erat
536 1223 688 1275 satisfactoria
702 1223 848 1287 ingenerati,

38 1296 112 1359 cnjus
122 1294 231 1345 virtutem
239 1295 357 1359 oportebat
365 1295 472 1359 applicari
483 1296 512 1346 ari
520 1307 706 1359 unumquemque
714 1308 755 1359 per
765 1294 850 1359 aliquid

35 1367 175 1432 specialiter
188 1367 217 1427 ad
230 1366 305 1431 ipsum
317 1368 444 1431 pertinens.
460 1368 490 1417 Et
504 1366 558 1419 ideo
571 1381 617 1417 non
632 1370 723 1431 oportet
734 1366 797 1430 quod
808 1380 851 1431 per

35 1440 178 1491 descensum
187 1438 273 1489 Christi
280 1440 308 1489 ad
316 1438 400 1490 interos
410 1452 490 1490 omnes
498 1438 602 1489 tucriut'a
612 1438 743 1503 purgatorio
750 1438 849 1489 literati.

73 1511 108 1560 hd
121 1510 213 1559 tertium
229 1510 365 1572 dicendum,
382 1510 441 1574 qnod
452 1511 488 1561 ilii
499 1512 602 1561 deiectus
618 1510 631 1560 a
643 1510 727 1574 quihus
738 1510 849 1561 Christus

33 1584 63 1633 in
79 1582 218 1633 hocmnndo
228 1580 296 1631 simul
308 1581 412 1633 homines
426 1582 545 1643 hherabat,
557 1581 777 1645 erantpersonates,
792 1595 846 1645 pro-

35 1653 90 1720 prie
105 1653 133 1703 ad
145 1666 330 1717 unumquemque
345 1652 503 1718 pertinentes3
519 1655 559 1704 sed
577 1652 679 1705 exclusio
692 1651 788 1715 aglons
801 1654 844 1705 tici

35 1729 92 1779 erat
109 1724 200 1787 quidam
217 1725 319 1775 detectus
337 1725 457 1788 generalis,
467 1724 586 1789 pertinens
596 1726 624 1775 ad
638 1728 710 1775 mmm
721 1725 848 1775 humanam

36 1801 154 1849 naturam.
169 1796 198 1845 nt
211 1795 262 1847 ideo
276 1795 334 1846 nihii
347 1796 453 1859 prohihet
466 1810 508 1847 eos
525 1797 644 1860 quierant
661 1795 685 1844 in
705 1795 845 1859 purgatorio,

38 1883 84 1936 per
94 1868 211 1919 Christum
225 1880 276 1919 esse
285 1866 393 1919 liberatos
404 1868 433 1918 ab
445 1866 579 1919 exctusione
588 1866 602 1917 i
610 1866 696 1930 gloria,
706 1880 753 1918 non
765 1871 844 1918 antem

38 1944 54 1993 a
71 1943 134 1991 reatu
147 1952 221 2004 poene
234 1938 371 2003 purgatorii,
379 1939 419 2003 qui
436 1939 536 2004 pertinet
548 1940 577 1990 ad
590 1939 708 2003 proprium
721 1939 846 1990 deiectum.

41 2012 112 2062 Sicut
123 2011 136 2063 e
147 2010 259 2063 contrario
273 2011 348 2061 sancti
361 2017 439 2075 patros
453 2017 507 2063 ante
519 2011 608 2062 Christi
618 2011 740 2063 adrentum
754 2010 847 2061 tihomti

40 2085 100 2137 suut
120 2082 132 2132 a
149 2081 245 2147 propriis
265 2082 406 2145 detectihus,
422 2096 469 2133 non
488 2086 564 2135 autem
583 2082 702 2135 arefecta
714 2080 844 2145 muntani,
876 2108 882 2117 ·

41 2156 104 2208 sicut
120 2154 187 2220 sapit
202 2154 290 2207 dictum
303 2158 348 2207 est.

310 2422 576 2509 cunctantur.

76 2582 107 2627 tte
119 2583 295 2628 rmocscctiooe
311 2580 420 2633 coristi,
432 2584 462 2628 c'o
475 2584 715 2643 commasticans
728 2583 819 2628 diviso.

79 2735 242 2797 consequenter
256 2733 443 2786 considerandum
460 2737 497 2785 est
513 2732 541 2785 de
556 2734 594 2785 his
612 2746 663 2797 qno
679 2730 798 2797 pertinent
815 2736 844 2786 ad

46 2804 201 2860 exaltationem
223 2806 315 2859 Christi.
330 2807 359 2857 Et
380 2805 473 2871 primo,
493 2807 592 2872 noejus
613 2805 792 2870 resurrectione3
809 2820 846 2859 se·-

47 2876 135 2940 cuntt,
151 2877 177 2928 de
193 2879 243 2944 ejus
257 2880 406 2943 ascensione;
421 2879 500 2941 tertio,
510 2878 538 2930 de
548 2880 600 2943 ejus
611 2876 716 2929 sessione
726 2879 755 2930 ad
764 2880 845 2931 herh-

45 2964 96 3007 ran
107 2948 189 3013 Patris3
203 2950 292 3015 amah,
308 2952 336 3003 de
347 2949 468 3015 judiciaria
482 2953 597 3016 potestate
611 2949 692 3013 ipsius.
