1917 3317
130 107 176 156 ast
216 115 324 174 ιιιιιιι
339 115 467 168 suemus,
485 115 579 162 onusr.
595 114 721 166 ιιιιιιιι,
735 114 791 154 aar.
807 114 838 154 rr.

162 195 195 244 hd
209 193 335 245 secundum
351 192 485 258 dicendum,
497 192 558 256 qubd
567 192 641 256 prirna
651 192 730 242 ulossa
739 191 834 255 loquitur
844 186 904 260 daut

130 266 210 318 titione
224 280 273 329 qnae
287 266 312 314 ht
327 279 355 316 ex
366 265 492 329 cupiditate
499 303 508 329 ‚
516 267 542 315 ut
550 268 614 329 patet
626 277 655 314 ex
664 263 739 314 verbio
752 258 864 328 hpostoli3
875 254 914 306 aha

130 341 207 388 antem
217 337 299 388 'Glossa
311 337 411 401 loquitur
428 337 456 388 de
469 336 514 386 illis
527 336 566 400 qui
577 337 662 399 absque
675 335 738 386 omni
749 335 844 386 utilitate
856 338 912 391 qutffl

129 408 229 470 iaciunt,
241 409 369 460 necessaria
381 412 475 472 petunt,
486 411 514 457 ut
522 407 588 460 otiosi
596 408 677 457 vivant
688 424 695 471 3
707 420 755 458 non
764 411 838 458 eutem
847 396 909 454 otitst

129 480 201 543 uiuit,
219 481 257 544 qui
272 481 466 545 qualitercumque
482 479 569 531 utiliter
581 480 648 531 vivit.
878 543 882 552 Ι

161 555 194 604 dd
214 553 307 604 tertium
324 553 457 617 dicendum,
470 553 531 618 qubd
549 567 579 604 ex
596 553 635 603 illo
648 555 762 616 precepto
774 551 830 615 legin
842 547 913 600 diune

37 649 40 654 ·
128 639 174 676 uon
187 625 320 690 prohibetur
333 625 401 676 altori
414 625 559 690 mendicare3
573 627 614 676 secl
626 624 759 690 prohibetur
772 611 876 674 divitibus
888 625 910 664 ut

129 699 177 747 tam
196 700 288 748 tenaces
305 697 364 759 sint,
379 701 405 746 ut
421 701 515 762 propter
527 700 572 748 hoc
587 695 658 761 aliqui
673 700 776 760 egestate
796 691 915 746 mendicare

130 771 247 833 cogantur.
257 772 304 820 Lex
317 773 392 820 antem
408 768 483 819 civilis
494 769 591 833 imponit
601 781 692 833 poenarn
705 769 786 818 validis
799 763 917 819 mendican-

130 839 204 903 tibus,
218 840 256 904 qni
267 855 311 891 non
321 845 412 906 propter
423 839 558 904 utilitatem,
571 841 608 892 rel
620 839 779 891 necessitatem
787 833 917 890 mendicant.

162 913 195 962 hd
213 917 315 976 quartum
333 914 469 975 dicendum,
487 912 547 976 qubd
566 913 651 976 duplex
667 918 703 962 est
722 911 839 976 turpitudo
861 913 919 983 :tbi

132 985 304 1041 inhonestatis,
314 985 357 1035 alia
368 987 505 1036 celerioris
517 984 645 1048 desectus,
656 984 716 1034 sicut
724 989 790 1049 turpe
797 988 833 1035 est
842 984 918 1054 honre}

131 1069 182 1108 esse
197 1057 311 1106 infirmum
332 1056 368 1107 vel
384 1070 521 1121 pauperem
539 1061 563 1107 et
580 1057 631 1107 talis
648 1056 765 1119 turpitudo
778 1051 921 1106 mendicitato

131 1143 177 1180 non
187 1131 286 1194 pertinet
301 1130 329 1180 ad
343 1129 445 1194 culpam,
457 1131 496 1180 sed
511 1130 538 1180 ad
556 1127 707 1180 humilitatem
718 1129 834 1194 pertinere
845 1123 921 1192 potest

132 1204 157 1250 ut
170 1201 254 1251 dictum
267 1205 310 1251 est.

164 1273 197 1324 hd
211 1273 314 1338 quintum
328 1273 460 1335 dicendum,
473 1273 533 1338 qubd
545 1272 722 1339 predicantibus
736 1285 766 1324 ex
776 1272 854 1323 debito
865 1268 924 1341 debe¹

131 1345 252 1396 turnicius
270 1347 297 1396 ab
315 1345 358 1396 bis.
368 1347 449 1412 quihus
462 1346 604 1410 pradicant3
616 1345 637 1395 si
649 1349 725 1396 tanren
745 1358 791 1396 non
808 1342 879 1409 qnasi
890 1337 926 1388 sibl

133 1417 248 1479 debitum,
264 1419 303 1468 scd
318 1418 382 1482 quasi
396 1418 466 1482 gratis
478 1418 577 1468 dandum
590 1415 740 1469 mendicando
757 1421 840 1481 petere
853 1412 927 1471 veut

133 1489 161 1540 ad
177 1493 287 1550 majorem
297 1489 450 1542 humilitatem
464 1489 572 1554 pertinet.

423 1669 639 1721 anrrconusvr.
935 1628 937 1733 ξ

135 1801 220 1846 Utrum
235 1801 305 1846 liceat
318 1780 437 1860 redipioste
450 1801 577 1908 ιὶιὶῖνὶιέιιι
593 1799 755 1856 restituenti,
769 1813 844 1859 quom
859 1742 937 1883 croton!

474 1875 492 1908 tt
503 1875 536 1909 tm
548 1876 588 1909 αι’.
617 1900 620 1910 .
935 1888 937 1985 1

164 1996 197 2046 hd
210 1999 299 2046 sextum
313 1994 346 2045 sio
355 1995 493 2060 proceditur.
504 1995 600 2045 Videtur
608 1996 668 2059 qubrl
680 2008 726 2046 non
739 1994 807 2045 liceat
820 1992 937 2060 religiosis¹

131 2066 249 2117 vilioribus
261 2065 363 2118 vestibus
372 2069 406 2118 uti
415 2081 482 2130 qnam
492 2066 590 2118 ceteris.
597 2068 653 2126 Quia
662 2067 787 2118 seeundum
798 2052 937 2141 hpostolnnl

132 2141 150 2190 Ι.
168 2139 203 2187 oct
221 2138 312 2196 Thess..
325 2139 369 2190 ult.
386 2155 392 2189 :
410 2157 423 2186 ι
438 2139 471 2188 hb
485 2139 547 2188 omni
567 2139 642 2202 specie
657 2140 715 2189 mala
735 2139 855 2192 abstinere
873 2141 937 2195 nouo

132 2224 193 2260 mus.
204 2225 218 2256 ιι
231 2209 275 2260 Sed
284 2211 361 2260 vilitas
371 2211 469 2261 vestium
482 2210 552 2260 habet
564 2210 664 2274 speciem
673 2210 739 2274 mali3
751 2212 805 2261 dicit
814 2213 885 2262 enirn
897 2206 937 2267 llo!

133 2283 209 2332 minus
223 2282 325 2342 narra,
339 2283 380 2332 vn
402 2299 407 2333 ι
425 2282 570 2332 «treione
585 2282 674 2333 aratos
689 2283 827 2348 Prophetis,
843 2287 894 2349 qur
908 2278 937 2339 ιι

133 2353 199 2404 niunt
213 2355 239 2404 ad
249 2367 290 2405 ros
301 2355 326 2404 in
337 2354 480 2406 vestimentis
496 2355 591 2419 orium3
606 2358 654 2406 oet
666 2369 735 2420 snper
749 2358 804 2407 illud
818 2350 937 2423 Apocotl

133 2427 162 2475 Vl
178 2441 184 2475 :
200 2443 213 2473 ιι
223 2427 280 2476 Ecce
294 2426 479 2490 equuspallidus,
491 2443 505 2473 o
515 2430 570 2489 etc,
587 2426 642 2477 dicit
656 2427 736 2477 Glossa
746 2427 878 2480 :obidens
894 2433 937 2480 diat

133 2496 197 2548 bolus
207 2510 250 2548 neo
260 2511 300 2561 per
314 2501 403 2568 apertas
415 2497 582 2560 tribulationes,
592 2511 635 2547 neo
647 2512 688 2563 per
699 2503 789 2562 apenos
799 2501 916 2552 hereses
928 2514 937 2565 s

133 2581 199 2632 posse
216 2568 339 2632 proficere,
349 2567 465 2631 promittit
478 2569 549 2620 falsos
567 2569 662 2633 iratres,
677 2570 717 2634 qui
733 2572 776 2622 sub
788 2573 879 2623 habitu
898 2576 937 2626 rel

133 2640 207 2701 gionis
228 2640 330 2690 obtinent
349 2643 451 2692 naturam
471 2644 495 2692 ιι
513 2641 555 2690 rufi
570 2641 623 2704 equi
644 2646 668 2692 et
689 2642 762 2706 nigri,
783 2648 937 2708 pervertent

134 2711 210 2762 fidem.
228 2729 242 2759 n
257 2713 316 2774 Ergo
330 2711 420 2762 ridetur
433 2711 492 2776 qubd
505 2712 606 2776 religiosi
616 2727 663 2764 noo
674 2715 772 2764 debeam
787 2714 882 2768 ilibus
897 2734 937 2774 ve*

134 2785 196 2835 tibus
208 2783 251 2833 uti.
864 2803 874 2816 ·

136 2903 141 2914 ,
165 2860 188 2905 2.
199 2857 324 2922 Praeterea,
335 2857 488 2922 llieroupurus
501 2856 556 2910 dicit
568 2859 605 2910 ad
615 2860 787 2924 Nepotianum
799 2875 808 2910 :
823 2876 839 2910 ι
853 2861 937 2916 vestr
