1917 3317
239 212 271 262 ut
287 224 437 271 nunnnnnouu
453 220 557 276 inmitis.
754 223 800 287 tit

43 296 57 343 t
74 296 199 362 Pontum
214 299 292 354 nutius
304 316 425 369 persuasor
439 314 602 369 convenienter
614 317 696 374 suadet
708 328 800 378 eontra·

43 366 116 431 noejus
128 369 187 435 quod
198 371 306 425 intendit.
319 376 363 429 Sed
374 379 480 435 diabolus
490 388 592 439 nauem
600 390 717 444 Christum
730 406 799 461 ευριπ

43 440 140 491 naculum
156 444 258 508 tempti,
273 446 406 502 intendebat
429 468 482 505 euni
500 456 528 508 de
551 461 657 527 superbia
680 479 722 517 sen
737 481 798 521 vana

43 510 65 559 ia
80 514 176 564 noue.
192 514 252 579 Engo
265 516 452 576 inconvenienter
468 530 592 591 persuadet
604 534 627 583 ei
639 536 666 585 ut
681 549 706 587 se
722 538 797 591 mittat

43 596 98 632 nunu
107 599 114 647 ;
124 586 186 649 quod
197 591 233 638 est
247 592 383 644 eontrarium
394 596 553 661 superbienti
565 616 630 657 nane
643 606 730 672 dode,
744 624 795 675 que

43 668 82 715 oen
97 656 180 718 quent
193 662 325 715 ascendere.

60 726 192 793 preterea,
203 744 250 781 uua
261 736 358 788 tentatio
369 741 509 794 couveniens
518 746 554 796 eet
566 750 592 797 ut
603 747 634 799 sit
645 747 673 800 de
684 763 731 803 uno
740 765 795 817 peo-

43 836 44 843 ,
63 798 112 847 sed
126 799 292 855 intentatione
308 820 359 870 uuo
372 809 416 861 duit
429 812 453 862 in
472 819 563 879 monte,
578 818 623 871 duo
632 825 726 885 peecata
737 837 794 889 pen-

43 870 71 928 t,
89 870 180 921 soitinet
190 874 339 937 cupiditatem
357 883 380 931 et
394 882 554 937 idololatniuuu.
572 890 623 941 Non
637 904 691 957 engo
705 905 790 947 conve-

43 955 45 985 ι
64 940 162 991 videtur
174 942 247 995 inisse
260 948 393 1003 tentationis
404 954 495 1007 modus.

50 1014 179 1073 Praeterea,
195 1016 332 1071 tentationes
343 1024 371 1073 ud
384 1032 480 1087 pennata
489 1029 632 1084 ordinantur.
646 1035 690 1087 Sed
702 1041 790 1103 septem

43 1084 101 1133 :itia
114 1086 224 1149 ¹neuenitelio
233 1126 239 1151 ,
249 1090 273 1141 nt
284 1091 308 1141 in
321 1094 350 1143 tt.
363 1098 422 1159 pant.
435 1099 535 1150 oabimnn
548 1108 583 1153 est
594 1105 638 1168 (tt.
652 1107 703 1158 Non
714 1114 791 1163 annun

44 1158 71 1203 it
87 1156 137 1218 nisi
151 1156 183 1207 de
199 1159 280 1223 onnus,
291 1163 381 1216 seilicet
394 1168 455 1231 gula,
464 1182 523 1221 vana
538 1172 609 1237 gloria
622 1179 646 1227 et
657 1178 788 1242 eupiditate.

43 1241 94 1289 nuo
113 1227 210 1278 videtur
227 1232 343 1285 sufficiens
360 1240 496 1291 tentationis
509 1245 590 1296 nundus
605 1246 688 1299 tuisse.

43 1302 176 1362 tnaetenee,
187 1306 240 1365 post
255 1304 372 1357 vintoniam
383 1310 485 1361 omnium
499 1314 622 1382 vitianum,
636 1326 739 1373 remanet
747 1324 789 1375 ho·

45 1370 145 1421 eutatio
157 1373 272 1436 snoenhine
282 1376 322 1427 vel
332 1390 396 1431 vnnae
405 1382 494 1447 gioniae3
506 1386 558 1449 quia
572 1390 787 1453 superbiendum

43 1432 170 1507 operibus
178 1444 309 1511 insidiatur,
318 1455 346 1500 ut
356 1457 457 1517 peream,
470 1471 484 1503 o
497 1458 557 1509 sieut
567 1459 624 1511 dicit
636 1461 785 1527 Augustinus.

46 1515 173 1566 euieuteu
190 1528 245 1581 engo
259 1518 378 1574 Mattheus
391 1523 496 1576 ultimam
507 1530 573 1591 ponit
586 1534 737 1585 tentationem
748 1548 787 1586 nu-

48 1602 60 1633 s
83 1587 115 1636 in
138 1592 236 1650 moute,
250 1592 346 1643 mediam
365 1598 440 1646 autem
453 1596 528 1651 inanis
549 1602 625 1665 glorio
639 1606 663 1654 iu
683 1607 783 1673 tempto,

43 1662 94 1709 im
111 1658 172 1711 οὺιῃ
186 1660 260 1713 Lneos
275 1664 365 1715 oudinet
379 1666 523 1721 econverso.

43 1736 161 1791 ueteres,
181 1730 334 1799 Bienouymus
347 1736 403 1789 dtnit
421 1754 498 1807 sape
509 1743 613 1803 Metto,
628 1746 687 1812 quod
702 1762 717 1797 n
730 1763 784 1814 puo-

43 1818 48 1851 t
70 1802 178 1853 Christi
190 1803 233 1853 init
251 1804 364 1857 diaboiuan
375 1810 505 1864 humssitate
518 1814 623 1880 vincere,
639 1832 685 1870 nou
700 1825 783 1884 pons·

43 1877 193 1937 lingonen
212 1874 335 1940 impendeo
354 1882 377 1931 et
393 1882 536 1949 ¹objurgando
549 1898 601 1939 eum
618 1887 727 1955 repetiere
743 1891 783 1945 de-

44 1950 150 1996 icensn
173 1946 263 1997 «vada
281 1950 357 2013 netad,
374 1953 491 2005 Satanno
688 2030 691 2035 Ι

44 2023 173 2079 esteten,
197 2019 298 2071 narratio
312 2020 431 2087 Evangelii
446 2026 537 2078 videm
551 2028 634 2080 falsum
648 2031 779 2099 cnudneue3

43 2106 68 2140 n
97 2086 205 2139 videtur
220 2090 331 2152 possibile
354 2094 415 2157 ondd
430 2097 533 2149 Christus
549 2111 618 2164 snpra
634 2101 781 2167 pinnaeulum

43 2159 128 2212 tatui
144 2158 266 2224 potuerit,
280 2163 337 2227 quin
349 2166 377 2216 uo
395 2167 446 2219 aliis
466 2169 595 2236 videretur3
609 2184 684 2237 neque
697 2174 780 2240 aliquit

43 2252 69 2285 n
90 2232 168 2283 altus
180 2231 343 2295 iuvenitun,ut
351 2238 405 2289 inde
418 2240 480 2291 totus
493 2242 591 2293 muudus
599 2244 683 2309 inspici
691 2248 775 2312 nonsit,

48 2322 70 2356 χ
104 2316 142 2355 eo
157 2305 280 2368 potuenint
297 2307 389 2359 Christo
403 2312 479 2361 omnia
494 2321 563 2374 reguo
580 2315 659 2366 mundi
678 2318 777 2370 ostendi.

45 2378 155 2430 denter
171 2386 229 2438 ergo
246 2376 336 2428 videtur
350 2378 462 2446 descripta
475 2383 562 2434 Christi
572 2388 680 2439 mutatio.

43 2456 128 2501 ntra
143 2449 183 2495 est
198 2446 323 2512 Soniptuno
333 2462 403 2503 suone
420 2454 552 2505 anamotus.

43 2530 196 2573 nusae-
203 2518 360 2571 convenienti
367 2524 447 2575 ordine
459 2526 489 2575 ab
497 2526 648 2591 Evangetistis
660 2528 776 2595 descripta

43 2594 82 2645 nui
119 2588 189 2639 teins
206 2590 231 2639 in
249 2590 340 2642 desento
358 2594 473 2660 tentatio.)
530 2600 533 2605 '

48 2669 128 2716 uteo
155 2660 296 2723 dicendum,
312 2662 372 2729 quod
389 2668 484 2719 tuentio
496 2681 549 2733 quae
563 2673 600 2720 ent
613 2669 641 2721 ab
656 2672 737 2733 noete,
749 2665 775 2723 nt

43 2752 85 2790 m
115 2731 296 2798 suggestionis,
314 2740 341 2785 ut
351 2736 474 2802 drogon-tus
489 2739 546 2791 dicit
559 2740 609 2805 (uiti
620 2740 709 2805 sunni).
723 2742 774 2793 Nou

45 2900 125 2953 spe
146 2884 172 2945 1,
184 2886 210 2946 ἓ,
222 2898 266 2947 qus
279 2886 319 2953 fit,
335 2893 378 2939 out.
396 2892 425 2954 d,
440 2892 479 2941 ubi
496 2898 661 2942 enumerantur
672 2898 696 2941 et
713 2897 773 2943 atot-

43 2975 62 3006 1
85 2950 235 3015 putem.
