1917 3317
228 176 261 211 nn
277 175 489 219 consaouuarrnus
504 176 622 214 orionas·
778 169 824 214 tob

44 250 123 299 dedant
137 262 164 300 ea
186 263 240 314 qna
262 254 318 301 suut
334 250 451 314 utriusqus
473 255 575 315 natura3
592 251 651 302 dunt
673 255 719 304 hoc
740 266 824 304 nomeu

46 320 133 370 hristus
142 322 181 372 yet
193 320 333 370 Dominus.
348 321 413 372 Unde
425 323 579 373 concedebant
592 323 708 375 christum
718 337 769 374 esse
779 337 823 374 na·

41 405 73 438 cn
84 392 107 442 de
119 392 223 455 Vugine,
233 395 257 443 st
270 391 343 443 tuisse
357 393 387 444 ab
396 397 493 456 aeteruo;
509 407 556 445 non
571 397 646 444 tamen
664 395 771 445 dicebant
782 397 821 445 vet

42 477 89 510 oin
103 467 177 513 natum
191 464 223 514 de
238 463 346 526 Virgine,
360 464 399 514 vel
408 465 526 514 hominem
538 465 569 514 ab
578 470 665 517 ahino
678 465 759 516 inisse.
772 467 824 516 Ca-

41 534 95 582 nnici
105 535 296 600 subposuerunt
305 535 436 598 hujnsmodi
446 550 496 600 qua
506 536 611 586 dicuntur
622 538 650 586 de
658 537 751 588 Christo
760 538 820 602 (sivo

44 604 137 654 =2··nudim
156 606 265 656 hainam
280 609 398 666 naturam,
413 605 462 658 sive
476 606 603 658 secundhm
623 609 762 672 humanam)
773 609 819 659 dici

43 689 87 724 ‘biit
97 682 137 727 tani
149 678 179 729 de
190 679 241 728 heo
251 715 259 738 ,
271 675 341 740 quim
352 677 380 728 de
389 677 490 728 homine.
501 679 565 729 Unde
574 678 673 743 cyrillus
682 679 739 730 dicit
750 695 756 729 :
769 681 820 732 «Si

55 747 73 794 is
87 749 164 800 duabus
173 748 288 813 personis
300 761 342 798 sou
354 748 515 812 subsistentiis,
524 766 538 796 a
548 750 573 800 id
586 755 635 809 est,
649 752 818 815 hypostasibus,

59 831 87 867 eus
98 835 142 884 que
155 821 182 871 in
198 820 349 884 Evangelicis
362 825 387 870 et
399 821 534 884 hpostotieis
543 822 747 887 conscriptionibus
755 827 822 887 sunt,

54 891 95 940 adit
106 906 188 956 voces,
200 893 244 942 vel
256 905 286 941 ea
299 905 350 955 qua
369 893 397 942 de
410 893 503 943 Christo
519 893 534 943 h
549 895 638 944 Sancbs
655 894 767 957 dicuntur,
786 895 825 944 vet

52 963 105 1023 ¹ipso
121 964 220 1016 Christo
236 965 266 1014 de
285 962 409 1026 semetipso
417 999 426 1026 ,
441 967 464 1014 et
481 963 568 1027 aliquas
579 965 671 1027 cuidem
686 979 715 1016 ex
728 966 765 1016 his
779 966 822 1016 ho·

50 1034 73 1080 ..ii
87 1036 234 1099 applicandas
253 1034 390 1097 crediderit,
410 1034 496 1098 aliquas
510 1034 566 1086 verb
580 1035 624 1086 soti
634 1037 707 1086 Verbo
724 1038 823 1100 deputa-

54 1109 88 1163 nt,
100 1109 223 1158 anamema
234 1107 278 1156 sit.
290 1123 306 1154 u
320 1107 350 1155 Et
359 1106 429 1170 hujus
438 1107 497 1158 ratio
510 1109 553 1170 est,
568 1108 622 1170 quia
633 1107 686 1158 ebur
698 1109 729 1158 sit
739 1110 822 1159 eadem

49 1179 137 1232 ¹cistasis
158 1179 290 1240 utriusque
314 1182 418 1239 natura,
432 1178 511 1228 eadem
532 1178 663 1242 hypostasis
682 1179 823 1243 supponitur

60 1249 103 1298 niue
112 1251 238 1314 utriusque
251 1253 347 1298 natue.
359 1249 412 1300 Sive
424 1262 479 1312 ergo
488 1250 575 1300 dicatur
584 1250 673 1308 bomo,
683 1251 732 1301 sire
743 1252 818 1306 Dese,

68 1320 141 1378 ponitur
159 1320 305 1387 hypostasis
321 1319 405 1371 divina
416 1325 440 1370 et
451 1322 558 1372 hnmana
573 1325 667 1372 natura.
683 1322 713 1371 Et
727 1321 779 1372 ideo
793 1320 822 1370 de

60 1390 102 1439 iriae
113 1397 213 1456 possunt
228 1390 277 1441 dici
291 1404 319 1441 ea
335 1405 385 1454 quae
397 1395 451 1440 sunt
465 1391 546 1442 divina
556 1395 657 1453 naturae,
672 1396 779 1455 tanquam
793 1391 821 1442 de

57 1464 128 1512 ,tostici
144 1463 240 1516 divinae
255 1465 358 1524 naturae3
370 1464 394 1511 et
405 1462 433 1512 de
446 1463 493 1512 Deo
506 1462 695 1526 possantdiciea
708 1475 759 1525 quae
768 1465 823 1512 sunt

57 1547 115 1584 παιιω
137 1541 254 1595 naturae,
271 1537 381 1596 unquam
400 1534 428 1585 de
451 1534 569 1598 hypostasi
592 1535 698 1584 humanos
724 1537 820 1586 nature.

56 1606 130 1655 undam
142 1611 228 1657 nmen
244 1603 307 1667 quod
324 1604 350 1653 in
367 1605 525 1668 propositione
543 1605 568 1653 in
582 1617 626 1668 qua
639 1604 724 1668 aliquid
738 1604 765 1654 de
777 1603 819 1653 aii·

53 1688 63 1720 o
80 1677 219 1739 practicatur,
241 1687 291 1726 non
305 1673 379 1726 sotiani
396 1676 522 1727 attenditur
534 1676 589 1739 qnid
607 1676 640 1725 sit
652 1676 709 1726 illud
727 1677 756 1726 de
775 1689 821 1739 qno

52 1747 151 1798 adiectum
164 1747 322 1814 praedicatur,
332 1747 372 1797 sod
387 1747 455 1797 etiam
467 1746 592 1798 secmdbin
604 1746 660 1812 quid
674 1748 703 1798 de
712 1748 751 1798 iilo
760 1761 820 1810 pra-

56 1824 102 1867 eut.
119 1817 236 1880 Quamvis
252 1831 306 1880 ergo
320 1830 368 1867 non
386 1817 556 1881 distinguantur
567 1831 656 1881 ecquos
669 1818 820 1881 praedicantur

59 1888 152 1950 chriso,
161 1890 343 1951 distinguuntur
354 1893 431 1938 tamen
442 1887 564 1938 secundum
573 1887 605 1950 id,
619 1888 743 1940 oecuudhm
758 1892 819 1954 quod

50 1972 126 2022 inps
134 1961 293 2026 praedicatur.
309 1961 368 2009 Nam
382 1972 409 2008 ea
420 1973 470 2022 quae
479 1961 533 2009 sunt
545 1959 629 2010 diviua
641 1964 727 2011 natura
737 1961 821 2024 predi-

62 2036 89 2076 ων
99 2033 124 2082 de
136 2031 236 2084 Christo
255 2029 382 2080 secundiani
395 2029 496 2080 divinam
507 2033 624 2094 naturam3
639 2044 667 2082 ea
680 2036 757 2081 antem
767 2044 820 2095 quaa

62 2103 170 2154 thuinanae
183 2105 290 2164 naturae,
303 2099 458 2164 predicantur
475 2102 504 2152 de
517 2114 545 2151 eo
558 2102 684 2152 secundiani
696 2106 820 2152 humanam

61 2176 193 2226 ittaffl.Uhde
205 2173 357 2236 Augustinus
370 2173 427 2222 dicit
439 2173 464 2222 in
475 2173 496 2222 1.
510 2174 547 2222 De
559 2173 650 2224 Trinit.
664 2175 733 2239 (cap.
752 2177 799 2235 11)
810 2189 817 2224 ε

50 2245 207 2310 distinguamus
217 2243 278 2310 quid
289 2243 315 2294 in
326 2243 448 2308 scripturis
458 2247 524 2294 sonet
532 2245 658 2294 secundiani
667 2246 763 2296 formam
770 2245 821 2310 hei,

64 2318 213 2382 coaequalis
232 2319 274 2366 est
294 2313 370 2378 Patri,
385 2317 408 2365 et
426 2315 481 2378 quid
500 2315 624 2366 secuuddm
641 2315 738 2367 formam
763 2316 824 2367 servi

57 2400 82 2432 in
93 2390 192 2454 accepit,
208 2387 239 2438 in
255 2400 301 2450 qna
318 2386 394 2436 minor
413 2390 449 2436 est
462 2387 545 2449 Patre3
561 2404 575 2434 o
594 2391 618 2438 et
630 2387 689 2438 iutra
709 2403 716 2438 :
734 2405 748 2436 c
764 2387 823 2446 Quid

67 2461 103 2513 pter
114 2461 164 2523 quid
177 2465 224 2523 ,et
239 2458 297 2522 qnid
309 2455 436 2508 niundon
452 2458 506 2521 qaid
517 2459 613 2520 dicatur,
630 2461 731 2523 prudens
744 2463 768 2510 et
784 2458 820 2510 di-

61 2540 89 2575 ns
101 2535 122 2580 et
135 2531 189 2596 pins
200 2531 281 2582 tector
292 2528 417 2592 intelliget.
428 2544 443 2576 »

64 2598 83 2644 td
98 2602 190 2664 prinum
212 2613 276 2664 ergo
291 2599 431 2664 dicendum,
452 2600 512 2664 qubd
530 2599 635 2664 opposita
649 2600 770 2665 predicari
795 2601 824 2650 de

64 2681 96 2716 du
103 2674 227 2726 scandiam
239 2673 314 2734 idem,
325 2676 361 2722 est
370 2670 524 2736 impossibile3
536 2673 578 2722 sed
591 2671 716 2722 seeundhm
732 2672 823 2721 diversa

63 2744 79 2784 id
94 2746 200 2804 prohihet.
216 2745 251 2795 Et
266 2744 311 2794 hoc
324 2743 390 2794 inodo
401 2743 506 2806 opposita
518 2742 668 2808 predicantur
679 2743 707 2792 de
720 2742 774 2792 Chri
780 2747 824 2804 sto,

52 2823 71 2852 ‚n
85 2817 197 2868 secuddm
220 2817 287 2866 idem
295 2851 305 2878 ,
325 2815 365 2866 sed
379 2813 503 2864 secundhm
514 2815 616 2866 diversas
631 2817 733 2863 naturas.

64 2881 89 2929 ,ti
101 2889 221 2940 seudum
236 2885 379 2950 dicendum,
392 2885 454 2950 quod
465 2885 520 2938 siea
534 2899 586 2950 quae
599 2885 627 2934 ad
644 2883 757 2934 deiectum
772 2897 824 2946 per·
917 2906 918 2911 =
