1917 3317
269 213 301 248 on
316 213 461 251 uarrvrrarn
477 213 580 250 nnnrsrr.
783 205 827 251 691

47 287 121 349 piritns
135 288 220 346 saneti,
232 292 258 337 ut
269 288 338 352 suprd
351 290 454 339 habitum
466 293 502 339 est
517 289 545 354 (l.
557 292 628 353 part,
637 304 677 353 qn.
689 294 727 348 39,
736 294 779 340 nrt.
791 290 828 353 Ι).

46 357 109 417 lita,
126 359 179 408 ciam
192 358 275 408 dieitur
294 375 300 408 :
320 360 389 409 Beata
402 360 472 423 Virgo
486 365 521 409 est
534 360 604 409 llater
618 360 673 422 Dei,
688 360 732 411 hoe
745 373 828 411 nomen

47 435 84 479 teus
97 429 209 495 supponit
224 444 265 494 pro
277 431 326 482 sola
338 444 437 495 persona
450 430 504 481 Filii
515 430 642 481 incarnata.

326 610 486 659 rediculus
502 610 530 659 t.

169 732 260 775 Uirium
269 732 296 776 in
312 732 407 777 ctrtsto
420 735 470 779 aiut
483 734 535 777 daeo
542 734 684 787 filiationes.

60 857 89 904 ld
103 856 214 920 quintum
228 855 262 905 sir:
274 857 402 920 proceditur
412 856 457 921 (t).
472 856 566 907 Videtur
576 857 636 921 qudd
650 856 828 908 inChrislosint

47 940 74 974 ne
88 927 222 977 filiationes.
238 926 352 978 Natiuitas
367 928 427 979 enim
445 932 479 978 est
502 942 572 979 eausa
594 928 718 978 filiationis.
741 928 786 977 Sed
804 928 828 977 in

47 998 110 1047 tuiato
120 1001 177 1047 sunt
193 998 246 1047 dum
258 998 400 1049 nativitates.
415 1001 473 1064 Ergo
486 998 555 1049 etiam
569 1000 593 1049 in
607 998 697 1051 Christo
711 1002 764 1047 sunt
778 1000 827 1051 duat

47 1067 153 1120 dationes,

58 1142 77 1185 Ι.
93 1142 228 1201 Praeterea,
249 1138 327 1189 filiatio
352 1152 397 1201 qna
414 1138 466 1201 quis
482 1140 563 1191 dieitur
580 1139 639 1189 tilius
659 1137 770 1203 alicujus,
790 1139 828 1189 vel

50 1211 96 1259 utris
110 1211 149 1261 rel
160 1208 244 1275 patris,
254 1210 368 1274 dependet
378 1209 505 1272 aliqualiter
517 1212 544 1261 ab
558 1210 623 1275 ipso,
638 1210 691 1273 qnia
705 1224 755 1259 erre
769 1209 827 1259 rela-

47 1280 85 1329 .·uis
102 1285 139 1331 est
155 1281 187 1330 ad
205 1280 267 1329 alind
282 1279 409 1343 aliqualiter
421 1295 446 1331 se
460 1283 560 1344 habere3
579 1282 638 1329 unde
652 1284 675 1329 et
691 1281 827 1343 interempto

47 1364 71 1399 no
83 1352 254 1410 relativorum,
270 1350 406 1400 interimitur
419 1351 490 1402 aliud.
506 1353 553 1401 Sed
572 1350 650 1399 filiatio
667 1352 766 1411 aeterna,
783 1361 827 1413 qua

47 1422 121 1472 'aristus
144 1427 184 1472 est
204 1420 276 1471 Filius
290 1421 329 1471 oet
343 1420 430 1483 Patris,
445 1436 492 1471 non
515 1420 655 1481 deuerrdetd
673 1422 756 1484 llatre,
775 1420 829 1483 quia

47 1493 104 1541 llum
119 1498 239 1544 aeternum
255 1493 368 1555 dependet
382 1491 394 1540 l
407 1493 535 1556 temporali.
549 1494 609 1555 Ergo
620 1490 725 1541 Christus
737 1504 782 1539 non
794 1492 829 1539 est

47 1579 75 1611 ‚nr
86 1564 170 1613 matris
184 1561 296 1612 filiatione
317 1562 418 1626 aeternd3
433 1568 473 1613 aut
492 1578 545 1627 ergo
560 1564 623 1613 nullo
641 1562 707 1612 modo
719 1564 753 1611 est
766 1560 827 1611 lulius

47 1635 161 1697 estquod
177 1638 215 1683 est
229 1636 309 1683 eontra
325 1634 469 1697 predicta),
489 1638 527 1684 ant
541 1637 628 1699 oportet
646 1631 707 1696 qudd
722 1632 751 1681 sit
769 1631 828 1681 tilius

47 1718 67 1751 rs
83 1704 186 1767 quddam
208 1703 254 1753 atil
269 1704 379 1755 tilintione
401 1706 531 1769 temporali.
546 1706 603 1755 Sunt
625 1717 679 1767 ergo
699 1703 723 1751 in
738 1703 826 1753 Christo

47 1788 67 1823 re
84 1776 224 1826 filiationes,

52 1848 71 1894 3.
84 1848 221 1908 Praeterea,
236 1860 308 1895 unum
322 1846 468 1897 relativorum
482 1848 576 1911 ponitur
588 1847 614 1896 in
627 1845 758 1895 delinitione
772 1846 829 1895 alte·

47 1930 78 1977 ης
96 1932 125 1967 err
141 1931 192 1982 qno
211 1920 278 1981 patet
299 1916 359 1979 qndd
378 1932 448 1967 unum
469 1918 615 1967 relativorum
634 1916 777 1981 specificatur
800 1930 829 1965 err

47 1987 68 2034 fa.
83 1990 128 2039 Sed
144 2004 223 2039 unnrn
235 1991 259 2039 et
268 1988 331 2038 idem
345 2001 391 2037 non
402 1992 477 2052 potest
490 2002 539 2037 esse
551 1988 574 2037 in
587 1988 685 2037 dirersis
696 1986 827 2055 speciebus.

47 2075 73 2120 ‘pu
88 2059 239 2125 impossibile
254 2060 344 2109 uidetur
356 2059 414 2121 qnod
428 2073 475 2109 nna
486 2062 509 2109 et
522 2059 600 2109 eadem
614 2058 672 2108 ratio
688 2059 827 2109 terminetur

63 2136 166 2180 extrema
185 2129 281 2179 omnino
295 2128 392 2179 diversa.
402 2130 447 2180 Sed
459 2130 564 2179 Christus
576 2128 657 2179 dicitnr
671 2129 743 2179 Filius
754 2128 826 2177 Patris

48 2205 92 2250 ‹erni
102 2206 128 2251 et
142 2200 227 2250 matris
243 2200 385 2264 temporalis,
401 2200 441 2263 qui
457 2204 511 2250 sunt
521 2200 612 2249 termini
626 2200 720 2250 omnino
735 2198 828 2248 diversi.

47 2284 75 2329 ro
95 2274 195 2321 ridetur
208 2268 269 2333 qudd
286 2284 333 2321 non
346 2271 418 2333 possit
441 2271 520 2319 eadem
541 2269 649 2320 relatione
668 2268 771 2319 Christus
784 2268 829 2318 dici

47 2339 84 2390 ¹'lus
98 2342 179 2392 Patris
194 2345 218 2391 et
233 2342 325 2401 llatrts;
342 2346 395 2390 sunt
412 2354 466 2404 ergo
484 2341 507 2389 in
522 2342 614 2391 Christo
628 2341 678 2391 duae
697 2340 828 2389 filiationes,

49 2411 90 2460 Sed
101 2415 189 2462 eontra
202 2415 253 2472 est„
267 2410 327 2475 qudd
342 2412 401 2461 sicut
414 2413 567 2461 damascenus
581 2410 638 2461 dicit
652 2411 677 2461 in
689 2410 728 2460 lib.
742 2412 788 2472 lll,
802 2422 829 2459 ea

47 2496 67 2531 re
81 2489 138 2533 sunt
159 2487 252 2533 naturae
266 2481 448 2545 multiplicantur
461 2483 486 2532 in
505 2480 611 2543 Christo,
629 2488 651 2531 et
666 2496 712 2531 nort
732 2496 758 2531 ea
779 2492 829 2545 quae

47 2559 68 2601 nt
82 2567 205 2617 personae.
222 2553 268 2603 Sed
284 2554 362 2603 filiatio
379 2553 476 2603 manime
491 2554 591 2618 pertinet
605 2554 633 2603 ad
644 2565 781 2617 personam
794 2553 829 2599 ert

50 2639 75 2671 :m
96 2625 234 2690 proprietas
253 2624 394 2687 personalis,
413 2628 438 2673 nt
455 2628 517 2689 patet
531 2638 560 2673 er
576 2622 613 2673 tris
630 2638 680 2687 uiuae
693 2622 717 2672 in
731 2624 750 2671 Ι.
769 2625 828 2685 part.

54 2699 72 2743 tu
87 2700 154 2746 sunt.
180 2696 242 2758 Ergo
262 2694 287 2743 in
301 2695 391 2744 Christo
410 2698 444 2744 est
458 2708 503 2743 nna
518 2694 607 2743 tantlrm
622 2695 710 2743 filiatio.

51 2769 262 2830 (Concunsro.-
274 2766 331 2817 Cium
346 2767 396 2817 due
416 2766 501 2817 luerint
518 2766 542 2815 in
567 2765 659 2815 Christo
682 2763 828 2823 natiuitateS,
912 2792 913 2797 =

50 2920 79 2983 (tl
96 2926 132 2969 De
147 2923 187 2967 luia
199 2922 272 2996 etiam
286 2922 310 2965 in
323 2920 371 2980 111,
384 2919 462 2970 Seot„
476 2920 530 2966 dist.
547 2917 591 2978 te,
610 2922 654 2963 art.
666 2912 694 2971 5;
710 2920 734 2961 et
747 2914 830 2973 Quod·
