1917 3317
268 205 302 244 nn
315 205 464 244 nscrcuorcmr
478 207 619 247 uumerus.
799 201 846 250 lot
914 196 917 202 ’

55 280 115 342 jurias
128 281 234 344 eliomm,
249 285 273 332 et
282 283 327 333 hoc
342 284 367 332 ad
380 283 540 347 perfectionem
551 285 667 349 pertinet,
684 286 803 336 ueletiam
818 289 846 338 ad

55 353 137 416 uitium,
157 353 177 404 si
201 354 289 417 aliquis
313 357 389 418 potest
407 356 569 407 convenienter
588 357 706 422 injurianti
726 358 841 409 resistere.

57 423 728 493 innumerosorumrnuo.oeosfie.(ro.r‚c.er):
743 430 847 481 asom·
946 407 948 420 '

55 496 97 544 ludo
111 511 160 560 qua
172 496 196 545 in
208 497 271 547 lrello
286 499 363 547 tuetur
373 497 386 547 a
395 499 495 548 barbaris
507 502 613 564 patriam,
621 502 659 551 rel
671 501 731 551 domi
743 501 846 552 defendit
915 514 918 521 ·

52 565 152 629 iulrmos,
170 567 237 618 vela
254 569 382 620 latronibus
400 571 487 631 socios,
506 572 573 635 plena
587 575 623 622 est
633 572 737 635 justitie.
753 589 766 620 u
781 572 846 623 Sicut

51 639 109 686 eiiam
122 638 205 689 ibidem
218 641 255 701 (l)
267 640 378 690 Dominus
392 641 446 691 dicit
460 659 466 692 ε
479 659 493 690 «
503 645 557 703 Quae
571 647 609 692 tua
620 648 673 693 sunt
684 657 714 694 ne
725 650 844 709 repetas3u

53 712 73 756 et
83 713 153 760 umen
167 711 188 760 si
199 710 286 775 aliquis
297 725 345 764 non
360 717 472 776 repeteret
484 728 510 764 ea
524 728 573 778 que
587 719 642 765 sunt
658 716 766 779 aliorum,
781 715 803 768 si
815 717 844 766 ad

50 790 93 828 eum
104 783 230 844 pertineat,
247 788 369 846 peccaret,
384 785 452 834 homo
468 785 529 835 euim
546 786 688 838 laudabiliter
702 787 771 838 donat
786 802 843 851 sua,

49 862 86 900 nou
98 857 172 904 autem
188 853 275 904 aliena.
291 853 324 903 st
331 855 401 905 molid
411 855 488 907 minius
498 869 525 906 eu
540 872 591 921 que
601 863 654 908 sunt
665 859 719 922 liei,
730 872 776 910 non
792 863 846 910 sumt

46 925 188 988 negligenda,
206 925 319 988 quia,'ut
332 924 506 990 curysostomus
517 927 572 991 dicit
581 944 657 994 cuper
667 929 769 990 Metto,
783 931 845 982 uin-

43 995 107 1055 jurias
118 996 162 1046 lici
177 996 342 1059 dissimulare,
357 997 427 1047 nimis
440 1002 474 1048 est
488 999 616 1063 impium.»

71 1069 101 1117 ld
121 1068 253 1118 secundum
273 1068 410 1131 dicendum,
425 1069 484 1133 qnid
503 1084 607 1122 exercere
625 1074 781 1125 advocationis
793 1072 844 1126 olii-

45 1137 98 1186 cium
110 1145 207 1203 propter
216 1139 305 1204 aliquid
317 1141 467 1204 mundanum,
478 1147 588 1206 repugnat
600 1145 663 1194 omni
671 1144 784 1209 religioni3
797 1159 844 1197 non

46 1215 112 1260 curtem
123 1211 143 1262 si
153 1214 200 1262 hoc
214 1212 299 1276 aliquis
310 1216 414 1262 exerceat
427 1214 551 1265 secuudirm
563 1215 733 1280 dispositionem
741 1219 775 1283 sui
786 1231 844 1282 prae-

44 1281 79 1329 lati
91 1297 129 1346 pro
139 1283 286 1334 monasterio
297 1297 353 1347 suo,
364 1287 389 1332 ut
400 1284 425 1334 in
435 1285 515 1336 eadem
526 1288 634 1338 decretali
646 1289 760 1353 subditur,
770 1303 843 1354 neque

46 1354 104 1404 etium
117 1369 158 1419 pro
176 1355 317 1407 defensioue
334 1369 458 1420 pauperum
477 1362 517 1407 aut
533 1358 659 1410 uiduarum.
675 1361 739 1412 Unde
757 1360 781 1410 in
795 1363 843 1411 De-

48 1428 127 1484 crelr's,
140 1429 197 1479 dist.
217 1432 264 1490 88,
280 1428 364 1478 dicitur
378 1430 423 1492 (ex
436 1429 532 1479 corrulo
546 1432 741 1497 Neocaesariensi)
757 1449 790 1483 :u
801 1435 844 1484 lle-

47 1497 107 1546 crevit
122 1505 201 1550 sancta
219 1500 324 1564 synodus
339 1500 424 1548 nullum
443 1500 551 1565 deinceps
567 1503 689 1567 clericum,
704 1508 743 1553 aut
754 1519 844 1568 posses·

50 1564 115 1618 sones
126 1573 257 1622 conducere
271 1575 313 1620 aue
327 1571 425 1634 negotiis
438 1573 580 1624 secularibus
598 1587 622 1625 se
637 1575 780 1636 immiscere,
798 1575 843 1626 nisi

47 1645 130 1702 propter
142 1657 222 1693 curam
236 1643 378 1706 pupillorum
390 1646 413 1692 et
425 1643 577 1694 uiduarum.»
591 1647 620 1695 Et
635 1645 739 1696 similiter
748 1647 843 1698 milone

43 1717 128 1774 propter
146 1715 235 1779 enquid
256 1715 413 1776 mundanum,
428 1718 463 1764 est
483 1717 546 1766 omni
565 1717 668 1780 religioni
692 1717 841 1782 contranum,

41 1791 169 1837 nouantem
186 1786 288 1836 militare
302 1790 396 1850 propter
410 1786 542 1850 obsequium
556 1789 605 1839 liei.

66 1857 99 1907 nd
115 1859 211 1908 tertium
234 1858 370 1921 dicendum,
383 1857 442 1921 quod
465 1859 547 1909 militia
564 1861 679 1912 secularis
701 1860 843 1913 interdicitur

38 1930 216 1994 penitentibus3
232 1929 273 1980 sed
285 1928 368 1978 militia
383 1943 433 1992 que
448 1935 483 1980 est
493 1935 586 1995 propter
595 1932 698 1982 diuinum
710 1933 843 1997 obsequium

37 1998 159 2063 imponitur
172 2000 243 2052 alicui
256 2000 465 2065 inpoenitentium,
477 2001 608 2067 sicutpatet
621 2005 649 2054 de
659 2005 697 2055 his
706 2006 787 2070 quibus
804 2005 841 2055 in-

36 2071 135 2135 jungitur
150 2079 175 2126 ut
188 2073 292 2124 militent
305 2074 330 2122 in
346 2073 470 2134 suubsidium
485 2079 549 2125 terrae
564 2079 655 2127 sancta.

67 2145 98 2193 ld
115 2151 225 2209 quartum
246 2145 384 2206 dicendum,
399 2145 456 2209 quod
472 2147 552 2210 religio
566 2161 611 2198 non
627 2148 662 2198 sie
675 2149 799 2198 instituitur
812 2149 842 2200 ad

42 2215 193 2282 militandum,
204 2216 268 2282 qudd
279 2217 396 2280 religiosis
406 2217 498 2282 proprii
508 2219 642 2270 auctoritate
653 2219 722 2270 liceat
735 2220 792 2272 bella
803 2233 842 2286 ge·

46 2293 95 2350 tere,
110 2290 152 2340 sed
170 2285 247 2340 solium
261 2289 396 2340 auctoritate
410 2289 539 2354 principum
553 2291 589 2341 vel
602 2290 718 2344 Ecclesia.

79 2435 106 2500 lii
118 2441 312 2502 Equisalenter,
326 2455 373 2488 non
394 2443 520 2504 expresse,
534 2442 586 2490 edm
603 2447 636 2492 ait
649 2460 710 2493 vers.
726 2447 773 2493 dt:
791 2449 841 2506 Qus·

55 2501 96 2543 cult
107 2507 188 2552 tollere
201 2507 316 2552 tunicam
327 2511 408 2556 loom,
416 2507 511 2553 dimitte
523 2509 546 2552 ei
557 2511 700 2567 etpolh'om,
711 2511 754 2555 Sed
767 2511 839 2563 Laoc..

56 2560 91 2614 tl,
101 2579 155 2614 rsus.
167 2569 215 2628 3⁰,
231 2569 350 2614 habentur
363 2571 434 2616 verba
449 2569 487 2615 lric
501 2577 591 2616 notata.
606 2573 695 2617 Ibidem
711 2579 789 2619 tamen
801 2574 840 2619 illa

54 2621 90 2667 diri
104 2634 211 2689 supponit
224 2633 250 2677 s.
266 2633 382 2691 Thomns,
400 2633 452 2688 quia
473 2633 579 2679 dicuntur
598 2635 621 2678 in
636 2636 718 2680 eodem
734 2645 840 2682 sermone

54 2686 135 2750 iltis-i,
147 2707 220 2751 quem
233 2697 309 2742 Lucas
321 2695 394 2740 relect
405 2696 475 2754 pauld
490 2693 557 2743 aliter
569 2698 639 2755 quam
651 2700 781 2746 Mattheus.
