1917 3317
88 227 114 266 m
124 215 260 266 »nummu
277 225 312 266 en
329 225 423 264 murum
438 225 554 266 mernor.
574 225 602 265 ur
615 225 735 266 eonurr.
777 201 815 265 ts*

42 303 107 355 dotem
123 305 148 355 Et
160 305 210 355 ideo
229 318 259 356 ex
280 303 333 369 ipso
352 305 418 355 modo
434 304 543 368 loquendi
559 308 668 369 apparet,
682 304 743 368 quod
756 318 811 356 con·

41 375 70 424 du
80 381 123 426 suot
135 377 238 440 medam
250 376 403 428 iustrumenta
417 375 565 440 perveniendi
581 378 609 428 ad
623 377 807 441 perfectionem,

39 446 71 496 dun
86 449 176 499 dicitur:
193 465 207 497 u
222 447 248 498 Si
262 447 300 498 ris
313 447 428 512 periodus
449 461 516 511 esse,
531 451 604 512 rade,
616 449 706 511 rende,
724 452 809 510 etc.‚o

37 520 79 579 quau
88 521 156 572 dicat:
175 539 188 568 u
198 521 247 572 lloc
260 519 367 570 ludendo
381 521 408 570 od
416 521 478 570 ioue
491 522 561 571 tinem
572 519 701 584 pervenies.
714 537 729 567 o

58 593 83 640 ld
99 593 215 643 secundnm
238 591 376 654 dicendum,
390 591 450 654 qudd
473 592 533 641 sicut
549 592 688 654 Augustinus
711 591 766 643 dicit
784 592 811 644 in

39 659 63 708 ll.
72 665 100 712 lle
113 666 266 729 perfectione
274 663 393 727 justitiae
405 663 439 727 (ut
450 663 539 728 eumd),
552 680 566 710 u
576 663 684 727 perfectio
693 665 811 716 charitalis

49 736 129 785 oniniiu
144 740 186 787 uec
201 736 250 786 uita
261 733 400 802 precipitur,
412 735 466 798 quia
479 748 526 785 non
536 733 599 784 recte
610 735 719 798 curritur,
731 735 752 785 si
763 734 810 799 qud

39 809 137 858 currendum
155 811 191 858 est
204 807 332 857 nesciatur.
348 806 463 864 Quomodo
476 809 555 856 auum
572 806 682 870 sciretur,
702 807 723 856 si
738 802 810 858 nullis

35 881 126 944 preceptis
132 878 309 931 osundereturl
318 877 375 928 Cium
383 883 457 928 autem
465 879 488 928 id
497 879 557 941 quod
565 877 625 928 cadit
634 879 677 928 sub
685 883 809 943 precepto,

33 948 156 1003 diversimode
167 952 240 1016 possit
251 950 362 1014 impleri,
372 963 418 1000 nou
432 949 531 1000 eflicitur
539 953 693 1012 transgressor
702 951 810 1016 precepti

32 1020 178 1082 olonisexlroe
187 1023 248 1086 qudd
260 1034 308 1073 uon
322 1023 408 1087 optimo
419 1022 486 1072 modo
499 1021 589 1086 implet,
598 1023 637 1071 sed
650 1021 735 1071 suflicit
745 1021 809 1085 quod

29 1106 146 1159 utrocunque
160 1095 227 1145 modo
242 1095 339 1158 impleat
348 1093 411 1144 illud.
425 1110 439 1142 n
455 1093 570 1144 Perfectio
584 1096 661 1143 summ
675 1093 760 1144 diune
775 1093 811 1143 di·

30 1161 109 1215 terrionis
130 1166 291 1216 uniuersaliter
304 1165 396 1228 quidem
417 1166 477 1216 cadit
493 1165 537 1215 sul)
553 1169 683 1229 praecepto,
698 1165 731 1214 ita
750 1165 810 1227 qudd

29 1235 80 1284 elien
98 1239 205 1301 perfectio
224 1238 305 1303 patriae
326 1249 371 1288 nou
392 1237 518 1288 excinditur
536 1237 565 1286 ab
584 1236 623 1287 illo
639 1240 767 1301 precepto,
784 1239 810 1287 nt

28 1305 69 1355 died
87 1310 238 1374 Augustinus3
254 1310 295 1361 sed
314 1309 516 1372 transgressionem
536 1308 646 1372 precepti
663 1308 754 1369 eradit,
770 1308 810 1372 qni

29 1390 147 1444 dirorumque
161 1383 233 1433 mode
239 1380 406 1446 perfectionem
419 1380 503 1432 diuiuae
522 1380 652 1432 dilectionis
668 1379 757 1444 attingit
763 1379 807 1444 (l).

28 1447 138 1504 dstantem
156 1454 248 1504 inimus
261 1455 348 1505 divine
363 1453 493 1504 dilectionis
508 1453 606 1516 gradus,
621 1458 648 1503 ut
665 1452 724 1502 nihil
740 1465 809 1518 supra

28 1531 75 1580 illl,
88 1529 122 1574 aut
131 1531 210 1577 contra
219 1540 288 1587 enm,
303 1530 343 1576 aut
353 1525 469 1589 equaliter
480 1525 503 1576 ei
516 1524 630 1587 diligatur.
645 1526 664 1574 A
678 1537 724 1588 quo
737 1525 808 1588 gradu

32 1592 151 1647 lerleetionis
172 1599 213 1662 qni
236 1596 399 1661 delicit‚uullo
414 1597 481 1648 modo
502 1596 582 1659 implet
600 1599 750 1660 preceptum.
767 1596 809 1646 list

29 1667 92 1712 auten
103 1665 152 1718 alius
161 1671 244 1732 gradum
258 1669 367 1732 perfecte
379 1667 506 1719 dilectionis
519 1667 615 1730 quinon
630 1670 705 1731 potest
718 1666 808 1732 impleri

25 1730 44 1779 in
58 1733 100 1798 vie,
113 1743 136 1789 ut
147 1741 233 1792 dictum
247 1745 282 1792 est
293 1741 352 1806 (art
366 1739 406 1804 Ξ),
421 1739 435 1790 d
446 1753 492 1804 quo
506 1739 547 1803 qui
560 1735 650 1801 deficit,
661 1739 808 1791 manifestum

24 1809 52 1851 ,st
67 1808 119 1869 pudd
131 1825 176 1864 non
194 1816 231 1864 est
247 1817 402 1876 transgressor
417 1812 536 1876 praecepti3
547 1815 571 1863 et
588 1811 694 1861 similiter
708 1824 754 1862 non
774 1815 810 1862 est

23 1881 159 1940 uuusgressor
173 1885 282 1950 precepti
296 1884 337 1948 qui
352 1897 399 1934 non
415 1883 508 1948 attingit
523 1884 552 1934 ad
565 1883 652 1934 medios
662 1882 810 1948 perfectionis

24 1950 109 2014 crudus,
122 1953 237 2006 dummodo
255 1955 355 2020 attingat
372 1957 398 2005 ad
414 1955 525 2006 infimum.

48 2021 78 2066 nd
96 2024 181 2076 ωιῐίιιι
202 2027 337 2090 dicendum,
355 2025 414 2090 qudi
437 2027 497 2076 sicut
513 2028 583 2077 nomo
599 2025 670 2076 habet
688 2027 810 2090 quamdam

23 2091 172 2147 terfectiouem
183 2113 228 2150 sure
238 2103 326 2149 naturae
334 2099 412 2150 statim
424 2097 476 2148 edun
487 2096 597 2161 nascitur,
608 2112 660 2163 quie
669 2099 770 2162 pertinet
780 2099 809 2149 ad

28 2162 124 2214 dionem
134 2171 226 2234 speciei,
240 2175 276 2222 est
297 2176 374 2221 autern
386 2171 432 2222 aliu
445 2169 558 2234 perfectio
574 2171 601 2220 ad
616 2183 684 2234 quam
697 2183 739 2235 per
753 2185 811 2235 aug·

26 2239 117 2311 “uotum
130 2240 250 2307 adducitur;
265 2243 299 2293 ita
316 2244 386 2294 etiem
401 2246 436 2294 est
447 2241 678 2306 quedempcueuio
693 2243 810 2293 charitatis

33 2309 130 2383 'sedunens
143 2313 248 2378 idipsam
261 2316 362 2380 speciem
378 2313 510 2375 charitatis,
525 2318 550 2363 ut
563 2313 654 2365 scilicet
667 2315 727 2366 neus
740 2327 810 2378 super

38 2381 98 2424 lilla
109 2375 213 2450 diluatur,
225 2391 248 2438 et
262 2389 321 2438 nilril
336 2391 480 2439 cortracum
496 2391 598 2450 ametur3
621 2392 656 2438 est
672 2391 749 2438 autem
765 2387 812 2438 alia

39 2445 127 2520 lustrum
144 2457 253 2511 sindulis
273 2461 343 2512 etiam
362 2459 387 2510 iu
402 2461 446 2509 hec
458 2458 521 2523 rita,
538 2459 566 2509 ad
587 2471 655 2523 quam
672 2457 753 2523 aliquis
771 2471 813 2523 per

42 2520 116 2572 '‘llltf
122 2526 223 2587 spirituale
239 2535 388 2598 augmentum
398 2532 505 2596 peruenit
516 2531 588 2596 ,putd
599 2530 650 2581 cium
661 2532 730 2582 homo
741 2531 813 2587 etiarn¹

39 2595 50 2626 ⁴
62 2586 122 2639 fehlt
131 2594 191 2650 idus
203 2603 311 2668 diuinet,
327 2609 354 2654 ut
365 2603 460 2655 libertis
474 2603 559 2654 divinis
573 2602 690 2667 obsequiis
702 2606 776 2653 uacet.

43 2797 60 2836 t·
70 2735 98 2796 3¹)
112 2743 210 2808 temptem
219 2762 266 2804 tum
279 2773 308 2806 ex
326 2759 437 2818 prredicto
447 2759 509 2805 libro
523 2759 558 2804 De
569 2759 721 2818 perfectione
729 2757 812 2814 justi-

43 2810 162 2919 xm
169 2822 264 2868 eamdem
272 2823 476 2870 ratiocinationem
490 2829 597 2868 octauam
607 2827 672 2883 ptum
682 2817 819 2898 expressius

171 2884 188 2926 et
198 2881 290 2936 littero,
302 2898 356 2944 cap.
366 2886 408 2932 ult.
