1917 3317
582 118 672 162 182
735 128 945 164 securim
974 128 1230 175 securium,
1262 129 1446 173 Qufflsr.
1476 129 1745 176 ccxxxviii,
1774 130 1871 165 aar.
1900 129 1917 160 l*

1145 310 1460 361 ARTICULUS
1482 311 1602 362 vm.

642 438 812 482 Uli-am
833 439 1085 495 perfectior
1102 438 1163 483 sit
1181 439 1349 495 reliyio
1363 440 1414 482 in
1435 440 1655 484 societate
1674 441 1917 485 viventium

1008 502 1252 558 aqeutium
1274 502 1547 546 solitariam
1564 503 1737 548 vitam.

636 633 699 682 Ad
729 635 942 682 octavum
970 631 1038 681 sic
1055 630 1328 695 proceditur.
1346 631 1531 681 Videtur
1549 631 1670 695 qnod
1689 633 1917 697 perfectior

571 707 621 753 in
648 703 861 755 societate
891 703 1173 765 viventium,
1195 714 1329 765 quam
1361 703 1588 765 agentium
1618 703 1861 753 solitariam
1889 719 1917 752 v

571 777 690 826 citur
723 776 845 826 enim
880 775 1039 834 Eccl.,
1070 775 1128 824 1v
1166 790 1231 823 z«
1264 774 1424 823 Melius
1462 779 1533 824 est
1561 775 1677 825 duos
1710 790 1807 826 esse
1844 776 1917 825 sim

572 862 742 910 unum;
780 847 953 898 habent
986 846 1108 897 enim
1153 846 1503 896 emolumentum
1542 846 1773 897 societatis
1806 861 1917 898 suae.

571 918 750 969 videtur
766 918 1015 982 perfectior
1034 931 1135 968 esse
1154 917 1313 979 religio
1341 917 1390 965 in
1412 918 1628 967 societate
1648 919 1916 985 viventium.

635 994 681 1039 2.
704 991 956 1052 Praeterea‚
988 989 1189 1044 Manli..
1220 988 1376 1052 XVIII,
1398 989 1563 1040 dicitur
1588 1005 1599 1039 :
1626 1007 1655 1038 «
1676 991 1763 1041 Ubi
1782 991 1917 1042 suerit

571 1064 664 1111 tres
690 1061 946 1124 cougregati
963 1060 1011 1110 in
1032 1060 1217 1111 nomine
1240 1073 1367 1122 meo,
1388 1058 1452 1109 ibi
1478 1073 1579 1110 sum
1599 1073 1685 1124 ego
1709 1063 1758 1111 in
1781 1062 1917 1112 medic

571 1132 661 1181 Sed
675 1131 788 1181 nihil
810 1134 963 1195 potest
982 1143 1083 1181 esse
1100 1131 1263 1182 melius
1278 1144 1413 1193 quam
1430 1130 1599 1181 Christi
1618 1130 1917 1195 societas-En

571 1202 692 1264 quod
719 1202 875 1252 vivere
908 1202 955 1251 in
976 1201 1321 1266 congregatione
1338 1239 1352 1264 ,
1382 1201 1441 1251 sit
1466 1202 1625 1253 melius
1651 1216 1789 1266 qnam
1817 1204 1917 1254 duc«

571 1274 682 1323 riam
711 1274 870 1324 vitam.

633 1350 678 1395 3.
709 1346 960 1406 Praeterea,
996 1343 1115 1393 inter
1156 1343 1244 1393 alia
1287 1343 1519 1406 religionis
1556 1348 1662 1394 vota
1696 1349 1857 1395 votum
1896 1360 1917 1397 n

571 1417 860 1468 excellentius
891 1421 989 1477 est,
1031 1418 1077 1464 et
1115 1415 1350 1464 humilitas
1381 1422 1451 1465 est
1475 1415 1673 1465 maxime
1705 1416 1802 1467 Deo
1849 1430 1917 1468 act

571 1487 824 1539 boedientia
857 1490 906 1537 et
948 1484 1180 1535 humilitas
1214 1485 1361 1548 magis
1396 1486 1693 1535 observantur
1726 1487 1777 1536 in
1816 1502 1917 1538 con*

571 1574 702 1623 quam
726 1560 779 1609 in
795 1556 1063 1619 solitudine3
1086 1555 1195 1606 dicit
1216 1557 1339 1606 enim
1366 1557 1669 1621 Hieronymus
1686 1559 1735 1608 in
1754 1561 1909 1623 Epist

571 1632 729 1681 ticum
768 1630 1065 1680 monachum
1095 1628 1267 1691 (Epist.
1286 1628 1378 1691 lv)
1411 1645 1423 1677 :
1454 1645 1482 1676 t<
1507 1630 1558 1677 In
1580 1631 1821 1681 solitudine
1847 1634 1917 1681 cit«

571 1701 776 1765 superbia
792 1739 806 1762 ‚
839 1699 1004 1751 dormit
1039 1703 1255 1761 quantum
1293 1699 1516 1760 voluerit,
1544 1700 1653 1749 facit
1676 1702 1799 1765 quod
1830 1704 1917 1753 vol*

571 1772 790 1825 contrario
817 1776 967 1821 autem
987 1772 1089 1834 ipse
1106 1771 1237 1821 docet
1260 1784 1366 1821 eum
1387 1771 1466 1834 qui
1490 1770 1539 1820 in
1562 1772 1782 1823 societate
1802 1774 1917 1825 vivit

571 1862 599 1892 «
625 1846 727 1895 Non
748 1844 887 1894 facias
903 1843 1023 1906 quod
1045 1842 1144 1903 vis,
1164 1843 1372 1892 comedas
1392 1844 1514 1906 quod
1534 1844 1737 1907 juberis,
1756 1846 1917 1897 habeas

571 1916 822 1981 acceperis,
847 1917 1105 1980 subjiciaris
1143 1916 1219 1966 cui
1253 1928 1345 1965 non
1379 1915 1475 1977 vis,
1518 1917 1689 1966 servias
1715 1917 1917 1969 frati-ihm

571 1989 707 2038 situm
726 1988 987 2039 monasterii
1015 1989 1177 2038 timeas
1198 1991 1249 2036 ut
1266 1988 1434 2048 Deum,
1456 1987 1618 2050 diligas
1638 1992 1690 2037 ut
1712 1993 1917 2053 patenter

571 2059 744 2110 videtur
769 2057 891 2123 quod
921 2058 1083 2121 religio
1110 2057 1160 2107 in
1195 2058 1412 2108 societate
1444 2058 1697 2109 viventium
1730 2061 1792 2109 sit
1829 2073 1917 2125 per

567 2144 669 2193 quae
707 2130 953 2180 solitariam
983 2130 1125 2179 vitam
1154 2129 1265 2193 agit.
1429 2152 1433 2155 <

627 2205 673 2251 4.
689 2204 911 2253 Praeterea
927 2238 940 2263 ,
970 2201 1189 2251 Dominus
1210 2199 1321 2250 dicit
1347 2201 1490 2259 Luc„
1519 2202 1577 2251 xl
1604 2216 1616 2249 :
1651 2201 1846 2253 «Nemo
1867 2216 1917 2254 ac

567 2287 744 2325 cernam
771 2279 819 2324 et
845 2272 897 2323 in
932 2273 1197 2323 abscondito
1225 2273 1379 2335 ponit,
1410 2286 1559 2336 neque
1586 2273 1671 2322 sub
1710 2274 1882 2325 modio.
1908 2294 1917 2324 ι

563 2344 641 2408 qui
659 2345 908 2395 solitariam
933 2344 1077 2394 vitam
1104 2348 1245 2407 agunt
1265 2342 1479 2394 videntur
1503 2357 1604 2395 esse
1631 2343 1681 2393 in
1704 2344 1917 2396 abscondi

567 2414 676 2465 nihil
704 2415 914 2465 utilitatis
946 2414 1209 2465 hominibus
1230 2414 1489 2465 afferentes
1510 2415 1628 2478 Ergo
1651 2416 1835 2466 videtur
1852 2430 1917 2479 qu

566 2487 719 2549 religio
748 2500 840 2538 non
867 2487 927 2537 sit
945 2486 1206 2551 perfectior.

624 2562 668 2609 5.
702 2559 950 2621 Praeterea,
979 2557 1027 2607 id
1052 2558 1173 2621 quod
1201 2560 1270 2608 est
1298 2558 1545 2607 secundum
1584 2560 1793 2607 naturam
1819 2559 1917 2610 hon

563 2630 692 2679 detur
717 2630 773 2679 ad
799 2628 1127 2692 perfectionem
1154 2628 1341 2679 virtutis
1364 2628 1608 2692 pertinere.
1627 2627 1718 2677 Sed
1755 2629 1897 2681 homo

563 2702 712 2751 raliter
731 2717 760 2749 α
776 2701 942 2751 animal
973 2700 1187 2752 sociabile
1204 2738 1219 2762 ,
1239 2717 1267 2747 »
1282 2704 1336 2750 ut
1357 2699 1659 2763 Philosophus
1688 2698 1798 2749 dicit
1822 2700 1874 2751 in
1891 2704 1912 2751 1

563 2774 695 2836 (cap.
730 2772 814 2835 2).
844 2773 965 2835 Ergo
995 2772 1171 2821 videtur
1196 2771 1318 2835 quod
1354 2782 1489 2833 agere
1531 2771 1777 2822 solitariam
1805 2772 1917 2822 vitai

563 2842 801 2906 perfectius
829 2856 963 2906 quam
994 2855 1125 2903 agere
1152 2842 1293 2893 vitam
1320 2842 1549 2893 socialem.
