1917 3317
280 229 313 267 ns
327 227 445 269 ammons
457 228 563 267 ennom.
776 220 825 269 tsi

44 302 125 365 Idristi,
136 302 280 357 consumens
301 304 346 355 init
366 307 391 357 et
413 304 574 357 misericordia
595 308 622 357 st
638 304 799 371 justitiaetuae
817 323 824 359 a

44 375 119 427 oditis
131 376 239 441 pidem,
253 376 306 440 quia
319 390 361 441 per
373 376 503 441 passionem
518 390 584 427 suam
596 377 701 429 Christos
716 378 827 431 satisfecit

43 461 66 497 ro
80 450 173 513 peccato
183 446 277 499 humani
289 448 395 512 generis,
407 448 471 499 etita
483 449 553 499 homo
564 462 605 513 per
617 448 729 513 justitiam
740 449 827 501 Christi

43 520 133 569 uerutus
151 522 204 583 ost;
219 518 378 571 misericordiae
392 520 460 585 verd,
473 519 527 584 quia
544 519 595 571 dim
612 522 680 571 domo
697 534 739 585 per
750 535 826 574 sesa·

43 594 130 645 iriacsre
145 606 193 644 non
207 595 287 657 posset
309 606 352 657 pro
365 596 461 657 peccato
477 592 548 644 totius
561 593 667 645 humano
685 597 787 656 noma,
801 598 828 645 ut

46 666 93 729 uprt
107 665 212 717 habitum
220 666 256 715 est
268 665 323 731 (qu.
334 668 361 729 1,
377 665 574 729 art.2),1)eusei
586 664 752 717 satisfecissent
762 666 827 717 dedit

43 738 107 787 'dium
125 736 348 799 suum,seenndi1m
362 736 418 787 illnd
433 738 514 794 som„
529 738 560 787 111
575 752 581 786 ι
598 736 745 787 «iustificati
756 737 828 801 gratis

43 822 65 857 or
72 808 170 873 gratiam
183 808 267 873 ipsius,
281 822 321 873 per
330 808 510 872 redemptionem
525 808 826 872 onoostincnristotcsu,

43 894 91 931 ‘uem
114 880 237 945 proposuit
257 882 316 931 dous
333 880 503 944 propitiatorem
529 892 570 943 per
587 880 657 931 iidem
671 879 698 931 in
717 878 828 943 sanguine

43 953 173 1015 missotti
190 955 233 1003 hoo
242 954 286 1004 suit
295 952 466 1005 abundantioris
480 952 647 1016 misericordis,
661 950 730 1016 quim
744 951 828 1015 sipec

42 1030 74 1075 uto
85 1028 175 1091 absque
192 1025 348 1077 satisfactione
360 1024 498 1087 dimisissot;
511 1024 573 1075 unde
586 1023 826 1086 dciturnptes.,11:

42 1100 117 1162 :denus
133 1098 174 1162 qui
187 1098 253 1149 diros
272 1096 344 1149 estin
359 1097 528 1160 misericordia,
545 1098 637 1160 proptor
649 1096 745 1146 nimiam
755 1094 829 1146 enari-

42 1176 94 1220 utem
113 1182 162 1235 qua
175 1168 255 1221 dilexit
271 1182 326 1232 nos,
340 1168 392 1219 eim
405 1182 510 1221 essemm
526 1168 610 1219 mortui
623 1168 740 1232 peccatis,
751 1168 830 1220 conui-

42 1243 128 1293 uicarit
141 1254 186 1293 nos
198 1241 224 1291 in
238 1241 362 1292 Christo.»

58 1316 88 1363 dd
102 1316 213 1378 quartum
226 1312 363 1375 dicendum,
378 1310 438 1376 qudd
451 1315 569 1376 peecatum
583 1311 659 1375 angeli
674 1324 721 1361 non
735 1310 780 1361 fuit
794 1323 830 1361 re-

42 1386 160 1449 sediabilc,
170 1385 232 1436 siout
241 1388 358 1449 peccatum
366 1384 485 1445 hominis,
498 1387 524 1433 ut
534 1396 564 1435 ex
577 1382 647 1448 snpra
655 1382 725 1435 dictis
737 1384 757 1433 l.
769 1385 829 1447 part.

43 1459 156 1525 atet(qn.
167 1460 214 1521 dt,
229 1457 324 1515 armi.

329 1634 490 1686 sanctinus
505 1635 535 1685 ΙΙ.

41 1764 115 1810 itriom
126 1761 210 1821 firmi
229 1760 346 1818 possibilis
364 1760 429 1805 olima
444 1760 529 1805 modies
544 1759 692 1805 abendonia
711 1759 830 1815 domm,

245 1823 317 1881 pardos
324 1836 369 1880 por
377 1823 509 1879 praedonum
519 1822 616 1869 Christi.

60 1954 91 2005 dd
104 1952 233 2004 somnium
255 1950 288 2001 sio
306 1949 436 2013 proceditur
444 1949 490 2013 (1).
507 1948 602 2001 Videtur
621 1949 685 2014 qnid
701 1962 747 2001 non
764 1948 834 2000 inerit

41 2024 146 2075 ossibilis
159 2022 220 2073 aiins
234 2022 314 2072 modus
325 2020 464 2071 liberationis
474 2022 597 2082 humanm,
608 2020 677 2085 ouium
692 2034 733 2085 per
744 2020 834 2085 passio-

41 2110 77 2145 rom
93 2094 195 2147 Christi.
204 2092 264 2144 Dicit
275 2093 338 2145 enim
352 2092 474 2155 Dominus,
484 2094 569 2153 doen„
581 2093 623 2143 xit
636 2108 643 2141 ε
654 2109 668 2141 u
678 2093 729 2143 Nisi
736 2106 834 2155 granum

41 2167 136 2219 rumenti
152 2164 273 2216 ondennn
288 2168 387 2227 terram,
402 2168 514 2214 mortuum
525 2164 688 2229 fuerit‚ipsum
697 2164 771 2215 solum
783 2176 833 2213 ma-

41 2242 80 2301 ut3
94 2239 116 2290 si
131 2242 212 2291 autem
227 2238 340 2285 mortuum
354 2234 436 2295 iuuerit,
451 2237 547 2285 multum
561 2235 659 2285 fructum
670 2235 739 2285 affort
748 2251 756 2298 ;
765 2251 780 2282 n
794 2234 835 2285 ubi

41 2310 83 2360 iroit
106 2307 268 2373 Augustinus,
284 2304 345 2371 qudd
370 2306 499 2371 «seipsum
517 2319 613 2371 prauum
637 2305 764 2359 dicebat.»
784 2305 835 2357 Nisi

41 2395 81 2441 rgo
94 2385 196 2433 mortem
213 2390 295 2443 passus
312 2380 385 2439 esset,
400 2376 464 2429 aliter
484 2378 582 2428 fructum
601 2381 684 2429 nostro
696 2376 836 2429 tiberntiouis

41 2468 75 2505 ton
87 2454 193 2506 coesset

60 2532 83 2577 n.
99 2529 220 2577 preterea
229 2560 238 2587 ,
254 2522 358 2582 Metti„
376 2522 462 2585 xxti,
479 2521 589 2573 mminus
602 2520 658 2571 dicit
671 2522 700 2571 ad
719 2521 833 2571 Patrem:

41 2616 43 2645 ι
56 2596 178 2661 Paterni,
191 2594 215 2647 si
225 2608 272 2646 non
281 2597 359 2659 ¹potost
368 2592 407 2643 hio
420 2591 479 2642 catix
489 2592 597 2655 transire,
606 2591 651 2643 nisi
663 2592 739 2642 bibam
753 2591 837 2654 ilium,
877 2606 881 2614 ’

42 2674 69 2720 'ot
86 2668 196 2722 voluntas
214 2670 264 2717 tna.
282 2682 296 2714 u
311 2664 420 2729 Loquitur
435 2667 511 2715 autem
531 2664 562 2713 ihi
583 2664 611 2714 de
623 2663 693 2714 calice
708 2661 836 2727 passionis.

41 2742 87 2807 {rgo
107 2739 188 2807 passio
206 2736 292 2791 curisti
304 2734 418 2803 preterire
431 2748 478 2787 non
491 2739 581 2804 poterat
591 2750 598 2799 3
610 2734 671 2785 unde
690 2738 715 2785 et
735 2733 834 2785 Hilarius

65 2905 96 2967 (i)
107 2905 191 2954 nonis
198 2904 271 2951 otiam
279 2902 304 2946 in
311 2902 356 2962 111,
363 2900 440 2953 stus..
452 2900 508 2949 dist.
516 2899 559 2959 2⁰,
569 2905 613 2947 art.
623 2897 649 2958 t,
659 2899 797 2957 pomanus.
810 2897 833 2953 ις

41 2978 54 3017 d
70 2965 162 3031 Opust.
175 2970 201 3029 1,
214 2978 271 3026 up.
291 2963 332 3013 17.
