1917 3317
85 109 132 156 etit
265 119 325 156 suns
341 117 381 164 ur,
398 119 493 163 punse.
510 119 558 168 vu,
576 119 631 157 aar.
649 119 702 157 vrri.

85 209 138 259 spes
151 207 228 245 eorum
241 208 291 258 que
305 207 351 244 nou
368 195 488 256 hahentur,
504 193 537 244 ita
551 195 671 258 prophetia
691 197 726 244 est
741 207 822 246 eorum
837 209 897 260 qua
951 209 952 243 r

84 280 131 317 non
145 269 200 316 suut
211 265 330 329 prasentia
339 304 345 325 ,
355 266 395 315 sed
410 264 510 329 distaut3
523 279 575 314 uam
588 268 713 330 propheto
726 267 811 316 dicitur
822 267 895 330 quasi

83 337 174 403 procul
189 338 255 400 fons.
274 337 318 387 Sed
332 337 356 385 iu
374 336 463 387 Christo
477 349 524 386 uon
540 336 632 400 ponitur
648 337 704 387 tides
715 351 758 388 uec
771 351 844 402 spes,
863 343 893 389 ut

85 407 154 473 supra
175 409 259 458 dictum
277 411 320 458 ost.
335 409 394 471 Ergo
412 409 480 458 etiam
499 407 618 472 prophetia
638 421 684 458 uon
702 407 770 458 debet
784 411 849 472 porri
863 409 890 460 in

84 479 182 531 Christo.

118 555 142 600 e.
157 551 285 608 Praeterca,
298 550 411 613 propheta
422 554 458 600 est
470 551 585 600 inlerioris
598 549 683 600 ordinis
697 550 764 614 quam
777 552 886 616 augelus3

84 624 146 674 uude
159 626 183 672 et
194 622 221 671 de
236 622 327 684 Mopse,
341 621 380 684 qui
396 622 440 670 fuit
451 635 570 686 supremus
588 624 765 686 prophetarum,
778 627 803 672 ul
815 624 840 673 in
855 625 888 674 ll.

85 699 144 760 part.
156 693 189 757 (l)
201 693 286 744 dictum
300 697 343 755 est,
356 693 438 743 «licitur
449 697 513 751 act„
523 695 577 757 Vll,
587 694 648 757 quhrl
662 696 775 745 clocutus
786 699 824 746 est
834 708 890 746 oum

87 767 170 828 angelo
191 765 216 813 in
234 763 367 814 solitudine.
382 783 396 812 u
409 766 455 815 Sed
472 765 577 816 Christus
598 779 643 816 uon
664 769 699 816 est
716 767 841 816 minoratus
859 767 890 817 ab

86 837 173 898 angelis
187 833 310 884 secundinus
327 835 430 885 notitiam
446 838 540 898 anime,
556 837 596 886 sed
611 835 683 887 solium
697 835 821 886 sccundhru
837 851 890 888 cor-

86 908 149 972 poris
171 906 311 970 passionem,
326 911 352 956 ut
372 908 468 957 hahetur·
487 907 572 964 Hebr„
588 909 616 958 ll.
638 908 697 972 Ergo
716 907 805 958 ridetur
826 908 890 972 quod

87 978 192 1028 Christus
206 990 252 1026 uon
266 977 309 1026 luit
323 979 443 1041 propheta.

118 1050 163 1099 Sed
173 1052 251 1099 contra
259 1053 304 1107 est,
315 1051 375 1111 quod
384 1050 412 1098 de
422 1063 450 1099 eo
460 1049 588 1114 predicitur
600 1050 686 1104 Dent..
701 1049 770 1099 xvltl
783 1066 789 1099 ε
807 1067 822 1099 rc
831 1053 889 1102 Pro-

86 1123 178 1186 phetam
191 1120 311 1169 suscitabit
323 1121 352 1170 de
365 1121 472 1170 iratribus
486 1120 583 1184 vestris3
601 1135 615 1166 u
631 1121 717 1182 etipse
731 1123 760 1171 de
774 1135 799 1171 se
815 1123 887 1186 dicit,

87 1191 191 1248 Matala,
207 1191 272 1253 lilii,
285 1194 309 1240 et
319 1195 401 1249 loce,
415 1193 446 1241 Ill
463 1206 470 1241 ι
485 1209 498 1240 u
509 1193 558 1242 Nou
569 1195 603 1242 est
614 1194 725 1256 propheta
740 1193 789 1244 sinc
800 1195 889 1247 honore

87 1263 133 1314 nisi
145 1263 252 1327 lupatria
267 1277 317 1312 sua.
329 1280 343 1310 u

122 1336 283 1399 (Coresusro.
297 1361 328 1372 -
341 1335 400 1384 Cium
418 1334 521 1386 Christus
536 1335 605 1385 luerit
624 1329 691 1384 simul
709 1339 886 1400 comprehensor

87 1411 111 1458 et
127 1407 210 1469 uiator,
223 1407 310 1470 inipso
323 1406 394 1457 luisse
408 1405 531 1470 prophetiae
550 1407 628 1456 lumen
647 1419 742 1458 neeesse
762 1409 822 1472 luit,
840 1423 887 1459 res·

85 1483 154 1543 peotu
168 1492 245 1529 eorum
258 1492 309 1542 qua
325 1491 365 1528 eos
377 1478 478 1528 latebant
492 1477 552 1540 apud
565 1490 622 1540 quos
635 1477 729 1541 iuerat.)

117 1551 254 1613 Respondeo
274 1549 409 1608 dicendum,
421 1547 483 1611 quhd
497 1549 609 1611 propheta
622 1549 704 1598 dicitur
718 1549 784 1612 quusi
798 1549 888 1613 procel

87 1623 145 1685 fons
155 1622 193 1670 uel
205 1620 297 1684 procul
305 1620 401 1674 cidens,
414 1619 438 1667 iu
455 1622 565 1682 quantum
578 1619 666 1670 scilicet
679 1620 796 1682 cognoscit
809 1623 832 1670 et
847 1620 886 1671 lo-

87 1692 164 1756 quitur
174 1705 201 1741 ea
214 1705 264 1754 qrroe
278 1694 332 1741 suut
348 1690 426 1754 procul
440 1691 467 1740 ab
480 1691 600 1742 hominum
616 1691 732 1754 sensibus,
749 1691 806 1740 siout
819 1691 887 1741 etlam

88 1762 227 1825 Augustinus
242 1762 309 1825 elicit,
325 1763 420 1812 Contra
434 1764 556 1811 Faustum
574 1762 631 1826 (lih.
644 1763 704 1822 Xlll,
718 1775 769 1825 cap.
780 1764 830 1825 ts).
845 1763 886 1812 Est

88 1838 164 1884 auteur
178 1834 383 1896 considerandum,
396 1833 456 1896 quod
469 1847 516 1884 uon
530 1837 606 1897 potest
620 1833 664 1884 diei
677 1833 758 1896 aliquis
772 1835 882 1898 prophete

88 1919 118 1957 ex
132 1908 177 1956 hoc
192 1905 252 1968 quot
265 1906 383 1967 cognoscit
393 1909 416 1954 et
428 1906 549 1954 annuntiat
563 1918 590 1954 ea
603 1919 653 1968 qua
668 1909 721 1955 sunt
732 1905 782 1955 aliis
794 1907 881 1970 procul,

89 1991 141 2029 oum
156 1977 238 2041 quihus
254 1977 304 2042 ipse
317 1991 364 2028 uou
381 1981 425 2027 est.
444 1978 473 2026 ut
493 1978 537 2028 hoe
551 1977 698 2028 manifestum
712 1980 747 2027 est
760 1975 883 2027 secuudhm

88 2048 163 2100 locum
182 2052 206 2098 et
220 2047 342 2099 seouudiuu
358 2052 463 2111 ternpus3
478 2049 499 2098 si
513 2047 575 2098 enirn
595 2047 676 2111 aliquis
691 2048 714 2097 iu
730 2048 800 2097 Gallia
821 2047 884 2098 oxis-

87 2125 151 2180 tens,
161 2123 309 2184 cognosceret
318 2125 342 2171 ct
353 2119 497 2170 annuntiaret
507 2120 558 2168 aliis
567 2119 591 2169 iu
603 2121 673 2170 Gallia
686 2119 844 2181 existentibus,
855 2133 883 2172 ea

88 2206 140 2256 qua
153 2196 209 2241 tuno
226 2192 251 2242 iu
270 2192 335 2256 Syria
349 2194 482 2254 agerentur,
499 2190 654 2261 propheticum
672 2195 749 2254 essetg
765 2191 824 2241 siout
836 2191 883 2242 hli-

89 2276 150 2314 seus
161 2264 189 2312 ad
200 2263 263 2313 Glczi
271 2262 335 2325 dicit,
349 2263 388 2312 lv.
400 2265 469 2327 Κεφ,
480 2263 509 2325 V,
519 2275 564 2325 quo
578 2263 645 2312 ruodo
654 2262 689 2311 uir
702 2264 882 2315 descenderetis

88 2348 171 2398 ouuu,
182 2338 206 2384 et
222 2338 349 2384 occurrerat
361 2334 392 2384 ei.
406 2334 431 2382 Si
446 2332 502 2384 uer'o
516 2331 598 2395 aliquis
610 2334 634 2382 in
648 2333 712 2397 Spria
727 2334 842 2398 existens,
856 2347 881 2385 ea

88 2419 138 2470 quae
157 2409 212 2455 sunt
226 2405 259 2456 ihi
275 2405 436 2466 annuntiaret,
449 2417 496 2454 nou
518 2406 579 2454 esset
599 2405 763 2468 propheticum.
780 2404 809 2453 lit
825 2405 882 2456 idern

88 2520 133 2560 art.
150 2515 180 2569 5;
197 2521 221 2560 et
239 2515 330 2560 Peolm.
349 2515 427 2573 XLIV,
444 2515 489 2558 col.
511 2513 540 2566 ῖς
558 2519 581 2560 el
599 2514 695 2564 Mutet„
707 2514 731 2571 1,
750 2515 796 2558 ool.
816 2513 847 2570 ὴ
861 2521 884 2561 et

88 2577 171 2634 loon„
186 2580 228 2634 iv,
242 2579 296 2622 leet.
306 2577 331 2635 6,
342 2577 367 2621 iu
376 2576 435 2630 hue3
452 2578 506 2622 etl.
522 2579 590 2627 Cor„
603 2579 657 2622 leot.
667 2578 696 2634 2,
709 2577 755 2621 col.
768 2575 791 2620 1.

121 2646 154 2710 (1)
167 2650 211 2695 Vel
225 2649 248 2706 2,
260 2648 284 2704 2,
296 2661 336 2705 qu.
349 2647 404 2704 174,
417 2653 461 2693 ert.
479 2646 508 2704 4,
523 2661 552 2693 ex
562 2648 677 2707 professo.
692 2648 755 2702 Quod
767 2653 841 2692 eutem
851 2661 878 2694 ex

89 2709 154 2761 tet,
170 2713 228 2769 vn,
239 2711 400 2768 subjungitur,
419 2711 518 2756 hahetur
531 2711 601 2767 paulo
618 2711 684 2755 aliter
699 2711 747 2768 ihi,
762 2723 820 2755 vers.
830 2709 878 2755 ³8:

89 2773 137 2822 Hic
151 2778 183 2820 eet
196 2775 240 2832 peti
256 2774 307 2832 [ret
323 2775 353 2819 in
362 2772 497 2818 solitudine
518 2785 572 2818 carm
586 2773 671 2830 uegeto
685 2774 729 2830 qui
743 2773 879 2830 loquebator

88 2837 115 2883 ei
126 2839 156 2882 tn
169 2836 331 2887 monteserico,
345 2841 371 2881 ut
380 2835 483 2892 loquitur
496 2836 625 2892 Stephanus
637 2835 666 2881 ad
680 2835 779 2882 ledeos.
