1917 3317
129 178 175 231 tit
310 190 369 231 ms
385 191 427 241 nr,
444 189 537 238 numer.
554 187 632 242 sumn,
648 189 708 229 nur.
728 193 756 229 v.

129 269 289 322 abundantiam
307 266 422 320 maritatis
436 281 499 328 sun,
514 279 542 318 es
553 279 596 332 qna
610 265 761 332 patiebatur,
778 267 807 320 iu
819 283 878 321 mnne
889 281 921 332 pe

130 343 188 394 situs
202 342 293 394 reniam
302 353 343 406 pro
355 338 537 405 persecutoribus
550 337 685 404 postularit.
703 339 738 390 Et
754 339 812 392 iden
819 379 828 405 ‚
840 345 864 391 ut
872 342 925 404 injus

129 412 249 478 petitionis
271 411 359 462 tructus
379 411 408 461 ad
428 410 558 462 ineenset
577 409 681 460 Gentiles
701 414 860 476 perveniret,
872 411 927 462 rniuit

129 483 234 536 Census
245 483 274 534 ab
285 482 385 546 utrisque
402 481 461 546 pati.

162 557 196 606 td
213 555 338 608 secundnm
356 553 490 614 dicendum,
503 551 567 618 qunti
583 551 661 618 passio
675 551 771 606 curisti
786 557 833 606 tuit
844 555 929 607 sacrifici

131 627 225 690 oblatio,
239 626 379 690 inquantum
393 623 496 674 Christus
509 623 598 690 proprii
614 623 743 676 voluntate
763 631 866 678 mortem
879 625 930 677 susi

131 697 182 748 nnit
198 711 227 749 ex
249 697 365 748 chantate.
383 698 410 746 in
428 699 537 759 qnantum
559 699 633 746 autem
658 695 672 746 a
693 698 891 760 persecutorinns
908 703 930 747 ei

132 783 222 833 passus,
237 781 283 818 uon
296 767 340 818 init
352 767 497 827 sacrificinm,
511 766 551 817 sed
564 771 684 832 peccatum
700 771 885 830 gravissimum.

115 843 122 862 “
164 843 198 894 td
213 842 306 892 tertium
325 841 462 904 dicendum,
473 839 533 904 qnod
544 840 603 891 sicut
617 841 769 904 Augustinus
783 843 846 894 dicit
856 846 865 909 (
874 845 930 894 Trart

134 914 212 965 cxiv,
224 913 248 963 in
258 914 352 978 loon),
367 912 438 964 iudaei
447 913 565 963 dicentes:
576 927 590 960 u
600 911 670 963 Nobis
683 913 809 967 nonlicet
824 916 931 968 interiissc:

133 985 543 1050 quemqnam,niute11exernntnon
561 983 604 1033 sihi
623 984 692 1034 licere
711 984 858 1040 interficere
873 1001 931 1052 quen·

135 1071 212 1121 qnam
226 1048 319 1121 proptei
332 1057 383 1108 testi
398 1057 444 1108 diei
457 1059 614 1117 sanctitatem,
628 1069 696 1118 quam
707 1059 838 1111 celebrare
851 1061 896 1126 jam
905 1072 932 1108 cu-

134 1133 224 1194 perrnt.
246 1129 288 1181 Vel
307 1131 351 1180 hoc
369 1127 494 1190 dicebant,
515 1132 541 1178 ut
564 1129 747 1193 Chrysostomne
764 1131 830 1182 dicit
846 1130 930 1197 (iloni.

135 1201 266 1252 iniiivti.
278 1202 302 1252 in
314 1207 385 1252 soon.
395 1201 416 1264 i,
428 1201 516 1265 equis
532 1200 638 1252 nolebant
650 1213 704 1250 eum
723 1201 823 1265 occidi,
837 1212 888 1256 nou
901 1208 932 1252 tan-

135 1285 203 1336 quam
216 1278 403 1338 transgressorem
420 1273 494 1337 legis,
511 1273 551 1324 sed
568 1277 676 1336 uuquam
691 1273 825 1336 pubiicum
843 1278 930 1326 hostem

136 1347 189 1410 qnia
203 1359 279 1410 regem
293 1359 318 1396 se
329 1346 428 1408 iecerat,
439 1348 466 1396 de
476 1358 522 1410 qno
536 1357 581 1396 non
593 1348 640 1394 erat
652 1356 733 1395 eurum
747 1347 875 1410 judicare.
887 1365 898 1393 n
908 1347 932 1392 ir.

137 1418 189 1482 qnia
203 1431 249 1468 uon
262 1417 346 1467 licebat
360 1416 395 1468 eis
408 1416 539 1480 crucifigere
555 1415 630 1479 (qnod
648 1415 819 1480 cupiebant),
834 1421 876 1469 sert
892 1419 932 1479 lapi·

138 1491 205 1552 dare,
216 1490 276 1554 quod
292 1489 316 1539 iu
332 1489 447 1553 Stephano
464 1488 577 1538 iecerunt.
590 1487 631 1537 Vel
649 1486 733 1537 meiiius
755 1489 889 1540 dicendum
904 1491 929 1538 est

137 1561 198 1624 quod
218 1573 258 1624 per
270 1561 384 1611 Romanos
404 1560 488 1624 quihus
500 1563 566 1609 eraut
585 1557 698 1623 subjecti,
712 1563 767 1609 erat
787 1561 830 1612 eis
851 1566 942 1630 potesta

138 1632 255 1691 uendendi
265 1631 394 1684 interdicta.

434 1737 598 1790 sustentus
612 1737 642 1788 V.

241 1865 328 1910 Utrt'rns
338 1867 428 1913 carim
441 1867 601 1922 persecutores
610 1875 664 1908 erens
675 1867 852 1921 copnovere'nt.

172 1996 206 2046 td
223 1994 326 2058 quinium
344 1993 376 2042 sic
390 1991 520 2056 proceditur
530 1990 573 2054 (ti.
588 1989 682 2040 Videtur
701 1990 763 2053 quod
782 1999 933 2055 persecutore

140 2067 226 2118 Christi
242 2079 294 2118 eum
316 2064 469 2128 cognoverint.
490 2061 576 2112 Dicitur
589 2061 649 2111 enim
670 2063 775 2119 Matio„
796 2063 932 2128 xx1‚qni;

140 2138 244 2202 agricolae
254 2137 356 2187 ridentes
369 2135 440 2185 tilium
459 2135 565 2184 dixerunt
582 2134 642 2183 iutra
662 2147 704 2184 se:
721 2133 789 2185 «Hic
802 2142 845 2186 esi
858 2140 933 2188 haeres.

139 2209 231 2268 uenite,
250 2210 378 2260 occidamus
394 2221 455 2257 eum.
470 2223 484 2253 n
504 2205 546 2256 Ubi
562 2205 616 2255 dicit
635 2205 742 2256 Baianus
765 2222 771 2254 ε
796 2209 933 2260 «Manifesta

139 2283 249 2333 Dominus
263 2282 343 2347 probat
360 2294 389 2331 ex
400 2277 436 2330 his
452 2278 527 2329 vertis
542 2279 669 2329 iudeorum
683 2277 817 2343 principes,
839 2296 889 2332 non
907 2292 932 2344 prr

140 2352 307 2417 ignorantiam,
321 2353 361 2404 sed
372 2365 413 2415 per
426 2351 536 2402 iuvidiam
546 2350 585 2401 Dei
599 2349 681 2399 Filium
699 2349 864 2417 crucifixisse3
880 2351 932 2402 iniri

139 2425 246 2476 leserunt
260 2424 382 2475 enimcum
396 2436 446 2474 esse
458 2422 522 2472 illum
537 2421 573 2472 cui
586 2421 653 2472 Pater
662 2433 702 2484 per
715 2421 863 2484 Prophetam
873 2424 931 2474 dicit:

141 2497 236 2549 Postula
249 2495 322 2559 ime,
335 2499 358 2545 et
371 2495 428 2545 dabo
441 2493 483 2544 tini
497 2496 576 2558 gentes
586 2490 740 2544 hereditatem
760 2496 841 2544 tuam.
858 2513 873 2543 n
889 2489 941 2556 Ere-ri

143 2567 233 2620 ridetur
246 2567 306 2632 quon
319 2565 465 2630 cognoverint
480 2579 531 2616 enm
546 2578 597 2616 esse
610 2565 724 2615 Christum
742 2566 781 2615 rel
794 2565 883 2618 Filium
897 2565 932 2616 tiri

174 2645 198 2692 a.
214 2641 341 2703 trecensu,
356 2639 439 2696 loon„
452 2639 493 2689 XV
498 2675 507 2702 ,
520 2637 629 2688 Dominus
637 2635 692 2686 dicit
707 2651 712 2685 2
728 2635 822 2688 «Nunc
834 2643 908 2690 antem
918 2641 941 2690 eti

140 2713 247 2764 viderunt
259 2715 284 2762 et
297 2711 392 2764 oderunt
405 2713 429 2762 et
442 2723 478 2761 mc
490 2713 513 2762 et
527 2709 615 2762 Patrem
627 2721 731 2760 menn.»
743 2709 810 2768 Quod
821 2714 899 2761 antem
908 2707 932 2756 ri·

173 2861 205 2926 (1)
220 2865 253 2912 ite
263 2864 302 2914 nn
315 2864 386 2912 etiam
396 2865 561 2928 ομωω,
574 2877 627 2926 nup.
638 2855 786 2927 iminium
801 2865 865 2916 etin
876 2865 895 2913 1.
909 2861 933 2909 ni

143 2926 469 2990 commeamus.
