1917 3317
98 205 129 243 ll}
140 203 274 243 munus
289 204 360 244 (11ch
375 204 473 245 nunu!
487 206 562 247 mu!
579 207 702 249 mmm.
752 200 798 247 'm

44 279 225 340 (Cormumo.-
232 280 291 332 Ciam
300 282 445 335 Chautaion
460 282 543 335 (lirina
559 284 637 348 gratia
650 298 735 336 munus
749 288 795 339 col·

45 365 74 399 un
83 351 150 408 luant
158 356 186 402 ut
196 352 297 404 omnium
311 354 410 405 salrator
418 358 489 419 mant,
501 355 663 407 conuenienter
675 355 698 407 oi
712 370 796 409 namon

42 436 70 471 rus
81 424 108 472 ab
120 424 204 488 angulo
217 424 347 487 impunitum
358 424 428 489 mit.)

44 496 165 557 Responderi
184 494 321 559 mannum,
333 496 395 559 quod
408 497 501 547 nomino
518 498 601 549 debent
620 498 798 564 proprietatibus

43 579 78 613 >um
96 566 240 631 manualem.
258 566 287 616 Et
309 568 354 617 lrou
372 572 435 632 putot
454 568 479 618 in
501 569 631 620 nominibus
650 583 757 634 generum
776 574 800 622 el

43 638 142 701 {riorum3
156 638 225 702 quia,
239 642 266 689 ut
285 639 367 689 dicitur
386 641 424 691 lv.
443 642 553 707 Metapa.
570 644 643 705 (tent.
664 646 694 693 ιι
706 642 723 706 ),
738 642 798 694 ratio

43 723 70 756 rm
84 710 193 773 significat
204 716 347 773 nonomen
354 711 455 763 delinitio
465 726 516 777 qun
531 714 634 777 designat
642 715 757 779 propriam
767 716 800 767 rai

43 793 113 831 trram.
127 782 227 833 Nomina
241 787 316 833 autam
332 783 478 848 singularium
492 784 609 835 lromiuam
624 798 714 849 sempor
727 786 800 851 impo-

43 857 86 901 rtur
98 853 214 917 abaliquo
227 854 365 918 proprietate
373 854 424 919 ejus
437 856 476 905 cui
491 868 574 907 nomeu
587 856 725 921 imponitur;
739 858 802 911 nali

43 938 120 987 moro,
133 925 196 975 sioni
209 925 358 989 imponuntur
370 926 461 977 nomina
475 926 601 991 aliquorum
615 928 750 980 Sanctorum
764 930 801 981 his

54 997 76 1045 in
91 1009 170 1047 aarum
189 996 256 1047 ianas
272 1000 413 1061 nanountur3
430 998 467 1048 uel
482 998 658 1062 loognutioua,
672 1000 732 1050 nient
749 1014 801 1052 cum

43 1068 187 1131 rimponiiur
197 1080 280 1118 nomen
294 1068 383 1132 patria,
396 1069 432 1119 vel
447 1068 544 1133 alicujus
558 1070 585 1119 de
597 1068 729 1131 cognatione
740 1072 799 1137 ejus3

43 1146 59 1187 ιι
70 1139 199 1205 propinqui
212 1138 305 1189 loannis
318 1140 427 1204 Baptista
436 1140 543 1190 uolebant
553 1152 606 1189 eom
614 1153 696 1191 rorare
710 1143 802 1194 nomino

43 1212 69 1260 ris
77 1212 115 1262 nni
130 1209 329 1271 Zachariam,nou
341 1213 417 1260 autam
430 1211 556 1274 loannem,
573 1228 588 1259 u
600 1211 740 1275 quianullus
754 1216 803 1264 orni

44 1283 181 1347 cognatione
199 1282 266 1347 ajon,
282 1282 323 1347 qui
340 1285 459 1333 vocaretur
472 1284 517 1333 hoo
531 1283 640 1344 nomino,
653 1298 667 1330 n
682 1288 708 1334 ut
721 1284 803 1336 dicitur

43 1373 67 1412 ι,
78 1359 97 1407 Ι.
108 1356 153 1407 Vel
168 1354 238 1405 eliam
247 1354 275 1404 ab
283 1358 377 1416 evento,
390 1354 454 1404 sirmt¹
462 1356 547 1418 loseph
557 1355 650 1405 vocavit
662 1355 803 1420 primogeni-

56 1442 126 1478 sunm
139 1428 283 1482 Manassen,
299 1426 378 1476 dicans
392 1441 398 1474 ι
413 1442 428 1474 a
441 1425 551 1477 Oblivisci
564 1426 618 1477 iacit
631 1440 668 1477 me
680 1428 740 1479 Deus
754 1442 803 1480 om·

43 1515 55 1548 a
77 1501 189 1551 labarum
203 1510 316 1559 meorum,
331 1515 345 1545 n
362 1498 459 1555 Genea„
470 1498 530 1549 llll.
545 1497 668 1549 Valetium
683 1512 711 1548 er
729 1499 804 1563 aliqum

43 1573 104 1621 litata
120 1574 176 1634 ejus
189 1568 228 1619 aui
239 1582 323 1619 nomen
337 1569 469 1634 imponitur,
485 1570 544 1619 siout
560 1570 657 1624 Genea,
677 1569 748 1633 XVII,
764 1570 804 1621 di-

42 1660 49 1693 r
60 1640 197 1708 quidquia
210 1641 251 1704 qui
261 1640 348 1702 primm
358 1653 463 1703 massus
475 1643 512 1691 ost
524 1642 552 1691 de
564 1643 629 1691 utero
641 1639 726 1703 matris,
741 1640 804 1691 ruins

47 1755 54 1778 ,
68 1721 95 1767 at
110 1717 181 1766 totns
193 1712 219 1761 in
233 1724 320 1763 moram
333 1712 400 1775 pallis
412 1711 530 1776 hispidus,
546 1714 652 1763 vocatum
667 1715 702 1762 est
720 1724 804 1763 noman

57 1791 150 1845 Esau,
167 1784 231 1847 quod
248 1784 409 1847 interpretatur
428 1784 529 1834 raberto.
549 1783 646 1833 Nomina
661 1786 735 1833 autom
753 1796 804 1847 quae

43 1862 147 1910 luuntur
156 1854 275 1918 aliquibus
284 1854 404 1917 diuinitus,
415 1868 506 1918 semper
515 1854 644 1917 significant
653 1855 744 1919 aliquod
753 1868 805 1918 gra·

43 1949 70 1981 rm
78 1934 176 1982 donum
189 1926 224 1977 ein
233 1926 345 1976 divinitus
355 1928 443 1988 datum,
454 1926 514 1975 siant
528 1926 625 1985 Genea,
636 1926 707 1989 XVII,
720 1926 803 1976 dicium

42 2005 140 2053 lbralnae
155 2014 164 2049 τ
178 2014 195 2045 u
208 1996 364 2061 appellaberis
375 1996 501 2057 annnam,
514 1996 567 2059 quia
581 2001 668 2061 patrem
683 1997 804 2046 multarum

45 2078 91 2125 {um
107 2069 228 2124 wnatitni
241 2073 275 2119 ta.
289 2086 303 2117 n
318 2070 346 2119 nt
360 2068 462 2126 Malta,
479 2070 547 2132 XVI,
560 2067 647 2119 dietum
661 2074 697 2119 ost
714 2070 780 2119 Patro
796 2084 802 2118 ι

43 2164 49 2196 r
67 2162 95 2198 aa
112 2148 218 2204 Petrus,
233 2144 259 2191 at
274 2154 343 2204 nuper
361 2142 422 2191 hana
436 2145 525 2203 petrum
543 2139 659 2192 adiicabo
680 2140 805 2191 Ecclesiam

43 2235 68 2270 η,
86 2236 102 2267 »
121 2214 187 2277 Quin
202 2211 271 2275 igitur
286 2211 378 2262 Christo
385 2214 430 2262 hoa
441 2224 524 2262 munus
540 2212 617 2274 gralia
631 2211 737 2261 collatum
747 2216 804 2271 orat.

43 2309 66 2343 nr
85 2293 173 2358 ipsum
189 2298 272 2336 omnen
286 2284 443 2346 salvarentur,
454 2284 506 2335 ideo
519 2282 683 2335 convenienter
699 2286 807 2335 uocatum

43 2377 136 2417 nomen
151 2360 209 2424 ejas
218 2358 303 2413 lema,
315 2356 338 2406 itl
354 2358 404 2416 eat,
418 2355 547 2415 Salvator,
564 2356 649 2418 ringeln
660 2356 704 2405 lroa
721 2368 806 2407 noman

43 2437 184 2496 amaranto,
202 2442 249 2482 non
264 2428 338 2479 solum
355 2427 428 2490 lintri,
441 2428 481 2479 aad
495 2428 565 2478 etiam
577 2428 678 2491 loseph,
690 2426 745 2492 quia
758 2431 807 2479 erut

43 2526 74 2559 us
89 2510 151 2574 ejus
166 2500 293 2553 nutritius.

43 2587 48 2633 ι
62 2582 177 2647 primum
187 2585 247 2635 ergo
257 2569 386 2633 dicandum,
397 2570 459 2635 quoa
468 2569 494 2619 in
503 2568 608 2619 omnibus
619 2568 665 2619 illis
677 2569 808 2621 nominibus

43 2650 164 2704 ammodo
174 2642 324 2708 significatur
335 2643 379 2693 lroo
392 2654 475 2693 noman
488 2642 579 2700 lesan,
592 2641 653 2704 quod
665 2642 701 2690 est
714 2640 809 2703 siguifi-

43 2741 84 2776 ψῃ
97 2718 200 2775 winus.
220 2715 278 2765 Nam
292 2713 317 2764 in
329 2714 374 2765 hoc
389 2714 450 2777 quoi
462 2712 547 2764 dicitur
560 2711 732 2775 Emmanuel,
749 2711 810 2775 qnod

43 2800 166 2854 titulatur,
182 2785 317 2838 nolarum
336 2786 412 2840 Deus,
428 2784 559 2847 designatur
573 2796 640 2834 onusu
654 2781 742 2845 salutis,
755 2794 808 2845 quae

43 2861 87 2920 aio
101 2862 201 2919 mviuae
218 2862 245 2909 at
260 2857 366 2907 humana
382 2859 467 2907 nutura
482 2855 509 2907 in
520 2866 618 2921 persona
627 2853 681 2903 Filii
692 2852 750 2915 liei,
767 2864 809 2917 pur

43 2970 46 2993 ι
58 2945 161 2994 sactum
171 2934 213 2988 ont
222 2932 249 2981 nt
257 2929 319 2983 Bana
328 2932 391 2981 annet
398 2929 517 2981 nobiswm
528 2928 594 2993 quasi
601 2924 717 2991 patianus
727 2928 810 2977 nonna
