1917 3317
165 153 194 199 ii
240 163 348 203 sncnnna
365 163 494 210 socruum,
510 161 603 207 onaan.
619 162 734 210 cmxiv,
752 164 806 200 aar.
823 163 871 200 run
942 208 944 215 Ι

163 239 224 303 quod
237 239 312 290 omnia
325 252 366 288 sun
385 251 425 302 pro
437 239 523 289 lrouore
535 237 576 288 ilci
589 243 613 287 et
626 238 699 288 salute
717 237 754 288 sui
766 239 839 301 gregis
852 239 933 286 conten

163 313 231 373 uani,
243 325 295 360 cum
306 323 364 374 opus
373 310 454 370 inerit,
466 310 504 360 rel
512 309 650 374 pauperibus
658 309 694 360 sni
702 310 777 374 gregis
786 307 940 374 largiendum

163 381 265 446 rapinam
277 381 389 431 honorum
402 391 494 430 suorum
507 393 558 430 cum
572 379 655 441 gaudio
669 381 811 432 sustinendo.

196 453 230 502 dd
243 452 365 505 secuudum
378 451 514 514 dicendum,
527 449 587 514 quod
599 452 645 501 hoc
656 451 732 514 ipsum
742 453 801 515 quod
811 451 904 517 episcopi
914 450 939 498 in·

165 524 262 574 tendunt
275 522 312 574 his
325 534 376 586 quo
388 521 505 585 pertinent
518 523 546 572 ad
561 522 712 586 proximorum
730 523 884 582 dilectionem,
901 533 944 584 pro

165 595 231 646 uanil
244 607 273 644 en
286 593 420 644 abundantia
437 591 565 644 dilectionis
576 593 675 656 dirinae3
687 594 748 644 unde
761 594 872 644 Dominus
887 591 944 657 prinu

165 665 178 717 d
197 667 263 716 Petro
282 664 388 728 qumsiril
399 678 437 715 au
453 678 505 715 eum
523 665 641 727 diligeret,
655 669 678 715 et
697 670 778 729 postea
793 667 815 716 ei
834 665 873 716 sui
885 661 944 728 propr

163 749 240 788 curam
263 735 384 786 commisit.
406 737 434 786 ill
455 735 576 798 Gregorius
599 737 655 786 dicit
675 739 702 786 in
722 739 821 787 Pastor.
842 740 912 801 (port.
930 738 944 791 ¹1

163 820 214 871 cap.
225 811 238 855 3
248 807 273 869 l:
287 824 302 854 u
311 807 335 857 Si
345 805 472 858 dilectionis
481 810 515 857 est
523 807 677 857 testimonium
687 819 741 857 cura
753 808 887 871 pastoralis,
897 804 944 868 quie

164 878 216 942 quis
227 877 349 928 uirtutibus
358 878 459 942 poliens,
474 891 567 943 mem
578 877 619 928 liei
634 878 710 928 renuit
722 891 828 942 pascere,
843 881 944 929 Pastoreu

165 963 277 998 summum
297 948 438 1000 convincitur
459 961 505 1011 non
526 960 610 998 amare.
625 966 640 996 u
661 949 709 1000 noc
724 953 800 1000 aulem
816 954 853 1000 eat
868 946 944 1012 majori

165 1019 290 1072 dilectionis
298 1020 397 1084 siguum,
408 1023 433 1070 ut
443 1021 512 1070 homo
520 1024 612 1083 propter
620 1020 717 1070 ancienne
726 1021 796 1071 eliano
806 1021 857 1073 aliis
867 1021 944 1075 seruat

166 1105 234 1156 quam
248 1092 268 1140 si
280 1091 322 1143 soli
332 1091 404 1141 amico
419 1089 474 1140 uelit
490 1091 584 1140 seruire.

197 1164 231 1213 lid
240 1163 332 1213 lentium
345 1161 477 1224 dicendum,
488 1160 547 1224 quod
558 1161 617 1212 sicut
626 1161 746 1223 Gregorius
755 1161 811 1212 dicit
821 1163 849 1214 in
864 1167 944 1216 Posiou

168 1235 244 1298 (pari.
255 1239 279 1294 2,
288 1247 339 1298 cap.
351 1233 389 1293 ll.
402 1249 416 1279 (ι
425 1231 458 1281 Sit
469 1232 552 1296 presul
561 1231 649 1282 actione
659 1233 799 1298 precipuus,
811 1249 859 1299 pror
874 1231 944 1286 cnurti

166 1304 355 1368 contemplatione
368 1316 506 1368 suspensum
515 1319 529 1350 o
539 1303 592 1367 quia
602 1303 631 1353 ad
641 1303 704 1367 ipsos
712 1304 825 1368 pertinet,
833 1321 884 1358 nou
893 1305 944 1365 soluo

165 1378 257 1438 propter
267 1374 410 1438 seipsossed
419 1377 512 1436 propter
519 1373 690 1425 instructionem
699 1374 793 1424 aliorum
802 1368 944 1440 mutempurt

166 1445 230 1496 Unde
240 1443 361 1507 Gregorius
375 1443 430 1494 dicit
439 1458 517 1508 sopor
527 1445 616 1495 oreon
630 1437 722 1506 lh'omil.
732 1446 778 1509 Vp),
793 1446 856 1510 quod
871 1449 944 1511 depol

166 1515 233 1566 lectis
250 1516 306 1566 viris
326 1519 377 1578 post
396 1515 610 1579 contemplationem
629 1529 695 1565 suom
714 1517 865 1570 redeuntibus
883 1518 944 1570 dicitu

168 1586 273 1643 Proim„
286 1585 354 1635 XLIV
367 1600 373 1633 ι
387 1585 540 1635 «Memoriam
548 1586 669 1637 maritalis
682 1591 728 1637 inae
740 1589 889 1640 eructabunt.
906 1607 920 1635 o
942 1608 944 1615 ·

449 1763 612 1814 indiculos
625 1764 683 1814 lllli.

211 1887 297 1932 Uirium
313 1886 443 1942 presbyteri
456 1889 572 1935 corotici
585 1889 747 1934 archidiaconi
764 1891 815 1936 sint
826 1856 944 1950 majorini

381 1951 533 2006 perfectionis
545 1965 620 2008 poam
636 1952 752 2007 rciipo'osi.

203 2076 235 2126 dd
249 2078 355 2125 octavum
369 2075 402 2126 sic
416 2075 545 2139 proceditur
555 2077 599 2141 l¹)·
611 2076 706 2128 Videtur
716 2077 777 2140 quod
790 2079 862 2130 etiam
877 2072 944 2146 presi

172 2147 215 2198 teri
227 2145 300 2196 curati
314 2151 337 2196 et
353 2147 505 2210 archidiaconi
519 2147 565 2197 siut
582 2148 675 2212 majoris
687 2149 836 2212 perlectionis
849 2167 928 2216 quam

169 2217 254 2281 ligiosi.
267 2215 326 2267 llicit
343 2217 403 2268 euim
417 2219 591 2281 chrysostomus
603 2219 629 2268 in
646 2231 688 2270 suo
701 2220 790 2284 dialogo
810 2238 816 2273 :
836 2225 896 2274 «Si
911 2231 935 2274 ts

169 2289 226 2338 milri
239 2289 336 2353 aliquem
347 2290 445 2340 adducas
456 2291 606 2353 monachum,
617 2291 691 2353 quads
701 2295 727 2341 ut
736 2294 865 2344 secundom
876 2302 944 2365 exugp

169 2359 279 2410 rationem
297 2360 385 2422 dicam,
398 2361 473 2411 Helias
492 2359 546 2421 init,
563 2366 701 2412 nontamen
717 2365 891 2427 comparandus
906 2373 944 2423 esl

168 2430 209 2494 qui
225 2431 324 2482 traditus
343 2431 432 2496 populis
450 2434 474 2482 et
493 2430 613 2482 multorum
631 2435 725 2495 peccate
739 2434 799 2484 ieme
819 2426 944 2515 courpulsp

168 2502 292 2552 immobilis
300 2506 432 2567 perseverat
440 2505 464 2552 at
477 2501 551 2552 fortis.
569 2505 623 2553 ulit
633 2504 700 2568 paulo
709 2509 763 2568 post
776 2505 851 2556 dicit:
866 2527 885 2556 «
895 2511 944 2575 Sic

169 2571 226 2622 milri
240 2577 380 2638 proponeret
396 2573 526 2636 optionem,
542 2575 586 2644 ubi,
596 2577 687 2627 mallem
701 2576 789 2640 placem
803 2578 829 2627 in
843 2578 944 2633 officio

202 2741 232 2804 (l)
247 2747 280 2790 De
289 2745 325 2789 luis
334 2745 404 2792 etiam
418 2745 544 2802 Quodiid„
558 2749 583 2805 1,
598 2746 644 2794 ari.
661 2745 705 2805 lt,
718 2748 747 2793 ud
759 2749 787 2802 Q
802 2756 829 2794 et
841 2751 944 2806 Quodn

167 2807 220 2918 1le
226 2807 338 2927 ,succidiis2
341 2813 368 2912 ct
383 2807 485 2864 Opuroc„
494 2811 582 2869 xum,
595 2823 649 2868 cap.
659 2808 689 2854 ao
698 2815 723 2857 ct
736 2811 782 2865 21;
797 2819 823 2858 et
835 2813 863 2857 in
877 2816 944 2861 Mai
