1917 3317
119 178 150 215 ns
165 175 279 215 smooxrs
289 176 461 217 numentano!
476 174 611 215 mensos.
719 166 766 215 titt

62 268 73 297 u
89 253 113 303 tit
128 253 160 303 ita
176 266 222 305 non
237 253 385 318 corrumpitur
403 258 485 304 natura
502 253 629 305 umlestium
647 263 765 318 oorpornm

58 338 111 374 rrum
129 338 210 375 aursus
223 324 355 375 immutatur
374 324 387 375 ι
402 326 458 388 lleo;
472 328 653 389 corrumperetur
671 328 764 389 auom,

58 396 116 459 liquo
128 396 173 447 alia
185 408 253 447 causa
265 395 429 447 immutaretur.

58 468 174 518 secundnm
199 466 333 531 dicendum,
349 466 410 531 qndd
427 481 469 532 per
487 467 621 518 miraculum
642 466 765 519 icnmto

74 552 117 589 non
135 542 170 589 est
183 551 305 602 pervorsus
326 539 380 589 ordo
394 543 521 603 temporum
533 556 541 602 ;
555 552 625 601 nam,
640 537 764 589 seeunddun

58 626 90 673 m,
113 612 158 663 illae
173 610 274 661 tenebre
291 612 329 661 rel
344 611 398 662 solis
411 611 538 661 obscuratio
551 624 603 675 que
617 610 642 659 in
657 610 765 674 passione

66 683 161 745 occidit,
171 681 217 731 init
229 685 320 746 propter
334 683 378 733 troo
387 682 447 746 qudd
462 683 497 733 sol
509 694 562 732 snos
575 680 649 731 radios
658 681 762 746 retraxit,

60 754 208 805 mmntatione
222 753 280 805 laetu
298 754 358 805 eirca
379 757 465 805 motum
479 753 608 804 ooelestium
627 766 763 817 corporum,

58 826 88 873 im
111 836 182 891 qoem
206 828 310 889 tempora
333 830 502 877 mensurantur.
527 825 590 876 Unde
615 825 765 889 llieronpmus

61 913 106 960 per
122 899 218 949 Mollis.
236 897 329 947 Videtur
342 896 453 947 luminare
466 898 540 961 majus
552 897 674 948 retraxisse
687 897 763 948 radios

72 983 100 1019 ne
122 972 163 1019 aut
181 967 319 1032 pendentem
336 968 425 1019 uideret
435 968 558 1019 ltiomnum
575 968 627 1032 (l),
640 972 681 1018 aut
697 968 765 1033 impii

58 1044 147 1093 orantes
166 1052 209 1090 sue
232 1040 282 1091 loos
302 1040 437 1090 fruerentur.
452 1056 466 1087 u
482 1039 545 1089 Talis
564 1044 641 1089 autem
659 1039 765 1091 retractio

59 1127 71 1159 ιι
90 1126 139 1164 non
154 1114 192 1162 est
207 1110 241 1161 sic
253 1110 414 1173 intelligendo,
429 1111 497 1175 quusi
508 1111 543 1162 sol
559 1110 584 1161 in
598 1123 639 1161 sna
652 1115 766 1174 potestate

58 1185 129 1245 adies
143 1182 250 1233 emittere
263 1182 302 1233 uel
317 1184 444 1247 retrahere3
457 1197 504 1235 nou
517 1182 579 1233 enim
593 1196 623 1233 ex
641 1184 764 1247 electione,

58 1262 144 1307 natura
155 1253 233 1306 radios
245 1267 299 1305 snos
314 1254 411 1317 emittit,
424 1259 451 1305 ut
462 1256 519 1305 dicit
531 1254 653 1319 llioupsins
661 1254 699 1304 tv,
711 1268 763 1318 cap.

58 1370 59 1373 ,
73 1328 186 1378 Nomio.
202 1325 248 1375 Sed
258 1326 292 1375 sol
300 1324 381 1377 dieitur
393 1327 516 1377 retraxisse
529 1326 612 1389 radios,
622 1324 766 1390 loquentium

59 1401 136 1449 irtute
153 1398 239 1447 laetum
257 1400 306 1459 est,
321 1402 347 1446 ut
366 1398 421 1451 solis
434 1400 492 1450 radii
504 1400 535 1449 ad
550 1402 635 1449 terram
654 1411 701 1449 non
714 1411 766 1463 per·

60 1510 66 1520 .
90 1470 211 1533 Origenes
227 1472 302 1519 autem
317 1469 371 1520 dioit
391 1472 435 1521 iroe
457 1469 566 1521 aeoidisse
585 1482 627 1533 per
644 1468 765 1533 interposi·

61 1542 181 1604 rrubium3
199 1541 260 1591 uude
277 1554 353 1605 super
372 1542 473 1600 Martia,
496 1541 551 1592 dicit
570 1556 576 1591 ε
593 1542 764 1593 «Conveniens

58 1616 148 1677 {ligere
175 1612 286 1675 quasdam
313 1612 511 1663 tenebrosissimas
537 1612 611 1663 nubes
634 1611 715 1661 multas
741 1614 765 1661 et

64 1684 221 1737 concurrisse
241 1696 309 1747 snper
328 1682 467 1735 Hierusalem
489 1688 513 1735 et
529 1688 612 1735 terram
631 1683 723 1733 iudea.
737 1682 766 1732 lit

58 1766 87 1808 ‘1ae
112 1759 173 1807 sont
196 1755 294 1807 tenebre
318 1756 464 1819 prolundmd
488 1758 552 1805 sexta
574 1756 629 1806 nora
645 1767 719 1818 usque
737 1755 766 1805 ad

59 1829 170 1879 ibritror
188 1825 326 1888 onim,siout
340 1830 363 1877 et
372 1824 585 1890 ureterasignuqnm
597 1826 657 1876 iaetu
669 1828 724 1875 sunt
741 1824 766 1875 iu

61 1942 68 1964 ,
88 1898 189 1950 seilicet
199 1895 261 1959 qudd
275 1897 351 1947 uelum
364 1898 442 1962 templi
458 1905 494 1949 est
508 1898 618 1958 scissum,
633 1896 694 1961 qnod
707 1901 767 1947 terra

74 1979 147 2031 etc„
162 1968 188 2019 in
206 1967 346 2019 lliomsnlem
363 1968 521 2020 tantummodo
538 1968 598 2019 iacta
615 1972 682 2031 sont,
696 1967 727 2017 ita
740 1972 765 2017 et

61 2049 91 2093 nt
103 2041 131 2093 si
148 2038 219 2091 lollius
232 2039 330 2091 sorduerit
340 2040 391 2103 quis
401 2042 523 2091 extendere
535 2040 564 2089 ad
578 2044 660 2089 terram
672 2038 764 2099 induero,

61 2131 103 2168 roc
131 2113 198 2177 qnod
212 2111 292 2161 dieitur
308 2128 315 2162 r
330 2129 344 2159 a
358 2112 466 2163 Tenebras
480 2111 547 2162 laeta
557 2116 612 2161 sunt
622 2112 646 2161 in
657 2111 766 2161 uniuersa

63 2188 143 2254 quod
165 2184 302 2247 intelligitur
315 2186 414 2235 deterre
432 2185 532 2246 tudem,
550 2184 608 2234 sieut
626 2183 651 2233 in
667 2184 707 2233 lll.
723 2182 764 2233 tiis.

59 2266 95 2312 rit
113 2257 210 2311 Abdias
227 2257 256 2306 ad
269 2255 343 2307 Etiam
363 2271 399 2305 ιιι
417 2256 482 2305 Vivit
497 2256 605 2307 dominus
622 2256 763 2317 tlensium,

63 2337 111 2386 est
134 2342 200 2393 gens
211 2332 250 2377 ant
261 2338 369 2391 reguum,
378 2327 417 2378 uiri
428 2341 474 2379 oon
485 2328 575 2378 miserit
583 2327 688 2377 dominos
701 2338 767 2377 mens

62 2422 78 2457 e
94 2422 104 2468 3
121 2418 141 2450 ι)
156 2398 282 2449 ostendens
291 2396 411 2460 quodsum
424 2396 545 2460 quaesierat
558 2396 582 2446 in
596 2397 766 2461 gentibusque

59 2512 63 2531 ι
83 2477 219 2531 Judaeeuu.
238 2472 282 2523 Sed
297 2472 357 2521 eirea
378 2473 421 2523 hoo
438 2471 510 2534 magis
523 2471 650 2522 credendus
663 2474 698 2522 est
710 2470 767 2521 ttio-

60 2556 90 2605 rri
111 2546 218 2603 oculata
236 2546 280 2595 ilde
293 2543 393 2607 inspexit
409 2546 452 2594 hoo
463 2542 571 2593 accidisse
583 2556 624 2607 per
641 2539 767 2605 interposi-

59 2640 106 2677 nae
132 2620 255 2670 internos
275 2620 299 2667 et
319 2617 408 2677 solem3
423 2614 479 2666 dioit
497 2616 598 2665 enimin
613 2614 716 2678 Epistola
728 2613 764 2663 od

59 2740 64 2751 ‚
92 2696 151 2763 (ιιι
165 2688 243 2754 sopri)
257 2702 262 2737 ε
276 2687 467 2753 «inopinabiliter
480 2686 523 2739 soli
536 2684 765 2737 lunaminoidentem

72 2842 289 2911 prosopopoeiam
303 2843 406 2900 dietum,
420 2842 472 2888 edm
494 2843 551 2888 sotis
575 2852 622 2886 non
639 2839 671 2884 sit
687 2838 765 2887 ridere

59 2920 74 2964 i
95 2907 230 2963 exhibere
244 2906 322 2953 lumen
336 2906 366 2953 ud
379 2905 512 2953 uidendum.
