1917 3317
122 152 171 202 tto
223 162 330 202 sannaus
345 162 468 213 neonus,
482 161 577 207 oum.
591 159 720 213 snmus,
733 159 788 200 aar.
802 161 821 198 r.

122 239 198 290 minus
219 238 295 290 idonei
308 251 337 288 en
351 238 425 300 aliquo
439 241 533 302 peccato
551 238 687 302 commisso,
702 238 742 288 sed
758 235 835 300 magis
848 232 920 288 idonci

122 322 151 365 ox
172 308 278 360 exercitio
299 307 440 371 sanctitatis,
459 309 519 372 qnod
536 313 715 372 assumpserunt.
730 309 830 360 Stultum
848 311 920 359 auom

123 385 160 434 est
171 381 259 441 dicere,
270 379 332 444 qudd
346 393 374 432 ex
385 380 431 432 hoc
439 378 500 443 qudd
509 381 593 444 aliquis
601 381 626 431 in
638 381 758 433 sanctitate
767 385 920 446 promovetur,

123 452 235 504 eliciatur
245 453 321 502 minus
330 451 426 502 idoneus
434 453 462 502 ad
472 452 598 516 spiritualia
609 452 681 503 allicis
691 453 825 504 exercenda.
838 452 922 504 Etideo

122 524 193 575 strrita
206 527 241 574 est
255 524 402 588 quorumdam
420 523 497 587 opinio
511 523 650 586 dicentium,
666 524 726 588 qnod
738 524 788 589 isse
798 527 878 576 status
889 537 922 573 re

121 594 220 662 ligionis
227 593 412 659 impedimentum
426 595 492 648 affert
501 597 554 646 talia
564 596 702 660 exequendi.
713 598 812 657 Quorum
826 608 923 648 errorem

124 669 255 719 Bonilaeius
264 668 325 731 Papa
340 667 464 717 rationibus
476 669 612 732 supradictis
626 668 725 718 excludit
741 668 819 719 diceus
831 708 838 730 ,
850 675 877 720 ut
888 671 924 718 ire·

122 740 188 790 betur
198 739 257 802 llll,
267 753 305 802 qu.
320 741 333 788 1
345 738 394 803 (l):
407 740 489 789 «Sunt
501 740 604 791 nonnulli
614 740 679 791 nulio
687 741 793 803 dogmate
803 741 873 803 initi,
888 753 923 790 au-

123 809 244 862 dacissime
257 810 362 874 quidem,
373 811 422 860 zelo
437 811 510 873 magis
527 811 700 873 amaritudinis,
711 811 779 876 quim
796 811 925 863 dilectionis

123 882 267 944 inflammati,
282 887 407 933 asserentes
426 884 565 946 monachos,
579 884 619 948 qui
634 884 718 934 mundo
731 882 818 934 mortui
835 882 926 935 suntet

124 955 171 1008 Deo
185 954 279 1016 visunt,
294 953 438 1004 sacerdotalis
451 954 522 1004 oflicii
535 955 639 1018 potentia
656 955 775 1020 indignos,
787 967 868 1019 neque
882 967 925 1020 1)oe·

125 1025 244 1077 nitentium
257 1036 330 1088 uenire
340 1023 527 1076 christianitatem
536 1025 625 1088 largiri,
639 1039 713 1090 neque
725 1025 847 1077 absoluere
860 1037 924 1092 posse

125 1111 167 1164 pes
179 1095 323 1148 sacerdotalis
333 1095 401 1146 ollicii
414 1095 523 1146 diuinitus
534 1097 658 1160 injunctam
671 1097 715 1147 sitsi
724 1100 878 1161 potestatem.
887 1098 925 1147 Sed

127 1168 221 1221 omuino
235 1168 348 1218 utuntur.
365 1183 379 1214 o
395 1167 459 1227 Quod
477 1169 593 1220 ostendit:
608 1161 802 1232 primoquidem,
817 1171 926 1232 quianon

128 1239 275 1291 contrariatur
288 1239 384 1302 reguiae3
395 1239 472 1288 subdit
487 1239 549 1290 enim
561 1255 567 1290 :
579 1242 680 1304 «Neque
690 1241 751 1292 euim
762 1241 845 1292 beatus
856 1237 927 1294 Beue·

126 1313 200 1364 dictus
213 1313 375 1363 monachorum
389 1313 512 1376 praeceptor
522 1312 642 1374 almificus,
656 1313 786 1377 huiusmodi
804 1313 840 1364 rei
855 1315 925 1377 aliquo

127 1386 195 1436 modo
209 1383 252 1434 luit
264 1383 413 1442 interdictor;
428 1399 442 1430 u
457 1387 479 1432 et
491 1383 597 1434 similiter
614 1398 657 1435 uec
675 1385 700 1434 iu
714 1384 765 1435 aliis
784 1387 874 1449 regulis
887 1389 928 1436 too

126 1456 265 1522 prohibetur.
280 1453 384 1506 Secundo
400 1453 513 1518 improbat
528 1456 662 1519 predictum
681 1469 779 1507 errorem
793 1469 823 1506 ex
836 1458 929 1509 idonei-

128 1532 175 1580 tate
186 1527 365 1586 mouactrorurn,
378 1525 429 1578 cium
442 1525 466 1576 in
479 1526 525 1579 lino
534 1527 626 1592 capituli
636 1527 729 1578 subdita
744 1528 859 1586 «Quanto
870 1529 930 1594 quo

130 1612 174 1664 que
188 1603 223 1650 est
234 1597 394 1662 excellentior,
406 1602 469 1649 tanto
479 1602 503 1648 et
514 1599 538 1648 in
549 1599 594 1649 iilis
606 1599 705 1664 (scilicet
712 1598 869 1663 spiritualibus
878 1615 930 1666 oue

129 1671 206 1736 ribus)
222 1675 256 1722 est
277 1669 427 1734 potentior.»
444 1671 493 1722 llio
508 1673 576 1722 modo
596 1671 677 1723 dicitur
697 1672 782 1735 aliquid
795 1685 843 1722 nou
863 1675 931 1724 licere

129 1742 210 1805 alicui,
223 1755 269 1793 non
280 1745 373 1807 propter
386 1743 522 1794 contrarium
538 1744 600 1806 quod
616 1743 714 1806 amet,
729 1745 770 1794 scd
780 1749 875 1808 urente
891 1749 930 1796 noc

130 1816 189 1881 quod
204 1814 280 1866 delicit
295 1814 316 1864 ei
329 1815 389 1865 unda
402 1815 457 1866 illud
467 1816 556 1880 possit3
566 1815 627 1866 sicut
637 1815 734 1866 diacono
747 1829 794 1866 uon
807 1816 865 1868 licet
875 1819 931 1868 mis

130 1901 178 1940 sam
191 1887 303 1938 celebrare
313 1924 319 1947 ‚
330 1887 439 1950 quianon
451 1889 520 1939 halet
528 1888 631 1939 ordinem
642 1887 804 1939 sacerdotalem
813 1905 822 1952 3
831 1893 858 1940 et
869 1904 932 1956 pres·

130 1961 211 2021 hymro
222 1972 268 2010 non
280 1959 334 2010 licet
345 1959 484 2010 sententiani
492 1959 563 2021 terre,
574 1959 625 2024 quia
638 1973 685 2010 non
696 1961 765 2010 hebet
776 1960 932 2026 episcopalem

131 2030 297 2084 auctoritatem.
305 2030 331 2080 ln
341 2029 423 2094 quibus
433 2036 510 2082 umen
520 2036 556 2084 est
565 2032 750 2096 distinguendum
762 2047 768 2080 ε
778 2033 833 2095 quia
843 2047 872 2084 ea
880 2048 934 2098 que

131 2102 292 2166 molendinis,
304 2103 416 2153 committi
430 2117 475 2154 non
490 2108 586 2168 possunt
595 2104 639 2154 nisi
649 2103 672 2154 ei
682 2103 722 2166 qui
733 2103 837 2154 ordinem
852 2106 933 2164 habet,

131 2175 188 2228 sicat
201 2175 295 2227 diacono
306 2189 352 2226 non
362 2179 437 2240 potest
446 2172 558 2227 committi
566 2180 592 2226 ut
602 2177 701 2226 celebret
713 2175 819 2237 missam,
832 2177 880 2226 nisi
893 2178 935 2226 liat

131 2248 248 2311 secerdos3
262 2261 289 2298 aa
305 2248 359 2300 rerd
376 2261 426 2312 quae
443 2251 497 2298 suut
513 2246 692 2311 jurisdictionis,
706 2247 821 2298 committi
835 2253 937 2312 possum

130 2318 165 2370 eis
181 2318 221 2382 qui
236 2332 281 2370 non
295 2321 380 2370 habent
393 2318 530 2370 ordinariam
545 2318 744 2383 jurisdictionem,
759 2318 819 2369 scut
832 2321 936 2384 prolatio

131 2390 248 2443 sententie
266 2392 413 2444 committitur
431 2392 460 2442 ab
475 2390 583 2455 episcopo
598 2392 697 2454 simplici
710 2391 832 2441 sacerdoti.
848 2393 880 2442 Et
890 2394 941 2444 hoc

131 2463 198 2514 niodo
209 2463 291 2514 dicitur
305 2477 350 2515 uon
363 2463 433 2514 licere
446 2463 565 2514 monachis
577 2467 602 2514 et
616 2463 666 2514 aliis
674 2463 786 2527 religiosis
798 2464 940 2526 praedicare,

131 2534 221 2595 docere,
235 2535 311 2586 etatia
321 2535 451 2600 hujusmodi
462 2535 548 2597 lacere3
558 2535 611 2600 qnia
622 2539 694 2585 emtus
705 2533 824 2597 religionis
836 2548 884 2585 nou
895 2537 940 2586 dal

132 2604 166 2656 eis
178 2610 316 2670 potestatem
329 2606 461 2670 hujusmodi
471 2605 579 2657 tacendi.
592 2607 690 2658 Possunt
701 2611 777 2657 tamen
785 2605 832 2656 ista
844 2605 943 2670 lacere,

114 2803 117 2808 -
165 2767 198 2832 (l)
212 2769 257 2816 Ubi
270 2769 340 2815 etiam
350 2769 413 2814 addit
426 2769 507 2816 vereda
520 2768 590 2816 mom
603 2769 668 2817 zoor
680 2769 738 2815 nord
751 2772 879 2816 monam
890 2771 923 2816 Ρ,

116 2837 197 2884 ,trum
210 2833 320 2878 tnatttola'
328 2831 455 2891 exemptis,
463 2833 551 2890 quitos
560 2833 796 2890 mutassem
805 2840 840 2878 ert
852 2835 933 2892 mesra

132 2899 208 2957 sset,
227 2894 350 2944 cemimus
365 2895 381 2944 d
394 2895 558 2944 cocordote'tu
572 2897 698 2944 nomm
717 2895 818 2955 tonnas
