1917 3317
141 106 188 154 tlt
326 116 388 153 raus
404 116 445 165 ιιι,
462 114 557 159 oumsr.
574 114 624 164 ru,
642 114 698 151 aur.
716 116 757 151 ιιι.

140 191 332 255 comparationem
345 194 372 240 ad
386 204 452 239 sunm
467 191 549 254 tinem;
567 190 627 239 sicut
645 194 737 240 nonest
751 191 823 253 major
836 186 911 251 grauis

141 264 210 329 quarn
224 263 323 325 gravitas
337 267 417 325 terre,
433 262 487 325 quia
501 274 548 312 non
563 264 639 325 potest
652 274 704 311 esse
715 261 807 311 inierint
819 261 876 310 luens
888 260 901 305 li

141 340 218 386 terrae.
229 335 293 383 Finis
302 338 376 383 annm
387 335 465 397 gratim
475 338 510 383 est
517 334 571 382 unio
581 336 691 383 creaturae
700 330 817 383 rationalis
827 332 852 381 ad
861 332 895 379 lton

143 420 190 458 non
202 410 364 469 potestantem
379 419 429 455 esse
438 418 481 455 nec
495 404 593 467 intelligi
605 406 679 469 major
691 405 746 455 unio
758 408 864 454 oreatus
877 414 903 449 ru

142 479 202 529 nalis
215 479 242 526 ad
252 479 330 540 ileum
341 492 409 541 mam
420 490 470 540 que
482 480 517 525 est
531 476 554 524 in
565 488 679 540 persona:
691 476 774 526 etideo
786 476 855 542 gratia
863 475 906 523 Clu.

144 550 252 612 pertingit
264 551 292 598 ad
308 562 417 598 summam
427 560 558 597 mensuram
573 548 664 610 gratiae.
676 547 794 609 sicigitur
807 547 906 596 maniter,

145 624 194 682 eet,
205 621 265 685 quod
278 621 349 683 gralia
362 620 448 670 Christi
458 633 504 669 non
517 623 594 682 potest
604 620 684 682 augeri
694 633 724 669 ex
734 624 801 683 parte
814 619 878 685 ipsius
889 633 901 663 ι

145 692 196 743 tie.
210 693 255 742 Sed
265 706 308 741 nee
321 692 391 741 etiam
406 705 435 741 ex
445 694 511 754 parte
526 690 633 754 subjecti,
645 691 699 755 quia
711 690 819 741 Christus
830 705 891 741 secun

147 765 208 828 quod
222 766 306 826 horno,
327 776 339 811 a
352 763 426 827 primo
439 763 533 812 instanti
550 776 597 812 srrae
617 762 778 825 conceptionis
798 764 842 813 iuit
853 774 902 809 reu:

145 834 229 899 plenus
245 837 431 899 comprehensor.
443 836 508 884 Unde
517 834 542 883 in
556 847 583 883 eu
595 847 641 883 uun
654 834 730 899 putuit
741 846 794 885 esse
810 834 879 899 gratis

146 911 266 969 mentum,
282 908 341 956 sicut
353 919 397 955 neo
410 906 436 955 in
450 905 501 956 aliis
512 906 602 967 Beatis3
618 918 715 967 quorum
730 906 807 968 gratia
822 904 887 967 augeri
898 917 913 947 ιἶ

146 982 231 1040 potest,
247 990 274 1027 eo
288 978 350 1041 quod
360 980 413 1026 sunt
425 977 450 1025 in
460 976 569 1026 termino.
582 976 708 1025 Hominum
715 976 773 1027 uerit
784 978 826 1041 qui
839 982 882 1027 sunl
892 989 908 1035 p

146 1047 262 1112 uiatores,
277 1050 348 1111 gratia
359 1052 436 1112 potest
457 1048 550 1111 augeri,
566 1052 632 1097 etex
648 1052 713 1111 parte
728 1049 829 1112 iormae,
845 1050 901 1112 quim

148 1119 264 1181 attingunt
280 1133 393 1169 summum
405 1120 483 1182 gratim
496 1120 604 1181 madum,
615 1123 639 1169 et
651 1132 681 1169 ex
691 1124 765 1183 parte·
775 1120 882 1185 subjecti.
894 1131 901 1176 ej

147 1191 249 1240 nondum
266 1196 421 1253 peruenerunt
439 1192 467 1240 ad
482 1192 616 1240 terminum.
919 1202 920 1205 ’

181 1262 215 1310 nd
230 1262 328 1325 primum
343 1276 397 1326 ergo
411 1263 547 1324 dicendum,
563 1262 624 1325 qudd
635 1262 654 1312 si
667 1262 793 1325 loquamur
804 1266 833 1315 de
845 1267 899 1326 quui·
919 1268 920 1299 l

148 1333 210 1382 tibus
224 1335 405 1396 mathematicis,
418 1335 512 1383 cuilibet
528 1334 597 1385 linitae
616 1334 741 1396 quantitati
754 1340 836 1399 potest
854 1338 888 1383 liu⁴
919 1346 920 1375 l

145 1404 220 1468 ditio;
234 1405 288 1469 quia
303 1418 332 1455 ex
346 1410 412 1470 parte
425 1405 561 1468 quantitatis
579 1404 666 1466 linitae,
681 1418 730 1455 uon
747 1411 786 1456 est
801 1406 880 1470 aiiquid
919 1422 920 1445 ι

147 1482 262 1541 repugnet
275 1478 394 1529 additioni.
412 1478 436 1526 Si
450 1477 505 1528 vend
519 1478 638 1539 loquamur
653 1477 681 1526 de
700 1478 835 1539 quantitate
848 1484 899 1528 nulu

150 1550 185 1600 sie
201 1555 277 1615 potest
294 1564 344 1601 esse
358 1549 511 1614 repugnantia
525 1562 553 1599 ex
568 1552 631 1613 parte
644 1550 722 1599 iormae
735 1588 742 1611 ,
757 1552 800 1601 eni
815 1553 894 1602 deletu
919 1558 920 1573 ¹

147 1623 272 1671 terminata
283 1623 413 1685 quantitas,
424 1622 485 1671 sient
500 1626 523 1671 et
531 1620 574 1669 alia
587 1620 714 1671 accidentia
725 1622 896 1674 determinant

151 1692 309 1755 enllompnus
321 1693 376 1743 dicit
390 1694 415 1743 iu
428 1694 457 1743 ll.
472 1694 510 1741 De
519 1694 606 1741 anima
618 1694 686 1753 (text.
701 1694 754 1757 ta),
767 1696 854 1757 quddn
863 1708 897 1744 oni·

151 1765 234 1812 aalma
245 1765 396 1814 coustantium
415 1768 449 1814 est
461 1764 573 1814 terminus
588 1769 610 1813 el
622 1762 678 1813 ratio
690 1766 863 1828 magnitudinis
874 1775 889 1814 nl

152 1834 233 1882 ruenti.
251 1850 265 1880 n
280 1835 310 1884 lit
324 1834 378 1885 inde
395 1840 433 1885 est
451 1834 513 1898 qndd
535 1833 655 1897 quantitati
669 1835 742 1885 totins
758 1850 810 1887 uon
824 1844 890 1901 polest

153 1905 247 1955 additio.
262 1906 332 1956 llultd
343 1907 413 1969 igitm
422 1907 495 1969 magis
506 1907 532 1955 in
547 1904 603 1969 ipsis
612 1905 691 1955 lormis
706 1908 869 1960 consideratur
881 1910 901 1954 d

152 1976 266 2026 terminus
276 2017 282 2038 ,
291 1978 351 2027 ultra
367 1992 435 2041 quern
446 1990 492 2027 uon
506 1975 688 2041 progrediuntur.
705 1976 735 2025 Et
749 1984 849 2045 propter
862 1981 896 2028 lun

154 2052 244 2111 oportet
257 2048 316 2112 qnod
334 2049 412 2111 gratia
429 2050 515 2099 Christi
536 2048 610 2113 possit
628 2047 679 2097 lieri
698 2048 788 2100 additio
798 2089 809 2115 ,
823 2062 901 2115 quamn

153 2115 220 2167 fluite
233 2121 356 2169 seeundum
367 2121 403 2170 sui
420 2119 552 2171 essentiam.

186 2188 221 2237 Ad
235 2190 358 2239 seeundum
371 2190 502 2251 dicendum,
518 2188 578 2253 quid
592 2188 664 2239 virtus
679 2188 760 2239 divina
773 2191 833 2242 lieet
850 2188 907 2256 pos-I.

154 2271 207 2310 uere
220 2260 306 2323 aiiquid
315 2261 390 2322 majus
400 2265 423 2309 et
432 2261 514 2311 melius
523 2261 590 2324 quim
603 2262 634 2310 sit
645 2260 771 2312 habitualis
786 2265 861 2327 gratia
872 2262 892 2311 C!

154 2334 292 2381 nontamen
309 2335 388 2394 posset
400 2332 476 2383 faeere
496 2332 556 2396 qudd
576 2332 716 2383 ordinaretur
728 2334 759 2383 ad
779 2332 865 2399 aliquid
876 2346 902 2380 n

153 2416 224 2466 quam
242 2402 271 2452 sit
281 2402 337 2452 nnio
352 2404 478 2467 personalis
493 2406 521 2455 ad
534 2404 617 2453 Filium
636 2403 786 2469 unigenitum
802 2406 818 2455 d
833 2408 900 2455 Palu.

154 2474 238 2523 nmoui
253 2474 391 2526 suilieienter
404 2477 565 2539 correspondet
579 2476 630 2526 talis
644 2489 752 2527 mensura
772 2478 867 2543 gratie,
882 2490 920 2534 st,

157 2545 213 2595 dum
225 2545 385 2598 diffinitionem
403 2546 487 2597 divine
501 2548 634 2612 Sapientia.

153 2704 250 2755 umora
258 2710 288 2753 to
295 2720 423 2759 menonem
430 2721 533 2755 numero
544 2716 565 2756 et
571 2712 682 2769 pondere
693 2710 911 2773 dispositissimum

159 2771 230 2817 etiarn
244 2772 382 2817 Ambrosius
395 2771 477 2816 eodem
496 2774 565 2819 modo
585 2787 632 2831 quo
646 2772 697 2835 hie,
708 2780 735 2818 nt
751 2776 774 2823 1.
787 2782 862 2837 part.²
878 2788 909 2831 qu.

146 2831 205 2879 art.
223 2832 239 2877 a
253 2839 277 2879 et
289 2832 405 2892 argumd
419 2834 498 2880 videre
508 2840 553 2881 est.
