1917 3317
234 187 266 224 un
282 184 371 222 namus
386 186 427 222 om
442 185 643 224 uusronsnmonm.
793 177 840 224 ets

59 261 136 312 uitatem
149 261 285 322 asserentis3
296 262 357 311 uude
372 261 502 311 Ambrosius
513 261 569 311 dicit
580 275 648 325 super
661 263 718 331 tuo
731 262 841 314 :uFides

56 334 117 384 tturie
128 333 201 382 verbis
211 333 285 396 magis
299 332 446 394 adsciscitur,
461 335 485 382 et
496 333 608 382 mendacii
622 345 688 382 causa
700 340 839 384 remoretur·

52 405 153 454 t'iteretur
170 403 233 454 euuim
245 403 334 468 eulpam
349 403 483 453 obumbrare
497 403 600 453 votuisse
612 403 708 467 innupta
722 404 840 455 mentatio

53 488 172 537 prepuaus3
188 487 280 523 rausum
301 476 377 524 numm
392 473 515 530 mentiendi
529 474 666 537 desponsata
683 489 728 525 nou
744 476 838 539 babuit,

52 561 93 593 urunt
106 547 204 611 conjugii
216 545 350 609 praemium,
363 549 386 594 et
397 545 468 608 gratia
484 546 611 610 nuptiarum
629 551 708 610 partus
724 548 754 596 sit
767 548 840 598 iterui-

54 631 145 667 rnrum.»
156 619 210 676 Due
223 615 314 679 quidem
325 617 370 665 duo
380 616 496 679 pertinent
507 619 533 666 ad
543 617 672 666 firmitatem
685 619 737 668 atei
748 624 838 670 nonne.

51 689 124 752 Tortib,
141 695 166 738 ut
185 688 305 738 tolleretur
318 687 434 737 excusatio
447 688 587 751 virginibus,
601 703 651 750 quae
670 693 762 752 propter
775 703 839 739 suam

50 760 168 810 incautelam
184 773 232 809 non
244 757 319 808 ritant
328 757 459 820 intamiam3
473 760 533 809 uude
543 759 674 809 Ambrosius
683 761 750 809 rtieit:
761 778 775 805 o
789 761 840 810 Nou

49 831 111 880 ‹turuit
126 831 261 895 Virginibus
275 829 367 878 sinistra
380 825 487 892 opinione
502 829 643 892 virentibus,
652 831 756 880 uelamen
770 844 840 880 exou-

51 903 129 954 <atiuuis
142 901 258 965 relinqui,
273 899 334 964 qubd
352 899 459 949 infatuata
480 900 552 950 Mater
565 914 654 963 quoque
675 901 763 950 Domini
778 903 840 952 ride-

53 981 107 1023 ·etur.
117 993 130 1023 n
141 973 228 1034 Quarto
238 973 283 1037 (t),
294 970 346 1035 quie
358 985 399 1034 per
409 971 452 1020 boo
461 971 601 1034 signitirntur
611 972 718 1021 universa
730 973 839 1035 Eurtesim

56 1061 91 1101 pru
104 1046 155 1096 cbm
170 1046 238 1107 virgo
250 1043 290 1105 sit,
305 1043 439 1106 desponsata
453 1046 530 1092 tumen
543 1047 579 1092 est
590 1043 630 1093 uui
642 1043 690 1092 viro
702 1044 805 1106 cbristo,
815 1048 840 1093 ut

49 1119 176 1178 suprimimus
192 1115 248 1166 dicit
266 1115 290 1164 iu
311 1114 351 1163 lib.
368 1115 403 1162 De
415 1117 502 1162 ronuta
525 1114 677 1177 Virpinitate
691 1120 759 1178 (sap.
776 1120 807 1164 ta
818 1115 837 1175 ).

49 1186 113 1236 burst
131 1187 203 1238 etiam
228 1188 251 1234 et
270 1183 350 1246 quinta
364 1184 421 1233 ratio
442 1197 508 1244 esse,
523 1183 584 1246 qubd
606 1185 676 1234 nater
693 1185 781 1234 Domini
795 1185 840 1235 tuit

55 1256 171 1320 ‘sponsata
182 1260 208 1307 et
220 1254 299 1317 ringo,
312 1253 394 1318 quiaiu
407 1265 502 1316 persona
511 1255 584 1316 ipsius
594 1259 617 1305 et
626 1255 749 1318 Virginitas
759 1262 783 1306 et
793 1269 841 1306 ma·

49 1330 166 1378 a‘nouium
186 1329 328 1387 bonoratur,
343 1330 420 1376 contra
438 1323 558 1375 hereticos
583 1327 649 1377 alteri
667 1328 748 1376 borum
765 1330 840 1378 detra-

50 1403 122 1450 tentes.

68 1473 97 1520 tt
110 1473 215 1536 priunum
238 1483 293 1532 ergo
315 1467 448 1529 dicendum,
463 1468 524 1532 qubd
541 1468 608 1518 beata
621 1467 691 1529 Virgo
706 1469 777 1519 Mater
790 1469 840 1531 Dei,

49 1553 65 1588 n
81 1542 186 1593 familiari
205 1540 318 1590 instinctu
332 1539 430 1602 Spiritus
443 1541 519 1590 sancti
532 1540 643 1590 credenda
658 1545 694 1589 est
707 1541 841 1604 desponsari

49 1614 139 1675 u'uisse,
157 1612 280 1664 confidens
291 1613 320 1661 de
333 1611 411 1661 diuino
425 1611 526 1675 auritio,
545 1609 605 1674 qubd
619 1624 734 1674 nunqnam
750 1612 778 1660 att
791 1625 841 1662 car-

60 1687 103 1732 num
117 1686 227 1750 coputam
246 1681 387 1746 perveniret.
402 1683 449 1732 Hoc
468 1687 544 1732 tamen
560 1682 639 1731 diuino
651 1681 766 1731 commisit
779 1681 839 1732 arbi·

60 1755 84 1804 ir.
97 1757 162 1806 Unde
182 1755 206 1803 iu
223 1753 285 1804 uirile
302 1753 461 1803 detrimentum
473 1767 539 1818 passa
555 1756 591 1802 est
603 1752 737 1816 Virginitas.

67 1828 95 1875 nd
110 1827 240 1878 seeundum
255 1824 389 1887 dicentum,
406 1824 465 1888 qubd
479 1827 537 1874 siout
551 1822 683 1873 Ambrosius
699 1824 756 1873 dicit
772 1837 840 1888 super

49 1895 132 1954 tuam,
145 1913 161 1945 u
171 1895 255 1946 maluit
265 1895 376 1944 Dominus
388 1895 474 1959 aliquos
489 1897 516 1945 rte
529 1908 570 1945 suo
580 1899 630 1944 ortu
639 1895 706 1957 qubm
720 1895 748 1944 te
761 1893 841 1945 Matris

61 1969 112 2018 iture
126 1968 251 2029 dubitare;
265 1966 352 2016 sciebat
366 1966 426 2016 euim
440 1972 541 2017 teneram
556 1979 608 2015 esse
619 1965 720 2028 Virginis
729 1979 840 2016 rereuuu·

49 2039 69 2084 ia
79 2056 102 2099 u,
115 2045 141 2090 et
154 2037 270 2088 lubricam
282 2037 364 2085 tamam
373 2038 478 2101 pudoris3
488 2051 530 2088 uec
539 2036 699 2100 putavitonus
713 2037 748 2086 sui
761 2037 838 2099 tidem,

49 2112 106 2159 ratris
121 2109 221 2174 injuriis
235 2109 388 2157 astruendam.
404 2124 417 2154 o
429 2108 551 2158 Sriemturu
565 2112 641 2157 tamen
656 2111 705 2166 est,
722 2107 782 2170 qubd
796 2107 839 2156 mi·

50 2183 156 2232 ‘ortorum
174 2179 218 2230 Dei
228 2179 333 2241 quedam
350 2181 415 2242 sunt,
427 2179 548 2242 dequibus
560 2183 597 2230 est
614 2180 685 2241 tides3
695 2179 753 2229 sicut
767 2179 840 2227 mira-

58 2255 104 2302 tum
114 2250 222 2317 Virginei
238 2253 317 2313 partus
324 2287 333 2312 ‚
346 2253 369 2300 et
384 2251 553 2300 resurrectionis
568 2251 670 2314 Domini,
680 2256 703 2300 et
714 2252 786 2318 otiam⁴
797 2264 839 2300 sa-

62 2326 136 2374 ouenti
150 2323 246 2373 aitaris.
263 2321 290 2370 Et
303 2321 355 2370 ideo
367 2320 474 2370 Dominus
490 2321 561 2371 votuit
575 2321 619 2371 ista
637 2323 760 2371 occultiora
775 2334 835 2383 esse,

54 2399 57 2417 ·
71 2397 122 2446 titas
135 2406 221 2446 eorum
236 2392 310 2454 magis
323 2391 437 2442 meritoria
450 2395 518 2442 esset.
537 2392 643 2450 Quedaru
657 2405 712 2442 vero
728 2393 836 2442 miracuta

63 2473 81 2513 ut
94 2468 121 2517 ud
132 2465 192 2517 tidei
207 2463 433 2527 comprobationem
447 2467 469 2513 et
484 2464 527 2512 istu
541 2464 623 2513 Debent
640 2477 690 2513 esse
706 2463 835 2512 manifesta.

65 2539 92 2584 art
101 2538 201 2588 tertium
215 2533 349 2595 dicendum,
361 2532 421 2596 qubd
432 2534 491 2583 siout
500 2535 642 2596 Augustinus
657 2534 712 2583 dicit
720 2535 789 2583 initi.
801 2533 841 2581 De

49 2607 107 2666 bio,
115 2623 170 2674 cap.
182 2611 198 2656 7
210 2611 235 2657 et
249 2609 273 2667 8,
281 2604 385 2656 diabolus
397 2605 466 2654 muita
478 2609 554 2669 potest
561 2605 647 2656 uirtute
657 2619 704 2656 sue
717 2609 813 2664 nature,
825 2603 840 2653 b

65 2768 93 2831 fi]
108 2769 171 2819 Hinc
189 2769 267 2816 etiam
285 2765 371 2814 ibiaiem
392 2767 551 2813 Ambrosius:
574 2768 702 2813 Diaeomor
721 2770 743 2811 et
755 2766 840 2820 morte·

54 2834 96 2876 irum
109 2833 207 2896 (inquit
216 2829 237 2892 )‚
253 2831 311 2876 uere
324 2831 484 2887 desponsata,
493 2829 533 2874 sed
546 2832 629 2888 oirpo,
641 2832 703 2885 quio
714 2833 747 2873 ert
758 2827 840 2872 Ecate-

49 2909 73 2938 ιω
84 2904 165 2956 typos,
179 2906 238 2956 puae
248 2899 283 2939 est
295 2891 464 2943 immaculato,
474 2892 515 2938 aad
526 2897 615 2953 mepta,
624 2897 668 2938 ete.
