<?xml version="1.0" encoding="UTF-8"?>
<!DOCTYPE html PUBLIC "-//W3C//DTD XHTML 1.0 Transitional//EN"
    "http://www.w3.org/TR/xhtml1/DTD/xhtml1-transitional.dtd">
<html xmlns="http://www.w3.org/1999/xhtml" xml:lang="en" lang="en">
 <head>
  <title>
</title>
<meta http-equiv="Content-Type" content="text/html;charset=utf-8" />
  <meta name='ocr-system' content='tesseract 3.04.00' />
  <meta name='ocr-capabilities' content='ocr_page ocr_carea ocr_par ocr_line ocrx_word'/>
</head>
<body>
  <div class='ocr_page' id='page_1' title='image "./summatheologica02nicogoog_0094.png"; bbox 0 0 1917 3317; ppageno 0'>
   <div class='ocr_carea' id='block_1_1' title="bbox 164 179 811 228">
    <p class='ocr_par' dir='ltr' id='par_1_1' title="bbox 164 179 811 228">
     <span class='ocr_line' id='line_1_1' title="bbox 164 179 811 228; baseline 0.019 -12"><span class='ocrx_word' id='word_1_1' title='bbox 164 179 351 226; x_wconf 72' lang='lat' dir='ltr'>meminissemus</span> <span class='ocrx_word' id='word_1_2' title='bbox 367 191 400 226; x_wconf 77' lang='lat' dir='ltr'>nn</span> <span class='ocrx_word' id='word_1_3' title='bbox 418 190 513 228; x_wconf 76' lang='lat' dir='ltr'>suanum</span> <span class='ocrx_word' id='word_1_4' title='bbox 528 191 701 228; x_wconf 76' lang='lat' dir='ltr'>umscuaunun.</span> <span class='ocrx_word' id='word_1_5' title='bbox 780 183 811 228; x_wconf 83' lang='lat'>87</span> 
     </span>
    </p>
   </div>
   <div class='ocr_carea' id='block_1_2' title="bbox 42 248 813 2024">
    <p class='ocr_par' dir='ltr' id='par_1_2' title="bbox 42 248 811 331">
     <span class='ocr_line' id='line_1_2' title="bbox 42 248 811 331; baseline 0.003 -14"><span class='ocrx_word' id='word_1_6' title='bbox 42 318 45 327; x_wconf 81' lang='grc'>,</span> <span class='ocrx_word' id='word_1_7' title='bbox 76 248 152 309; x_wconf 58' lang='grc' dir='ltr'>ΕΜ»</span> <span class='ocrx_word' id='word_1_8' title='bbox 165 256 194 318; x_wconf 73' lang='lat' dir='ltr'>W·</span> <span class='ocrx_word' id='word_1_9' title='bbox 208 259 247 310; x_wconf 82' lang='lat' dir='ltr'>tin</span> <span class='ocrx_word' id='word_1_10' title='bbox 258 264 340 330; x_wconf 74' lang='lat' dir='ltr'>llrgses</span> <span class='ocrx_word' id='word_1_11' title='bbox 352 266 448 318; x_wconf 79' lang='lat' dir='ltr'><strong>dixisset</strong></span> <span class='ocrx_word' id='word_1_12' title='bbox 463 283 469 315; x_wconf 80' lang='lat' dir='ltr'><strong><em>z</em></strong></span> <span class='ocrx_word' id='word_1_13' title='bbox 484 268 623 329; x_wconf 78' lang='lat' dir='ltr'>«Obsecro,</span> <span class='ocrx_word' id='word_1_14' title='bbox 641 268 753 331; x_wconf 81' lang='lat' dir='ltr'>Domine,</span> <span class='ocrx_word' id='word_1_15' title='bbox 765 281 811 319; x_wconf 86' lang='lat' dir='ltr'>nun</span> 
     </span>
    </p>

    <p class='ocr_par' dir='ltr' id='par_1_3' title="bbox 45 324 812 828">
     <span class='ocr_line' id='line_1_3' title="bbox 45 324 812 404; baseline 0.029 -36"><span class='ocrx_word' id='word_1_16' title='bbox 45 328 49 338; x_wconf 94' lang='grc'><strong><em>·</em></strong></span> <span class='ocrx_word' id='word_1_17' title='bbox 73 334 115 370; x_wconf 87' lang='lat' dir='ltr'>sun</span> <span class='ocrx_word' id='word_1_18' title='bbox 127 324 238 390; x_wconf 69' lang='lat' dir='ltr'>descensui</span> <span class='ocrx_word' id='word_1_19' title='bbox 250 335 328 388; x_wconf 87' lang='lat' dir='ltr'>leriet</span> <span class='ocrx_word' id='word_1_20' title='bbox 342 337 521 401; x_wconf 82' lang='lat' dir='ltr'>nudiustertius3</span> <span class='ocrx_word' id='word_1_21' title='bbox 540 355 555 385; x_wconf 84' lang='lat' dir='ltr'>u</span> <span class='ocrx_word' id='word_1_22' title='bbox 569 338 679 390; x_wconf 78' lang='lat' dir='ltr'><strong>Dominus</strong></span> <span class='ocrx_word' id='word_1_23' title='bbox 694 339 812 404; x_wconf 83' lang='lat' dir='ltr'>respondit</span> 
     </span>
     <span class='ocr_line' id='line_1_4' title="bbox 70 393 809 474; baseline 0.027 -34"><span class='ocrx_word' id='word_1_24' title='bbox 70 393 94 441; x_wconf 91' lang='lat' dir='ltr'>ad</span> <span class='ocrx_word' id='word_1_25' title='bbox 105 407 145 446; x_wconf 89' lang='lat' dir='ltr'>cun</span> <span class='ocrx_word' id='word_1_26' title='bbox 155 413 160 447; x_wconf 93' lang='lat'><strong>:</strong></span> <span class='ocrx_word' id='word_1_27' title='bbox 172 403 229 467; x_wconf 78' lang='lat' dir='ltr'>«Ege</span> <span class='ocrx_word' id='word_1_28' title='bbox 237 419 270 458; x_wconf 86' lang='lat' dir='ltr'>ero</span> <span class='ocrx_word' id='word_1_29' title='bbox 282 408 351 459; x_wconf 83' lang='lat' dir='ltr'>inune</span> <span class='ocrx_word' id='word_1_30' title='bbox 364 414 417 470; x_wconf 87' lang='lat' dir='ltr'>tuo,</span> <span class='ocrx_word' id='word_1_31' title='bbox 428 410 560 472; x_wconf 83' lang='lat' dir='ltr'>doceboque</span> <span class='ocrx_word' id='word_1_32' title='bbox 572 413 597 460; x_wconf 87' lang='lat' dir='ltr'>te</span> <span class='ocrx_word' id='word_1_33' title='bbox 611 410 666 474; x_wconf 87' lang='lat' dir='ltr'>quid</span> <span class='ocrx_word' id='word_1_34' title='bbox 675 411 809 474; x_wconf 78' lang='lat' dir='ltr'>loquaris.»</span> 
     </span>
     <span class='ocr_line' id='line_1_5' title="bbox 68 465 812 546; baseline 0.013 -24"><span class='ocrx_word' id='word_1_35' title='bbox 68 465 178 543; x_wconf 62' lang='lat' dir='ltr'>illaudatus</span> <span class='ocrx_word' id='word_1_36' title='bbox 191 475 233 527; x_wconf 81' lang='lat' dir='ltr'>sant</span> <span class='ocrx_word' id='word_1_37' title='bbox 244 491 285 528; x_wconf 93' lang='lat' dir='ltr'>non</span> <span class='ocrx_word' id='word_1_38' title='bbox 300 484 375 544; x_wconf 86' lang='lat' dir='ltr'>potest</span> <span class='ocrx_word' id='word_1_39' title='bbox 388 480 501 532; x_wconf 83' lang='lat' dir='ltr'>remoueri</span> <span class='ocrx_word' id='word_1_40' title='bbox 514 480 702 544; x_wconf 72' lang='lat' dir='ltr'>impedimentum</span> <span class='ocrx_word' id='word_1_41' title='bbox 715 495 759 532; x_wconf 88' lang='lat' dir='ltr'>nec</span> <span class='ocrx_word' id='word_1_42' title='bbox 769 495 812 546; x_wconf 88' lang='lat' dir='ltr'>par</span> 
     </span>
     <span class='ocr_line' id='line_1_6' title="bbox 67 547 811 616; baseline 0.009 -19"><span class='ocrx_word' id='word_1_43' title='bbox 67 547 359 614; x_wconf 71' lang='lat' dir='ltr'>1⁰tt1tautru,necperclm</span> <span class='ocrx_word' id='word_1_44' title='bbox 374 551 411 600; x_wconf 89' lang='lat' dir='ltr'>cui</span> <span class='ocrx_word' id='word_1_45' title='bbox 429 551 570 614; x_wconf 84' lang='lat' dir='ltr'>injungitur,</span> <span class='ocrx_word' id='word_1_46' title='bbox 584 551 642 602; x_wconf 83' lang='lat' dir='ltr'>sicut</span> <span class='ocrx_word' id='word_1_47' title='bbox 663 553 684 603; x_wconf 89' lang='lat' dir='ltr'>si</span> <span class='ocrx_word' id='word_1_48' title='bbox 696 552 811 616; x_wconf 82' lang='lat' dir='ltr'>amnispi·</span> 
     </span>
     <span class='ocr_line' id='line_1_7' title="bbox 67 618 810 686; baseline 0.007 -17"><span class='ocrx_word' id='word_1_49' title='bbox 67 618 244 684; x_wconf 51' lang='lat' dir='ltr'>Sdlttncrpcssit</span> <span class='ocrx_word' id='word_1_50' title='bbox 257 635 321 686; x_wconf 83' lang='lat' dir='ltr'>super</span> <span class='ocrx_word' id='word_1_51' title='bbox 336 622 502 683; x_wconf 75' lang='lat' dir='ltr'>irregularitate</span> <span class='ocrx_word' id='word_1_52' title='bbox 520 621 661 686; x_wconf 85' lang='lat' dir='ltr'>dispensare.</span> <span class='ocrx_word' id='word_1_53' title='bbox 675 624 740 676; x_wconf 87' lang='lat' dir='ltr'>llnde</span> <span class='ocrx_word' id='word_1_54' title='bbox 754 624 810 674; x_wconf 87' lang='lat' dir='ltr'>sub-</span> 
     </span>
     <span class='ocr_line' id='line_1_8' title="bbox 67 678 812 758; baseline 0.011 -23"><span class='ocrx_word' id='word_1_55' title='bbox 67 678 117 756; x_wconf 78' lang='lat' dir='ltr'>dilus</span> <span class='ocrx_word' id='word_1_56' title='bbox 125 690 264 743; x_wconf 87' lang='lat' dir='ltr'>nmteneturei</span> <span class='ocrx_word' id='word_1_57' title='bbox 273 693 364 744; x_wconf 80' lang='lat' dir='ltr'>odedire</span> <span class='ocrx_word' id='word_1_58' title='bbox 377 694 405 744; x_wconf 90' lang='lat' dir='ltr'>ad</span> <span class='ocrx_word' id='word_1_59' title='bbox 414 693 584 756; x_wconf 87' lang='lat' dir='ltr'>suscipiendum</span> <span class='ocrx_word' id='word_1_60' title='bbox 597 694 765 758; x_wconf 85' lang='lat' dir='ltr'>episcopatum,</span> <span class='ocrx_word' id='word_1_61' title='bbox 773 693 812 745; x_wconf 82' lang='lat' dir='ltr'>vel</span> 
     </span>
     <span class='ocr_line' id='line_1_9' title="bbox 65 752 516 828; baseline 0.04 -33"><span class='ocrx_word' id='word_1_62' title='bbox 65 752 118 800; x_wconf 80' lang='lat' dir='ltr'>elram</span> <span class='ocrx_word' id='word_1_63' title='bbox 127 768 184 810; x_wconf 81' lang='lat' dir='ltr'>sacrm</span> <span class='ocrx_word' id='word_1_64' title='bbox 198 763 286 825; x_wconf 83' lang='lat' dir='ltr'>ordines,</span> <span class='ocrx_word' id='word_1_65' title='bbox 301 765 321 814; x_wconf 87' lang='lat' dir='ltr'>si</span> <span class='ocrx_word' id='word_1_66' title='bbox 334 766 365 815; x_wconf 91' lang='lat' dir='ltr'>sit</span> <span class='ocrx_word' id='word_1_67' title='bbox 377 764 516 828; x_wconf 81' lang='lat' dir='ltr'>irregularis.</span> 
     </span>
    </p>

    <p class='ocr_par' dir='ltr' id='par_1_4' title="bbox 43 824 813 2024">
     <span class='ocr_line' id='line_1_10' title="bbox 86 824 812 902; baseline 0.015 -25"><span class='ocrx_word' id='word_1_68' title='bbox 86 824 113 874; x_wconf 86' lang='lat' dir='ltr'>ld</span> <span class='ocrx_word' id='word_1_69' title='bbox 123 829 194 882; x_wconf 87' lang='lat' dir='ltr'>tertium</span> <span class='ocrx_word' id='word_1_70' title='bbox 209 836 335 896; x_wconf 89' lang='lat' dir='ltr'>dicendum,</span> <span class='ocrx_word' id='word_1_71' title='bbox 347 835 407 900; x_wconf 86' lang='lat' dir='ltr'>qudd</span> <span class='ocrx_word' id='word_1_72' title='bbox 428 837 531 899; x_wconf 79' lang='lat' dir='ltr'>arripere</span> <span class='ocrx_word' id='word_1_73' title='bbox 547 836 702 902; x_wconf 86' lang='lat' dir='ltr'>episcopatum</span> <span class='ocrx_word' id='word_1_74' title='bbox 716 850 763 888; x_wconf 85' lang='lat' dir='ltr'>nun</span> <span class='ocrx_word' id='word_1_75' title='bbox 775 841 812 888; x_wconf 86' lang='lat' dir='ltr'>cst</span> 
     </span>
     <span class='ocr_line' id='line_1_11' title="bbox 59 894 812 976; baseline 0.015 -28"><span class='ocrx_word' id='word_1_76' title='bbox 59 894 81 973; x_wconf 77' lang='lat' dir='ltr'>de</span> <span class='ocrx_word' id='word_1_77' title='bbox 95 905 248 976; x_wconf 72' lang='lat' dir='ltr'>senecessarium</span> <span class='ocrx_word' id='word_1_78' title='bbox 261 909 288 957; x_wconf 90' lang='lat' dir='ltr'>ad</span> <span class='ocrx_word' id='word_1_79' title='bbox 305 908 416 970; x_wconf 84' lang='lat' dir='ltr'>salntem,</span> <span class='ocrx_word' id='word_1_80' title='bbox 431 909 474 958; x_wconf 88' lang='lat' dir='ltr'>sed.</span> <span class='ocrx_word' id='word_1_81' title='bbox 491 908 518 956; x_wconf 88' lang='lat' dir='ltr'>lit</span> <span class='ocrx_word' id='word_1_82' title='bbox 537 907 689 958; x_wconf 77' lang='lat' dir='ltr'>necessarium</span> <span class='ocrx_word' id='word_1_83' title='bbox 702 921 732 958; x_wconf 83' lang='lat' dir='ltr'>en</span> <span class='ocrx_word' id='word_1_84' title='bbox 744 922 812 972; x_wconf 85' lang='lat' dir='ltr'>snpe-</span> 
     </span>
     <span class='ocr_line' id='line_1_12' title="bbox 56 978 812 1042; baseline 0.026 -32"><span class='ocrx_word' id='word_1_85' title='bbox 56 979 111 1017; x_wconf 84' lang='lat' dir='ltr'>num</span> <span class='ocrx_word' id='word_1_86' title='bbox 120 978 266 1040; x_wconf 80' lang='lat' dir='ltr'>preceptullis</span> <span class='ocrx_word' id='word_1_87' title='bbox 281 983 418 1042; x_wconf 79' lang='lat' dir='ltr'>aulamque</span> <span class='ocrx_word' id='word_1_88' title='bbox 433 978 467 1028; x_wconf 86' lang='lat' dir='ltr'>sic</span> <span class='ocrx_word' id='word_1_89' title='bbox 480 978 670 1028; x_wconf 80' lang='lat' dir='ltr'>suntnecessaria</span> <span class='ocrx_word' id='word_1_90' title='bbox 679 980 812 1030; x_wconf 75' lang='lat' dir='ltr'>adsalutem</span> 
     </span>
     <span class='ocr_line' id='line_1_13' title="bbox 55 1043 812 1114; baseline 0.003 -15"><span class='ocrx_word' id='word_1_91' title='bbox 55 1043 115 1098; x_wconf 71' lang='lat' dir='ltr'>latest</span> <span class='ocrx_word' id='word_1_92' title='bbox 127 1044 194 1109; x_wconf 73' lang='lat' dir='ltr'>alianis</span> <span class='ocrx_word' id='word_1_93' title='bbox 212 1050 395 1114; x_wconf 80' lang='lat' dir='ltr'>impedimentum</span> <span class='ocrx_word' id='word_1_94' title='bbox 412 1049 474 1100; x_wconf 75' lang='lat' dir='ltr'>licite</span> <span class='ocrx_word' id='word_1_95' title='bbox 492 1063 623 1112; x_wconf 75' lang='lat' dir='ltr'>apponere,</span> <span class='ocrx_word' id='word_1_96' title='bbox 639 1054 758 1114; x_wconf 68' lang='lat' dir='ltr'>anmquam</span> <span class='ocrx_word' id='word_1_97' title='bbox 772 1051 812 1101; x_wconf 87' lang='lat' dir='ltr'>liat</span> 
     </span>
     <span class='ocr_line' id='line_1_14' title="bbox 53 1119 812 1191; baseline 0.007 -24"><span class='ocrx_word' id='word_1_98' title='bbox 53 1119 178 1191; x_wconf 68' lang='lat' dir='ltr'>lraettptum,</span> <span class='ocrx_word' id='word_1_99' title='bbox 190 1121 284 1185; x_wconf 84' lang='lat' dir='ltr'>alioquin</span> <span class='ocrx_word' id='word_1_100' title='bbox 302 1134 349 1172; x_wconf 91' lang='lat' dir='ltr'>non</span> <span class='ocrx_word' id='word_1_101' title='bbox 368 1121 447 1172; x_wconf 88' lang='lat' dir='ltr'>liceret</span> <span class='ocrx_word' id='word_1_102' title='bbox 459 1120 528 1171; x_wconf 77' lang='lat' dir='ltr'>aliem</span> <span class='ocrx_word' id='word_1_103' title='bbox 540 1122 638 1173; x_wconf 81' lang='lat' dir='ltr'>transire</span> <span class='ocrx_word' id='word_1_104' title='bbox 656 1123 685 1172; x_wconf 85' lang='lat' dir='ltr'>ad</span> <span class='ocrx_word' id='word_1_105' title='bbox 701 1123 812 1172; x_wconf 75' lang='lat' dir='ltr'>secundas</span> 
     </span>
     <span class='ocr_line' id='line_1_15' title="bbox 51 1187 811 1261; baseline -0.005 -17"><span class='ocrx_word' id='word_1_106' title='bbox 51 1187 134 1261; x_wconf 63' lang='lat' dir='ltr'>nuptus,</span> <span class='ocrx_word' id='word_1_107' title='bbox 143 1202 168 1238; x_wconf 87' lang='lat' dir='ltr'>ne</span> <span class='ocrx_word' id='word_1_108' title='bbox 178 1205 214 1254; x_wconf 90' lang='lat' dir='ltr'>per</span> <span class='ocrx_word' id='word_1_109' title='bbox 226 1195 268 1243; x_wconf 87' lang='lat' dir='ltr'>nuc</span> <span class='ocrx_word' id='word_1_110' title='bbox 279 1192 428 1256; x_wconf 72' lang='lat' dir='ltr'>impediretur</span> <span class='ocrx_word' id='word_1_111' title='bbox 437 1191 450 1241; x_wconf 81' lang='lat' dir='ltr'>l</span> <span class='ocrx_word' id='word_1_112' title='bbox 459 1191 604 1255; x_wconf 88' lang='lat' dir='ltr'>susceptione</span> <span class='ocrx_word' id='word_1_113' title='bbox 614 1192 760 1256; x_wconf 82' lang='lat' dir='ltr'>episcopatus</span> <span class='ocrx_word' id='word_1_114' title='bbox 772 1192 811 1242; x_wconf 83' lang='lat' dir='ltr'>uel</span> 
     </span>
     <span class='ocr_line' id='line_1_16' title="bbox 50 1258 811 1327; baseline 0.021 -30"><span class='ocrx_word' id='word_1_115' title='bbox 50 1264 93 1301; x_wconf 84' lang='lat' dir='ltr'>sacn</span> <span class='ocrx_word' id='word_1_116' title='bbox 105 1258 186 1324; x_wconf 83' lang='lat' dir='ltr'>ordinis3</span> <span class='ocrx_word' id='word_1_117' title='bbox 199 1277 241 1312; x_wconf 92' lang='lat' dir='ltr'>nnn</span> <span class='ocrx_word' id='word_1_118' title='bbox 258 1268 335 1314; x_wconf 89' lang='lat' dir='ltr'>autem</span> <span class='ocrx_word' id='word_1_119' title='bbox 349 1265 393 1314; x_wconf 88' lang='lat' dir='ltr'>hoc</span> <span class='ocrx_word' id='word_1_120' title='bbox 410 1263 490 1314; x_wconf 86' lang='lat' dir='ltr'>liceret</span> <span class='ocrx_word' id='word_1_121' title='bbox 505 1263 531 1312; x_wconf 90' lang='lat' dir='ltr'>iu</span> <span class='ocrx_word' id='word_1_122' title='bbox 541 1263 579 1312; x_wconf 78' lang='lat' dir='ltr'>llis</span> <span class='ocrx_word' id='word_1_123' title='bbox 592 1277 642 1326; x_wconf 78' lang='lat' dir='ltr'>que</span> <span class='ocrx_word' id='word_1_124' title='bbox 657 1276 698 1327; x_wconf 88' lang='lat' dir='ltr'>per</span> <span class='ocrx_word' id='word_1_125' title='bbox 715 1277 741 1313; x_wconf 89' lang='lat' dir='ltr'>se</span> <span class='ocrx_word' id='word_1_126' title='bbox 755 1269 811 1314; x_wconf 85' lang='lat' dir='ltr'>sunt</span> 
     </span>
     <span class='ocr_line' id='line_1_17' title="bbox 54 1322 811 1398; baseline 0.02 -30"><span class='ocrx_word' id='word_1_127' title='bbox 54 1322 74 1370; x_wconf 90' lang='lat' dir='ltr'>le</span> <span class='ocrx_word' id='word_1_128' title='bbox 84 1330 192 1383; x_wconf 71' lang='lat' dir='ltr'>nemmitate</span> <span class='ocrx_word' id='word_1_129' title='bbox 204 1335 289 1384; x_wconf 84' lang='lat' dir='ltr'>salutis.</span> <span class='ocrx_word' id='word_1_130' title='bbox 305 1335 370 1384; x_wconf 86' lang='lat' dir='ltr'>Unde</span> <span class='ocrx_word' id='word_1_131' title='bbox 380 1335 406 1384; x_wconf 90' lang='lat' dir='ltr'>B.</span> <span class='ocrx_word' id='word_1_132' title='bbox 420 1335 506 1385; x_wconf 87' lang='lat' dir='ltr'>llarcus</span> <span class='ocrx_word' id='word_1_133' title='bbox 519 1347 565 1385; x_wconf 86' lang='lat' dir='ltr'>nun</span> <span class='ocrx_word' id='word_1_134' title='bbox 577 1339 656 1384; x_wconf 85' lang='lat' dir='ltr'>eontra</span> <span class='ocrx_word' id='word_1_135' title='bbox 672 1338 811 1398; x_wconf 81' lang='lat' dir='ltr'>preceptum</span> 
     </span>
     <span class='ocr_line' id='line_1_18' title="bbox 53 1397 813 1474; baseline 0.011 -26"><span class='ocrx_word' id='word_1_136' title='bbox 53 1397 98 1474; x_wconf 18' lang='lat' dir='ltr'>teitu,</span> <span class='ocrx_word' id='word_1_137' title='bbox 113 1400 147 1450; x_wconf 85' lang='lat' dir='ltr'>sibi</span> <span class='ocrx_word' id='word_1_138' title='bbox 157 1403 243 1468; x_wconf 79' lang='lat' dir='ltr'>digitum</span> <span class='ocrx_word' id='word_1_139' title='bbox 257 1405 411 1471; x_wconf 88' lang='lat' dir='ltr'>amputando,</span> <span class='ocrx_word' id='word_1_140' title='bbox 424 1407 532 1468; x_wconf 81' lang='lat' dir='ltr'>quamvis</span> <span class='ocrx_word' id='word_1_141' title='bbox 544 1419 597 1456; x_wconf 79' lang='lat' dir='ltr'>euna</span> <span class='ocrx_word' id='word_1_142' title='bbox 609 1406 719 1456; x_wconf 83' lang='lat' dir='ltr'>credibile</span> <span class='ocrx_word' id='word_1_143' title='bbox 727 1406 758 1455; x_wconf 89' lang='lat' dir='ltr'>sit</span> <span class='ocrx_word' id='word_1_144' title='bbox 769 1408 813 1456; x_wconf 79' lang='lat' dir='ltr'>lucu</span> 
     </span>
     <span class='ocr_line' id='line_1_19' title="bbox 53 1471 812 1545; baseline 0.005 -23"><span class='ocrx_word' id='word_1_145' title='bbox 53 1471 175 1545; x_wconf 16' lang='lat' dir='ltr'>etinctum</span> <span class='ocrx_word' id='word_1_146' title='bbox 189 1477 285 1541; x_wconf 80' lang='lat' dir='ltr'>Spiritus</span> <span class='ocrx_word' id='word_1_147' title='bbox 299 1478 373 1527; x_wconf 89' lang='lat' dir='ltr'>sancti</span> <span class='ocrx_word' id='word_1_148' title='bbox 388 1477 482 1538; x_wconf 87' lang='lat' dir='ltr'>iecisse,</span> <span class='ocrx_word' id='word_1_149' title='bbox 499 1477 605 1540; x_wconf 82' lang='lat' dir='ltr'>sineque</span> <span class='ocrx_word' id='word_1_150' title='bbox 619 1489 666 1528; x_wconf 90' lang='lat' dir='ltr'>uun</span> <span class='ocrx_word' id='word_1_151' title='bbox 678 1477 734 1527; x_wconf 90' lang='lat' dir='ltr'>licet</span> <span class='ocrx_word' id='word_1_152' title='bbox 742 1476 812 1526; x_wconf 84' lang='lat' dir='ltr'>alicui</span> 
     </span>
     <span class='ocr_line' id='line_1_20' title="bbox 54 1537 813 1613; baseline 0.007 -22"><span class='ocrx_word' id='word_1_153' title='bbox 54 1537 165 1613; x_wconf 62' lang='lat' dir='ltr'>Stitianum</span> <span class='ocrx_word' id='word_1_154' title='bbox 182 1547 284 1611; x_wconf 87' lang='lat' dir='ltr'>injicere.</span> <span class='ocrx_word' id='word_1_155' title='bbox 299 1547 343 1606; x_wconf 81' lang='lat' dir='ltr'>Qui</span> <span class='ocrx_word' id='word_1_156' title='bbox 357 1551 432 1598; x_wconf 85' lang='lat' dir='ltr'>autem</span> <span class='ocrx_word' id='word_1_157' title='bbox 447 1552 527 1598; x_wconf 86' lang='lat' dir='ltr'>vetum</span> <span class='ocrx_word' id='word_1_158' title='bbox 540 1547 625 1598; x_wconf 86' lang='lat' dir='ltr'>emittit</span> <span class='ocrx_word' id='word_1_159' title='bbox 637 1549 666 1598; x_wconf 92' lang='lat' dir='ltr'>de</span> <span class='ocrx_word' id='word_1_160' title='bbox 678 1561 725 1598; x_wconf 92' lang='lat' dir='ltr'>uun</span> <span class='ocrx_word' id='word_1_161' title='bbox 738 1547 813 1598; x_wconf 87' lang='lat' dir='ltr'>susci·</span> 
     </span>
     <span class='ocr_line' id='line_1_21' title="bbox 51 1612 812 1682; baseline 0 -14"><span class='ocrx_word' id='word_1_162' title='bbox 51 1612 115 1667; x_wconf 74' lang='lat' dir='ltr'>luenda</span> <span class='ocrx_word' id='word_1_163' title='bbox 124 1616 253 1682; x_wconf 73' lang='lat' dir='ltr'>episomam,</span> <span class='ocrx_word' id='word_1_164' title='bbox 263 1619 283 1670; x_wconf 89' lang='lat' dir='ltr'>si</span> <span class='ocrx_word' id='word_1_165' title='bbox 292 1631 335 1682; x_wconf 89' lang='lat' dir='ltr'>per</span> <span class='ocrx_word' id='word_1_166' title='bbox 345 1620 389 1668; x_wconf 89' lang='lat' dir='ltr'>hcc</span> <span class='ocrx_word' id='word_1_167' title='bbox 402 1618 505 1669; x_wconf 88' lang='lat' dir='ltr'>intendat</span> <span class='ocrx_word' id='word_1_168' title='bbox 514 1631 539 1668; x_wconf 84' lang='lat' dir='ltr'>se</span> <span class='ocrx_word' id='word_1_169' title='bbox 549 1619 649 1680; x_wconf 84' lang='lat' dir='ltr'>obligare</span> <span class='ocrx_word' id='word_1_170' title='bbox 659 1619 687 1668; x_wconf 93' lang='lat' dir='ltr'>ad</span> <span class='ocrx_word' id='word_1_171' title='bbox 697 1620 742 1668; x_wconf 86' lang='lat' dir='ltr'>nuc</span> <span class='ocrx_word' id='word_1_172' title='bbox 751 1617 812 1681; x_wconf 82' lang='lat' dir='ltr'>qudd</span> 
     </span>
     <span class='ocr_line' id='line_1_22' title="bbox 48 1686 812 1754; baseline 0.01 -22"><span class='ocrx_word' id='word_1_173' title='bbox 48 1693 79 1754; x_wconf 75' lang='lat' dir='ltr'>det</span> <span class='ocrx_word' id='word_1_174' title='bbox 88 1686 124 1746; x_wconf 80' lang='lat' dir='ltr'>p&#39;er</span> <span class='ocrx_word' id='word_1_175' title='bbox 133 1688 274 1740; x_wconf 82' lang='lat' dir='ltr'>obedientiam</span> <span class='ocrx_word' id='word_1_176' title='bbox 286 1690 409 1754; x_wconf 83' lang='lat' dir='ltr'>superioris</span> <span class='ocrx_word' id='word_1_177' title='bbox 424 1689 512 1754; x_wconf 77' lang='lat' dir='ltr'>prelati</span> <span class='ocrx_word' id='word_1_178' title='bbox 523 1690 633 1753; x_wconf 87' lang='lat' dir='ltr'>accipiat,</span> <span class='ocrx_word' id='word_1_179' title='bbox 645 1689 725 1740; x_wconf 78' lang='lat' dir='ltr'>illicite</span> <span class='ocrx_word' id='word_1_180' title='bbox 734 1695 812 1740; x_wconf 81' lang='lat' dir='ltr'>vovet.</span> 
     </span>
     <span class='ocr_line' id='line_1_23' title="bbox 45 1754 813 1824; baseline 0.016 -26"><span class='ocrx_word' id='word_1_181' title='bbox 45 1754 61 1799; x_wconf 75' lang='lat' dir='ltr'>el</span> <span class='ocrx_word' id='word_1_182' title='bbox 68 1760 131 1806; x_wconf 82' lang='lat' dir='ltr'>auten</span> <span class='ocrx_word' id='word_1_183' title='bbox 139 1759 227 1812; x_wconf 81' lang='lat' dir='ltr'>intendit</span> <span class='ocrx_word' id='word_1_184' title='bbox 236 1763 265 1812; x_wconf 84' lang='lat' dir='ltr'>ad</span> <span class='ocrx_word' id='word_1_185' title='bbox 276 1763 355 1812; x_wconf 78' lang='lat' dir='ltr'>lancee</span> <span class='ocrx_word' id='word_1_186' title='bbox 367 1761 474 1824; x_wconf 82' lang='lat' dir='ltr'>obligare,</span> <span class='ocrx_word' id='word_1_187' title='bbox 486 1765 512 1810; x_wconf 90' lang='lat' dir='ltr'>nt</span> <span class='ocrx_word' id='word_1_188' title='bbox 520 1766 629 1822; x_wconf 86' lang='lat' dir='ltr'>quantum</span> <span class='ocrx_word' id='word_1_189' title='bbox 641 1765 677 1812; x_wconf 91' lang='lat' dir='ltr'>est</span> <span class='ocrx_word' id='word_1_190' title='bbox 687 1761 716 1812; x_wconf 87' lang='lat' dir='ltr'>de</span> <span class='ocrx_word' id='word_1_191' title='bbox 726 1773 751 1810; x_wconf 84' lang='lat' dir='ltr'>se</span> <span class='ocrx_word' id='word_1_192' title='bbox 764 1761 813 1824; x_wconf 90' lang='lat' dir='ltr'>epi·</span> 
     </span>
     <span class='ocr_line' id='line_1_24' title="bbox 45 1831 811 1900; baseline 0.012 -27"><span class='ocrx_word' id='word_1_193' title='bbox 45 1831 134 1900; x_wconf 66' lang='lat' dir='ltr'>scopatum</span> <span class='ocrx_word' id='word_1_194' title='bbox 144 1844 185 1882; x_wconf 87' lang='lat' dir='ltr'>non</span> <span class='ocrx_word' id='word_1_195' title='bbox 195 1837 292 1897; x_wconf 80' lang='lat' dir='ltr'>quaerat,</span> <span class='ocrx_word' id='word_1_196' title='bbox 303 1844 347 1882; x_wconf 85' lang='lat' dir='ltr'>nee</span> <span class='ocrx_word' id='word_1_197' title='bbox 356 1832 465 1896; x_wconf 86' lang='lat' dir='ltr'>suscipiat</span> <span class='ocrx_word' id='word_1_198' title='bbox 474 1831 518 1882; x_wconf 86' lang='lat' dir='ltr'>nisi</span> <span class='ocrx_word' id='word_1_199' title='bbox 526 1832 662 1882; x_wconf 89' lang='lat' dir='ltr'>imminente</span> <span class='ocrx_word' id='word_1_200' title='bbox 667 1831 811 1893; x_wconf 83' lang='lat' dir='ltr'>necessitate,</span> 
     </span>
     <span class='ocr_line' id='line_1_25' title="bbox 43 1902 812 2010; baseline 0.017 -69"><span class='ocrx_word' id='word_1_201' title='bbox 43 1903 106 2010; x_wconf 47' lang='lat' dir='ltr'>imum</span> <span class='ocrx_word' id='word_1_202' title='bbox 117 1906 148 1952; x_wconf 85' lang='lat' dir='ltr'>est</span> <span class='ocrx_word' id='word_1_203' title='bbox 159 1907 233 1954; x_wconf 81' lang='lat' dir='ltr'>vntum</span> <span class='ocrx_word' id='word_1_204' title='bbox 239 1941 249 1968; x_wconf 86' lang='lat'><em>,</em></span> <span class='ocrx_word' id='word_1_205' title='bbox 264 1903 320 1968; x_wconf 86' lang='lat' dir='ltr'>quia</span> <span class='ocrx_word' id='word_1_206' title='bbox 331 1911 400 1954; x_wconf 84' lang='lat' dir='ltr'>vovet</span> <span class='ocrx_word' id='word_1_207' title='bbox 417 1917 441 1954; x_wconf 86' lang='lat' dir='ltr'>se</span> <span class='ocrx_word' id='word_1_208' title='bbox 459 1904 573 1954; x_wconf 89' lang='lat' dir='ltr'>iacturum</span> <span class='ocrx_word' id='word_1_209' title='bbox 590 1902 614 1954; x_wconf 91' lang='lat' dir='ltr'>id</span> <span class='ocrx_word' id='word_1_210' title='bbox 624 1904 685 1966; x_wconf 83' lang='lat' dir='ltr'>qnod</span> <span class='ocrx_word' id='word_1_211' title='bbox 696 1903 812 1954; x_wconf 83' lang='lat' dir='ltr'>huminem</span> 
     </span>
     <span class='ocr_line' id='line_1_26' title="bbox 50 1972 172 2024; baseline 0.082 -10"><span class='ocrx_word' id='word_1_212' title='bbox 50 1980 97 2021; x_wconf 79' lang='lat' dir='ltr'>arere</span> <span class='ocrx_word' id='word_1_213' title='bbox 106 1972 172 2024; x_wconf 87' lang='lat' dir='ltr'>decet.</span> 
     </span>
    </p>
   </div>
   <div class='ocr_carea' id='block_1_3' title="bbox 271 2091 517 2156">
    <p class='ocr_par' dir='ltr' id='par_1_5' title="bbox 271 2091 517 2156">
     <span class='ocr_line' id='line_1_27' title="bbox 271 2091 517 2156; baseline 0 -16"><span class='ocrx_word' id='word_1_214' title='bbox 271 2149 278 2156; x_wconf 18' lang='grc' dir='ltr'>ι</span> <span class='ocrx_word' id='word_1_215' title='bbox 302 2091 463 2142; x_wconf 77' lang='lat' dir='ltr'>instemus</span> <span class='ocrx_word' id='word_1_216' title='bbox 477 2092 517 2141; x_wconf 78' lang='grc' dir='ltr'>ιιι.</span> 
     </span>
    </p>
   </div>
   <div class='ocr_carea' id='block_1_4' title="bbox 63 2212 787 2322">
    <p class='ocr_par' dir='ltr' id='par_1_6' title="bbox 63 2212 787 2322">
     <span class='ocr_line' id='line_1_28' title="bbox 63 2212 787 2272; baseline 0.006 -19"><span class='ocrx_word' id='word_1_217' title='bbox 63 2212 127 2261; x_wconf 71' lang='lat' dir='ltr'>[trum</span> <span class='ocrx_word' id='word_1_218' title='bbox 141 2219 247 2272; x_wconf 75' lang='lat' dir='ltr'>operteat</span> <span class='ocrx_word' id='word_1_219' title='bbox 257 2227 311 2259; x_wconf 81' lang='lat' dir='ltr'>earm</span> <span class='ocrx_word' id='word_1_220' title='bbox 329 2215 371 2272; x_wconf 80' lang='lat' dir='ltr'>qui</span> <span class='ocrx_word' id='word_1_221' title='bbox 384 2215 416 2259; x_wconf 84' lang='lat' dir='ltr'>ad</span> <span class='ocrx_word' id='word_1_222' title='bbox 430 2217 589 2272; x_wconf 82' lang='lat' dir='ltr'>episcopatum</span> <span class='ocrx_word' id='word_1_223' title='bbox 598 2215 787 2259; x_wconf 77' lang='lat' dir='ltr'>assumitureese</span> 
     </span>
     <span class='ocr_line' id='line_1_29' title="bbox 297 2277 531 2322; baseline 0.004 -1"><span class='ocrx_word' id='word_1_224' title='bbox 297 2277 389 2322; x_wconf 75' lang='lat' dir='ltr'>caeteris</span> <span class='ocrx_word' id='word_1_225' title='bbox 401 2278 531 2322; x_wconf 82' lang='lat' dir='ltr'>meliorem.</span> 
     </span>
    </p>
   </div>
   <div class='ocr_carea' id='block_1_5' title="bbox 69 2402 813 2468">
    <p class='ocr_par' dir='ltr' id='par_1_7' title="bbox 69 2402 813 2468">
     <span class='ocr_line' id='line_1_30' title="bbox 69 2402 813 2468; baseline 0 -17"><span class='ocrx_word' id='word_1_226' title='bbox 69 2403 180 2456; x_wconf 76' lang='lat' dir='ltr'>demum</span> <span class='ocrx_word' id='word_1_227' title='bbox 198 2405 234 2454; x_wconf 88' lang='lat' dir='ltr'>sic</span> <span class='ocrx_word' id='word_1_228' title='bbox 250 2404 391 2468; x_wconf 86' lang='lat' dir='ltr'>proceditur.</span> <span class='ocrx_word' id='word_1_229' title='bbox 404 2403 499 2454; x_wconf 84' lang='lat' dir='ltr'>Videtur</span> <span class='ocrx_word' id='word_1_230' title='bbox 511 2402 571 2466; x_wconf 82' lang='lat' dir='ltr'>quta</span> <span class='ocrx_word' id='word_1_231' title='bbox 587 2407 691 2466; x_wconf 81' lang='lat' dir='ltr'>operteat</span> <span class='ocrx_word' id='word_1_232' title='bbox 707 2417 759 2452; x_wconf 91' lang='lat' dir='ltr'>eum</span> <span class='ocrx_word' id='word_1_233' title='bbox 773 2402 813 2466; x_wconf 83' lang='lat' dir='ltr'>qui</span> 
     </span>
    </p>
   </div>
   <div class='ocr_carea' id='block_1_6' title="bbox 54 2469 926 2542">
    <p class='ocr_par' dir='ltr' id='par_1_8' title="bbox 54 2469 926 2542">
     <span class='ocr_line' id='line_1_31' title="bbox 54 2469 926 2542; baseline 0.005 -22"><span class='ocrx_word' id='word_1_234' title='bbox 54 2469 68 2514; x_wconf 79' lang='lat' dir='ltr'>sl</span> <span class='ocrx_word' id='word_1_235' title='bbox 78 2476 213 2542; x_wconf 83' lang='lat' dir='ltr'>episcopatum</span> <span class='ocrx_word' id='word_1_236' title='bbox 237 2475 360 2526; x_wconf 82' lang='lat' dir='ltr'>assumitur</span> <span class='ocrx_word' id='word_1_237' title='bbox 380 2487 430 2526; x_wconf 86' lang='lat' dir='ltr'>essa</span> <span class='ocrx_word' id='word_1_238' title='bbox 451 2476 540 2526; x_wconf 79' lang='lat' dir='ltr'>esteris</span> <span class='ocrx_word' id='word_1_239' title='bbox 562 2475 687 2526; x_wconf 86' lang='lat' dir='ltr'>meliorem.</span> <span class='ocrx_word' id='word_1_240' title='bbox 704 2475 815 2524; x_wconf 83' lang='lat' dir='ltr'>Dominus</span> <span class='ocrx_word' id='word_1_241' title='bbox 915 2473 926 2494; x_wconf 79' lang='lat'>⁸</span> 
     </span>
    </p>
   </div>
   <div class='ocr_carea' id='block_1_7' title="bbox 52 2541 815 2970">
    <p class='ocr_par' dir='ltr' id='par_1_9' title="bbox 52 2541 815 2824">
     <span class='ocr_line' id='line_1_32' title="bbox 53 2541 815 2610; baseline -0.007 -10"><span class='ocrx_word' id='word_1_242' title='bbox 53 2541 85 2592; x_wconf 52' lang='lat' dir='ltr'>*lla</span> <span class='ocrx_word' id='word_1_243' title='bbox 94 2549 188 2610; x_wconf 68' lang='lat' dir='ltr'>mlum,</span> <span class='ocrx_word' id='word_1_244' title='bbox 202 2547 241 2598; x_wconf 86' lang='lat' dir='ltr'>cni</span> <span class='ocrx_word' id='word_1_245' title='bbox 255 2546 422 2597; x_wconf 82' lang='lat' dir='ltr'>commissurus</span> <span class='ocrx_word' id='word_1_246' title='bbox 435 2551 484 2596; x_wconf 88' lang='lat' dir='ltr'>erat</span> <span class='ocrx_word' id='word_1_247' title='bbox 495 2547 609 2610; x_wconf 83' lang='lat' dir='ltr'>pastorale</span> <span class='ocrx_word' id='word_1_248' title='bbox 626 2546 740 2606; x_wconf 84' lang='lat' dir='ltr'>cilicium,</span> <span class='ocrx_word' id='word_1_249' title='bbox 753 2559 815 2595; x_wconf 84' lang='lat' dir='ltr'>exa-</span> 
     </span>
     <span class='ocr_line' id='line_1_33' title="bbox 54 2616 815 2683; baseline -0.007 -14"><span class='ocrx_word' id='word_1_250' title='bbox 54 2621 134 2672; x_wconf 78' lang='lat' dir='ltr'>ltesitei</span> <span class='ocrx_word' id='word_1_251' title='bbox 145 2633 170 2672; x_wconf 87' lang='lat' dir='ltr'>se</span> <span class='ocrx_word' id='word_1_252' title='bbox 184 2619 293 2683; x_wconf 79' lang='lat' dir='ltr'>diligeret</span> <span class='ocrx_word' id='word_1_253' title='bbox 308 2619 361 2682; x_wconf 89' lang='lat' dir='ltr'>plus</span> <span class='ocrx_word' id='word_1_254' title='bbox 375 2618 472 2668; x_wconf 85' lang='lat' dir='ltr'>caeteris.</span> <span class='ocrx_word' id='word_1_255' title='bbox 486 2619 529 2670; x_wconf 83' lang='lat' dir='ltr'>Sed</span> <span class='ocrx_word' id='word_1_256' title='bbox 540 2632 570 2668; x_wconf 80' lang='lat' dir='ltr'>ex</span> <span class='ocrx_word' id='word_1_257' title='bbox 583 2619 628 2669; x_wconf 85' lang='lat' dir='ltr'>luc</span> <span class='ocrx_word' id='word_1_258' title='bbox 640 2618 722 2680; x_wconf 87' lang='lat' dir='ltr'>uliquis</span> <span class='ocrx_word' id='word_1_259' title='bbox 735 2616 815 2668; x_wconf 87' lang='lat' dir='ltr'>melier</span> 
     </span>
     <span class='ocr_line' id='line_1_34' title="bbox 52 2689 813 2756; baseline 0.013 -28"><span class='ocrx_word' id='word_1_260' title='bbox 52 2692 116 2752; x_wconf 74' lang='lat' dir='ltr'>eaqml</span> <span class='ocrx_word' id='word_1_261' title='bbox 125 2695 195 2744; x_wconf 76' lang='lat' dir='ltr'>deum</span> <span class='ocrx_word' id='word_1_262' title='bbox 207 2691 263 2756; x_wconf 84' lang='lat' dir='ltr'>plus</span> <span class='ocrx_word' id='word_1_263' title='bbox 274 2689 357 2754; x_wconf 83' lang='lat' dir='ltr'>diligit</span> <span class='ocrx_word' id='word_1_264' title='bbox 368 2689 429 2753; x_wconf 85' lang='lat' dir='ltr'>Ergo</span> <span class='ocrx_word' id='word_1_265' title='bbox 442 2689 533 2741; x_wconf 83' lang='lat' dir='ltr'>uidetur</span> <span class='ocrx_word' id='word_1_266' title='bbox 544 2690 606 2754; x_wconf 76' lang='lat' dir='ltr'>quid</span> <span class='ocrx_word' id='word_1_267' title='bbox 618 2691 646 2740; x_wconf 89' lang='lat' dir='ltr'>ad</span> <span class='ocrx_word' id='word_1_268' title='bbox 657 2689 813 2754; x_wconf 85' lang='lat' dir='ltr'>episcopatum</span> 
     </span>
     <span class='ocr_line' id='line_1_35' title="bbox 54 2759 672 2824; baseline 0.002 -14"><span class='ocrx_word' id='word_1_269' title='bbox 54 2766 75 2805; x_wconf 74' lang='lat' dir='ltr'>la</span> <span class='ocrx_word' id='word_1_270' title='bbox 85 2764 106 2812; x_wconf 84' lang='lat' dir='ltr'>sit</span> <span class='ocrx_word' id='word_1_271' title='bbox 114 2762 262 2816; x_wconf 79' lang='lat' dir='ltr'>assumendus</span> <span class='ocrx_word' id='word_1_272' title='bbox 277 2761 323 2811; x_wconf 88' lang='lat' dir='ltr'>nisi</span> <span class='ocrx_word' id='word_1_273' title='bbox 339 2761 379 2812; x_wconf 88' lang='lat' dir='ltr'>ille</span> <span class='ocrx_word' id='word_1_274' title='bbox 391 2759 429 2824; x_wconf 87' lang='lat' dir='ltr'>qni</span> <span class='ocrx_word' id='word_1_275' title='bbox 440 2765 474 2810; x_wconf 87' lang='lat' dir='ltr'>est</span> <span class='ocrx_word' id='word_1_276' title='bbox 484 2761 573 2811; x_wconf 82' lang='lat' dir='ltr'>ceteris</span> <span class='ocrx_word' id='word_1_277' title='bbox 585 2761 672 2812; x_wconf 86' lang='lat' dir='ltr'>melier.</span> 
     </span>
    </p>

    <p class='ocr_par' dir='ltr' id='par_1_10' title="bbox 54 2830 814 2970">
     <span class='ocr_line' id='line_1_36' title="bbox 68 2830 812 2897; baseline -0.008 -13"><span class='ocrx_word' id='word_1_278' title='bbox 68 2833 82 2877; x_wconf 74' lang='lat' dir='ltr'>t.</span> <span class='ocrx_word' id='word_1_279' title='bbox 94 2835 208 2896; x_wconf 73' lang='lat' dir='ltr'>neuma,</span> <span class='ocrx_word' id='word_1_280' title='bbox 224 2833 381 2897; x_wconf 74' lang='lat' dir='ltr'>Symmachus</span> <span class='ocrx_word' id='word_1_281' title='bbox 401 2833 462 2895; x_wconf 85' lang='lat' dir='ltr'>Pupa</span> <span class='ocrx_word' id='word_1_282' title='bbox 480 2832 535 2882; x_wconf 89' lang='lat' dir='ltr'>dicit</span> <span class='ocrx_word' id='word_1_283' title='bbox 552 2830 642 2895; x_wconf 84' lang='lat' dir='ltr'>(Cansd</span> <span class='ocrx_word' id='word_1_284' title='bbox 655 2835 682 2895; x_wconf 88' lang='lat' dir='ltr'>l,</span> <span class='ocrx_word' id='word_1_285' title='bbox 703 2847 743 2895; x_wconf 82' lang='lat' dir='ltr'>qn.</span> <span class='ocrx_word' id='word_1_286' title='bbox 758 2831 812 2891; x_wconf 78' lang='lat' dir='ltr'>ll:</span> 
     </span>
     <span class='ocr_line' id='line_1_37' title="bbox 54 2900 814 2970; baseline 0.012 -26"><span class='ocrx_word' id='word_1_287' title='bbox 54 2915 60 2938; x_wconf 69' lang='grc' dir='ltr'>«ι</span> <span class='ocrx_word' id='word_1_288' title='bbox 68 2900 164 2959; x_wconf 85' lang='lat' dir='ltr'>llissinm</span> <span class='ocrx_word' id='word_1_289' title='bbox 174 2903 346 2970; x_wconf 85' lang='lat' dir='ltr'>computandus</span> <span class='ocrx_word' id='word_1_290' title='bbox 360 2906 412 2966; x_wconf 84' lang='lat' dir='ltr'>est,</span> <span class='ocrx_word' id='word_1_291' title='bbox 425 2901 468 2954; x_wconf 90' lang='lat' dir='ltr'>nisi</span> <span class='ocrx_word' id='word_1_292' title='bbox 484 2902 578 2953; x_wconf 86' lang='lat' dir='ltr'>scientia</span> <span class='ocrx_word' id='word_1_293' title='bbox 591 2907 614 2953; x_wconf 88' lang='lat' dir='ltr'>ct</span> <span class='ocrx_word' id='word_1_294' title='bbox 627 2903 747 2953; x_wconf 80' lang='lat' dir='ltr'>sanctitate</span> <span class='ocrx_word' id='word_1_295' title='bbox 756 2913 814 2964; x_wconf 76' lang='lat' dir='ltr'>pru·</span> 
     </span>
    </p>
   </div>
   <div class='ocr_carea' id='block_1_8' title="bbox 0 0 966 3317">
    <p class='ocr_par' dir='ltr' id='par_1_11' title="bbox 0 0 966 3317">
     <span class='ocr_line' id='line_1_38' title="bbox 0 0 966 3317; baseline 0 0"><span class='ocrx_word' id='word_1_296' title='bbox 0 0 966 3317; x_wconf 95' lang='lat' dir='ltr'> </span> 
     </span>
    </p>
   </div>
  </div>
 </body>
</html>
