1917 3317
262 204 292 241 us
307 202 456 243 ascensione
471 203 574 243 ananau.
771 197 818 244 att

23 296 52 331 m
70 278 186 331 emistus
197 292 225 329 ex
239 278 322 329 virtute
337 278 462 330 divinitatis
477 280 502 329 in
516 280 599 331 crelum
614 280 757 345 ascenderit,
771 296 818 335 nun

23 360 84 405 item
99 365 135 403 ex
144 350 227 401 virtute
236 353 340 403 humanae
353 354 454 413 natura,
465 351 586 402 dicendum
598 355 635 402 cst
647 351 819 416 qutucmistus

24 422 118 476 cendit
133 422 158 472 in
169 422 259 482 cmlum,
275 436 321 473 ncn
333 421 457 473 secundnm
474 422 533 485 qudd
553 424 630 483 domu,
643 424 683 473 sed
692 423 819 475 secunddm

23 497 64 547 rdd
85 496 169 557 Deus;
189 494 249 543 unde
271 492 411 557 Augustinus
429 493 485 543 dicit
506 493 531 543 iu
549 506 655 545 sermone
676 496 713 545 De
732 495 819 547 Arcen-

24 582 96 617 one:
118 582 135 613 <r
148 566 180 615 lte
194 569 272 616 nustro
290 565 347 628 tuit,
362 564 423 631 qudd
436 565 511 615 Filius
525 565 565 615 liei
578 564 688 628 pependit
700 566 725 615 in
742 580 817 631 nuuc,

26 642 41 690 d
67 641 101 691 de
121 651 165 689 sun
178 636 239 701 qudd
254 637 364 688 ascendit.
377 654 391 685 u

33 712 69 761 td
84 708 191 775 primum
205 720 259 772 erqo
272 707 408 774 dicendum,
425 708 485 773 qudd
497 709 643 761 auctoritates
655 707 700 759 ills
715 712 819 774 pruphe-
846 716 856 740 ⁴

23 798 45 833 re
62 784 180 833 dicuntur
191 781 284 843 deltae,
295 782 420 833 secundum
431 782 490 847 qudd
503 786 553 833 erat
563 781 726 832 incarnandus.
740 782 819 835 Potest

25 868 84 905 men
99 851 149 903 diei
159 851 220 915 qudd
233 854 369 913 ascendere,
387 852 430 903 etsi
440 867 487 905 nun
496 852 589 917 proprie
602 853 724 903 mnreuiat
733 852 818 905 diuinae

23 930 95 976 rturae
108 960 118 985 ‚
133 925 211 988 petest
225 926 300 975 tamen
315 924 336 975 ei
354 923 514 988 metaphorice
534 923 674 985 convenire,
692 928 758 988 prout
775 925 820 975 sci·

23 1000 57 1047 :et
73 995 165 1047 dicitur
183 995 207 1045 in
221 1008 259 1046 cnr
274 994 371 1047 hominis
381 996 513 1057 ascendere,
531 995 621 1059 mando
632 1009 672 1045 cur
682 994 782 1047 huminis
792 1009 818 1048 sc

23 1068 111 1128 injicit,
130 1071 153 1117 et
169 1066 275 1117 humiliat
294 1066 349 1117 lien
364 1067 391 1116 Et
402 1066 484 1117 codem
494 1066 561 1119 modu
574 1065 728 1131 metaphorice
738 1066 819 1119 dicitur

23 1139 137 1189 scandere
151 1142 256 1201 respectu
271 1136 393 1199 cujuslibet
405 1140 528 1199 creatura,
543 1150 572 1186 ex
588 1149 616 1186 eu
628 1136 690 1200 qutd
699 1150 750 1189 eam
761 1139 817 1189 sulu-

23 1211 54 1260 cil
66 1210 127 1261 sibi.

37 1284 71 1333 Ad
87 1282 218 1335 secundum
232 1280 365 1344 dicendum,
378 1280 437 1346 qudd
448 1280 499 1345 ipse
509 1281 570 1334 idem
581 1280 667 1343 estqui
676 1282 778 1333 ascendit
793 1288 818 1335 st

23 1356 45 1405 ui
64 1354 206 1417 descendit3
223 1352 278 1404 dicit
291 1353 352 1403 enim
368 1354 509 1416 Augustinus
525 1355 554 1404 in
564 1353 604 1403 liu.
625 1354 660 1403 Do
678 1353 817 1417 Symbola,

24 1428 40 1475 d
59 1426 276 1484 Catecdumencs,
291 1424 332 1473 lilu.
346 1425 385 1483 IV,
401 1438 452 1489 cap.
468 1430 482 1475 7
497 1440 503 1473 :
520 1442 534 1473 u
548 1424 603 1485 Quis
616 1423 704 1486 estqui
722 1426 817 1477 descen·

23 1496 54 1547 it‘l
64 1500 132 1549 Deus
141 1498 225 1557 drumm
234 1495 285 1559 quis
294 1498 331 1545 est
340 1494 379 1558 qui
388 1494 505 1545 ascendit?
513 1495 574 1546 idem
584 1494 634 1559 ipse
646 1495 815 1547 licuslnumu.»

25 1582 143 1620 escensus
162 1571 239 1618 tamen
252 1564 337 1630 duplex
352 1565 483 1616 attribuitur
498 1566 588 1617 christu
605 1581 610 1614 :
629 1579 689 1617 nnus
708 1565 814 1631 quidem,

24 1653 52 1688 uu
67 1640 157 1689 dicitur
174 1637 317 1689 descendisse
336 1637 364 1688 de
378 1636 448 1699 coeln,
461 1636 502 1701 qui
520 1638 611 1702 quidem
628 1637 757 1688 attribuitur
768 1640 815 1691 lieu

24 1710 110 1775 nmini,
126 1708 254 1761 secundnm
263 1708 325 1773 qndd
335 1712 408 1773 lleus3
418 1722 463 1761 nun
476 1709 538 1760 euim
546 1713 581 1760 est
594 1708 639 1759 iste
648 1709 771 1760 descensus
780 1709 817 1760 in·

23 1781 153 1846 alligandus
167 1779 292 1831 secuuddm
305 1783 391 1831 motum
405 1781 509 1842 localem,
524 1782 563 1831 sed
577 1779 701 1831 secundum
714 1781 817 1833 exinani-

23 1852 115 1915 iunem,
132 1866 177 1918 qua
191 1866 243 1903 cum
253 1851 277 1902 in
293 1852 364 1902 turma
381 1852 421 1901 Dei
431 1864 505 1914 esset,
520 1851 582 1903 servi
593 1850 690 1902 formam
704 1854 815 1917 suscepit.

23 1923 77 1975 licut
92 1926 158 1975 euim
174 1923 257 1975 dicitnr
269 1923 397 1975 exinanitus
411 1937 456 1973 nun
468 1937 497 1974 ex
514 1936 543 1974 eu
555 1922 616 1987 qudd
630 1935 696 1973 suam
712 1924 818 1987 plenitu-

23 1996 90 2045 dnem
102 1994 220 2057 amiserit,
235 1996 275 2046 sed
291 2008 321 2045 cx
333 2008 361 2045 cn
374 1994 435 2059 qudd
448 1998 550 2045 nostram
561 1993 696 2058 parvitatem
707 1996 816 2061 suscepte

23 2068 42 2113 ta
60 2068 147 2119 dicitur
162 2066 305 2117 descendisse
322 2068 350 2118 de
364 2066 423 2117 coeln
433 2103 439 2128 ‚
450 2078 497 2117 nnn
511 2065 572 2130 qudi
584 2065 666 2116 celum
680 2066 816 2129 deseruerit,

24 2137 50 2185 ed
67 2139 124 2202 quia
146 2140 249 2190 naturam
266 2143 378 2189 terrenam
394 2138 517 2203 assumpsit
536 2137 561 2187 in
579 2136 690 2187 unitatem
703 2150 816 2200 persona.

23 2206 78 2259 llius
88 2212 168 2261 autem
179 2212 215 2261 est
224 2210 361 2273 descensus,
372 2223 417 2273 quu
427 2225 441 2257 u
450 2208 568 2259 descendit
576 2206 601 2257 in
609 2206 730 2259 inferiores
739 2212 818 2272 partes

24 2290 85 2343 erus,
98 2297 113 2329 n
125 2286 152 2333 ut
166 2282 248 2333 dicitur
262 2282 364 2347 Epter„
378 2282 417 2332 lV.
435 2282 478 2341 Qui
492 2281 584 2344 quidem
598 2282 636 2330 est
648 2280 771 2331 descensus
784 2282 818 2333 lc·

23 2350 85 2415 calis3
100 2354 164 2405 unde
179 2352 287 2418 competit
299 2352 386 2404 christu
404 2350 529 2405 secundirm
543 2351 699 2403 conditionem
711 2351 818 2405 numme

23 2426 113 2475 naturae.

47 2496 81 2546 nd
96 2497 191 2548 tertium
203 2496 339 2561 dicendum,
352 2496 414 2561 qudd
424 2496 531 2547 Christus
543 2495 624 2546 dicitur
635 2496 664 2545 ad
677 2496 768 2546 Patrem
782 2509 819 2547 as-

23 2566 128 2632 cendere,
140 2568 164 2617 in
177 2572 287 2632 quantum
299 2568 401 2619 ascendit
413 2568 442 2619 ad
456 2580 588 2617 consessum
598 2570 700 2631 paterna
710 2566 817 2630 dexteras

23 2638 187 2703 quodquidam
205 2638 312 2692 convenit
331 2640 421 2692 Christe
435 2639 562 2703 aliqualiter
575 2636 700 2689 secuudum
716 2624 818 2689 diuinam

23 2712 136 2774 naturam,
152 2710 277 2776 aliqualiter
296 2714 370 2762 autem
391 2710 516 2763 secundum
537 2712 678 2771 humanam,
693 2707 818 2759 secundnm

23 2775 78 2837 dudd
91 2780 151 2833 intra
168 2780 256 2834 dicetur
276 2782 332 2847 (qu.
346 2786 391 2849 tt,
405 2785 447 2833 art.
461 2785 509 2833 aet
518 2781 553 2846 3).
