1917 3317
247 226 279 263 ns
294 222 468 263 carminosis
483 224 584 263 enuisti.
771 218 815 271 tet

65 303 96 355 Ad
107 303 189 357 ortium
204 301 340 361 dicendum,
353 300 414 364 qudd
426 300 580 365 proprietates
593 302 721 367 columbe,
735 306 817 358 eodem

44 375 93 425 node
105 377 184 426 ducunt
196 374 225 424 ad
240 372 413 436 significandum
425 376 529 423 naturam
540 372 661 437 columboe,
672 376 734 425 etad
746 376 818 440 signi·

45 446 122 499 mardos
134 448 226 499 effectus
243 444 342 509 Spiritus
356 444 441 508 saucti3
452 458 494 509 per
510 446 552 497 troo
567 446 627 495 enim
643 444 702 511 qudd
715 446 818 501 columba

40 517 92 568 iaici
103 519 155 570 tales
165 517 325 584 proprietates,
335 517 463 567 ostenditur
476 516 537 581 quod
552 516 691 581 significatae
703 518 816 583 Spiritum

41 594 131 642 unctum.

295 694 458 747 Atticinus
472 696 531 747 Viti.

57 823 134 870 Utrrtm
147 822 314 869 convenienter
328 820 424 867 coemto
433 818 554 877 baptizato
564 822 638 871 suerit
652 834 698 869 oce
708 824 791 869 Patris

230 884 326 939 andita,
336 882 428 929 Filiam
439 886 603 939 protestantia.

52 1014 80 1063 te
92 1017 197 1064 oetarrm
208 1009 243 1062 sic
251 1008 379 1075 proceditur
391 1009 435 1072 (1).
449 1008 544 1059 Videtur
555 1009 616 1073 qudd
629 1010 819 1065 inconvenienter

39 1085 104 1135 triste
114 1084 230 1149 baptizato
240 1081 310 1131 fuerit
320 1094 364 1131 vox
375 1079 448 1129 Patris
459 1079 551 1145 audita,
566 1082 650 1133 Filium
658 1085 818 1147 protestantis.

40 1157 85 1206 iiius
102 1156 166 1207 enim
180 1158 204 1205 et
216 1152 315 1217 Spiritus
328 1154 435 1211 sanctus,
448 1152 572 1203 secuuddm
591 1155 635 1205 hoc
648 1154 707 1218 quod
721 1156 819 1207 sensibi-

44 1243 65 1275 ιι
75 1230 240 1293 apparuerunt,
251 1225 358 1275 dicuntur
366 1222 486 1273 visiniliter
497 1237 546 1275 esse
558 1224 630 1277 missi.
641 1228 685 1277 Sed
698 1228 762 1277 Patri
773 1242 819 1281 nou

38 1301 122 1350 ¹petiuit
144 1296 217 1361 mitti,
232 1299 259 1346 ut
277 1299 340 1359 petet
357 1306 399 1360 per
416 1295 568 1361 tugostmum
586 1296 610 1347 in
626 1298 656 1349 ΙΙ.
677 1298 714 1348 De
729 1300 819 1351 Tcicit.

43 1384 70 1431 go
84 1372 160 1421 etiam
174 1382 219 1429 nee
236 1380 353 1433 apparere.

38 1447 58 1493 2.
76 1444 217 1504 Praeterea,
233 1453 278 1490 uox
292 1440 328 1490 est
340 1438 492 1502 significativa
505 1436 569 1489 uerbi
581 1438 606 1489 in
621 1443 687 1492 corde
705 1442 820 1506 concepti.

41 1516 134 1565 tt’ater
150 1526 198 1564 non
207 1515 243 1563 est
257 1510 364 1561 Verbum.
378 1510 437 1573 Ergo
451 1511 642 1563 inconvenienter
662 1512 821 1565 manifestatur

42 1600 109 1637 rece.

38 1667 53 1707 t.
66 1661 209 1718 Praeterea,
222 1654 292 1705 homo
302 1653 405 1704 Christus
424 1666 470 1704 non
485 1652 580 1719 iuooepit
592 1667 643 1705 esse
658 1654 731 1707 Filius
743 1656 783 1707 Dei
797 1656 822 1709 iu

46 1734 139 1793 tumn,
157 1728 221 1777 sicut
240 1726 331 1791 quidam
345 1725 445 1777 haretici
460 1729 610 1790 putaveruut;
626 1727 666 1777 sed
680 1726 693 1777 d
709 1726 822 1793 principio

42 1819 46 1849 s
67 1797 244 1865 conceptionis
256 1796 301 1847 init
311 1796 384 1847 Filius
398 1796 448 1847 Dei.
462 1797 533 1861 Magis
546 1810 600 1861 ergo
614 1797 769 1850 innativitate
783 1801 822 1851 de·

67 1889 124 1925 vox
141 1870 224 1921 Patris
242 1868 360 1935 protestari
377 1868 462 1919 Christi
477 1868 634 1931 divinitatem,
648 1885 715 1935 qnam
733 1871 757 1921 in
771 1870 822 1935 ejus

41 1948 132 1997 tisino.

38 2021 72 2070 «ni
82 2021 181 2069 contra
195 2018 248 2077 est,
270 2014 331 2077 quod
345 2016 445 2070 Metto,
461 2014 508 2078 tlt,
521 2014 602 2064 dicitur
616 2029 623 2063 ε
642 2030 655 2060 u
666 2014 724 2065 Ecce
734 2030 778 2067 vox
794 2016 822 2067 de

42 2108 53 2141 s
68 2093 183 2151 diceus,
199 2087 240 2136 hic
252 2089 288 2135 est
299 2085 360 2135 iilius
378 2098 443 2136 meus
460 2085 572 2150 dilectus,
586 2085 611 2135 in
622 2099 668 2149 quo
681 2086 739 2138 mihi
756 2101 822 2141 com-

46 2180 76 2212 tt.
95 2180 115 2210 t)

38 2241 212 2287 'Iomanem
229 2230 300 2280 -Ut
320 2228 406 2280 Christi
419 2228 533 2294 baptismo
549 2230 604 2280 iilud
620 2230 820 2295 demonstraretur,

67 2307 172 2358 nostro
194 2301 314 2364 haptismo
327 2301 456 2364 perficitur,
471 2300 608 2352 couveniens
627 2300 671 2351 fuit
690 2305 717 2351 ut
730 2301 823 2355 Christo

41 2387 113 2431 zato
119 2414 136 2441 ,
155 2388 207 2425 vex
221 2372 298 2423 Patris
311 2371 382 2421 tilium
396 2372 543 2436 protestantis
563 2372 704 2437 audiretur.)

42 2447 182 2517 spondeo
196 2445 338 2504 dicendum,
351 2443 411 2506 qudd
431 2444 507 2508 (sieut
525 2444 593 2509 suprd
614 2444 778 2509 dictumest),
797 2446 823 2499 iu

43 2536 110 2574 sino
132 2516 248 2579 Christi,
258 2514 298 2579 qui
313 2516 359 2565 fuit
371 2515 486 2579 exemplar
496 2514 569 2567 nestri
582 2515 705 2579 baptismi,
717 2518 824 2567 demons-

45 2590 158 2649 (ehuit
173 2588 240 2653 quod
254 2587 280 2636 in
293 2589 370 2637 nostro
383 2586 497 2653 baptismo
506 2586 629 2651 perficitur.
645 2587 774 2651 Baptismus
783 2602 823 2639 au-

40 2681 105 2734 ]υο
140 2660 298 2725 baptizantur
318 2658 412 2721 fideles,
431 2664 578 2712 cousecratur
593 2660 619 2711 in
637 2659 781 2711 inuocatione
801 2660 825 2711 et

38 2756 54 2794 3
81 2731 248 2793 Trinitatis,
261 2729 387 2781 seeunddm
400 2730 457 2782 iliud
471 2731 573 2789 mmet„
587 2732 630 2783 ult.
642 2748 648 2781 :
661 2748 675 2780 u
686 2732 775 2783 Enutee
785 2732 825 2783 do-

47 2912 105 2954 ne
112 2883 184 3013 ἃς
194 2897 268 2943 etiarn
276 2895 348 3007 ἑιιῐιὲ,
358 2908 400 2954 qu.
409 2894 450 2957 tt,
465 2902 510 2944 art.
520 2895 548 2951 ἡ
562 2901 586 2943 et
595 2908 635 2954 pu.
647 2894 688 2956 66,
700 2898 745 2943 ut.
755 2894 787 2951 o,
799 2898 826 2943 et

43 2988 88 3024 'u
184 2972 266 3023 2⁰²1*
293 2994 300 3006 ·
