1917 3317
207 201 210 206 .
248 167 280 204 nn
294 164 447 206 lnnnnmnnn
463 167 568 207 manni.
764 161 810 208 aab

51 242 69 285 t.
83 238 203 300 Praeterea,
224 237 318 288 stultum
339 238 428 290 ridetur
450 253 498 290 rem
516 239 673 292 insensibilem
696 243 809 293 venerari.

40 308 61 355 ei
74 312 199 360 sanaturum
207 309 308 372 reliquia
317 313 371 360 sunt
382 311 525 362 insensibilia
534 325 636 376 eorunm.
646 313 705 377 Ergo
715 312 810 363 stultum

40 384 77 427 >set
90 393 127 429 eas
139 380 252 432 venerari.

53 456 71 498 a.
85 452 208 514 Praetenea,
220 465 301 516 eorpus
310 456 425 503 mortuum
437 467 484 504 nnn
497 457 533 506 est
546 454 649 519 ejusdem
662 456 747 521 speciei
760 469 813 507 euni

49 536 106 583 epure
124 522 193 584 risu,
207 527 231 574 et
247 536 288 586 per
304 537 449 588 musaquens
468 539 516 576 nnn
538 527 625 578 uidetur
646 539 698 578 esse
717 541 813 579 numere

40 607 82 640 em.
95 595 153 657 lingo
167 593 260 644 videtur
273 593 333 657 quhrl
342 600 395 659 post
410 601 508 648 mertem
521 597 618 662 alicujus
630 602 713 661 saneti,
731 613 814 664 annuus

50 679 68 712 is
83 677 126 714 nnn
139 665 170 715 sit
189 665 337 716 adorandum.

53 736 90 784 Sed
100 739 180 788 cantra
189 745 234 796 est,
247 735 308 800 quhd
321 737 403 788 dieitur
415 739 440 789 in
453 739 495 789 lib.
511 740 624 791 Dellrel.
638 740 811 805 eloquentibus,

54 813 174 859 sanctornm
193 821 301 872 mipene,
321 813 345 860 ei
357 811 472 874 precipue
486 812 604 864 beaterum
621 818 743 876 martymm
760 813 814 863 reli-

53 879 92 943 ias,
107 893 135 931 au
148 881 169 930 si
184 878 273 930 christi
288 881 403 945 membra,
421 881 574 934 sincerissime
592 884 723 934 honoranda
739 884 814 934 eredi-

51 965 74 1000 s.
86 969 98 998 u
114 953 143 1002 nt
162 955 249 1016 postea
262 951 367 1003 subditur
382 969 387 1002 ι
405 970 419 1001 u
434 953 524 1017 Siquis
545 957 623 1004 unnim
636 955 696 1004 hane
718 958 813 1006 senlen-

45 1024 177 1085 nuenarii,
193 1037 241 1075 nnn
254 1023 408 1089 Christianus,
422 1026 463 1076 sed
477 1025 634 1077 Eunomianus
646 1029 669 1076 et
682 1025 812 1090 Vigilantia-

44 1109 57 1140 s
67 1097 171 1146 creditur.
186 1111 203 1144 u

51 1172 56 1213 J
66 1167 314 1220 mummia-cau
323 1173 414 1220 sanetus
422 1169 464 1220 liei
480 1182 626 1232 veneramur,
634 1183 712 1220 eurum
723 1182 813 1234 qunque

50 1252 102 1298 ‘unm
111 1245 135 1292 et
146 1240 259 1304 reliquias
272 1239 376 1290 venerari
391 1253 434 1291 nos
446 1243 563 1306 oportet.)

52 1309 176 1375 hespnnrlen
199 1311 337 1373 dicendum,
350 1311 410 1374 quhd
432 1314 494 1362 sieut
514 1314 653 1377 Augustinus
665 1313 721 1363 (linit
734 1313 759 1362 in
773 1312 813 1362 lih.

48 1385 147 1436 anteit.
173 1385 226 1435 Dei
241 1383 309 1448 (cap.
334 1383 394 1447 ta),
412 1387 437 1434 ut
452 1387 475 1434 et
500 1386 536 1434 De
558 1399 621 1434 cura
638 1399 686 1449 pro
706 1385 816 1433 mortuis

50 1468 76 1518 qa.
88 1457 117 1520 3)
130 1473 137 1507 ι
156 1473 171 1506 rr
183 1454 211 1506 Si
220 1459 315 1520 patema
326 1455 398 1506 vestis
411 1460 436 1506 et
452 1456 566 1516 annulus,
581 1469 608 1506 ae
621 1457 642 1508 si
656 1456 758 1520 quidest
773 1457 816 1504 hu-

47 1528 123 1590 ·mndi,
136 1525 210 1578 tantb
227 1526 302 1578 narina
321 1529 357 1576 est
369 1527 482 1590 posteris,
499 1528 586 1592 qnantb
600 1541 654 1591 erga
667 1532 773 1590 parentes
785 1529 820 1576 est

54 1611 82 1654 ¹jar
91 1599 206 1659 allectus,
219 1597 284 1648 nullo
298 1599 364 1648 medo
377 1598 427 1661 ipsa
438 1601 566 1662 spernenda
578 1603 633 1648 sunt
643 1610 753 1661 corpora,
768 1609 818 1661 quae

55 1683 86 1729 ne
96 1669 170 1722 multe
180 1668 322 1720 familiarius
336 1673 403 1734 alque
413 1670 559 1734 conjunctius
573 1671 641 1735 quam
659 1670 768 1733 quelibet
778 1670 820 1719 in-

44 1746 114 1792 uenta
138 1745 279 1807 gestamns3
299 1741 349 1790 haen
367 1741 429 1791 enim
449 1743 477 1792 ad
500 1741 575 1805 ipsam
597 1745 701 1792 naturam
719 1741 819 1791 hominis

56 1815 130 1867 tinent.
142 1833 157 1864 u
174 1817 210 1867 llx
222 1826 268 1878 qno
277 1819 341 1878 patet
351 1813 412 1878 qubd
422 1815 462 1878 qui
471 1816 542 1866 hahet
553 1817 660 1866 allectum
672 1815 699 1866 ad
710 1815 818 1879 aliquem,

50 1900 77 1934 am
93 1902 119 1939 ea
137 1901 193 1953 qnae
213 1887 243 1937 de
257 1886 309 1950 ipse
321 1890 374 1950 post
388 1892 485 1938 mortem
502 1888 674 1952 relinquuntur,
689 1890 818 1950 veneratur,

51 1971 61 2002 a
76 1960 146 2010 saliam
164 1971 256 2022 eorpus
269 1961 309 2008 aut
324 1962 400 2022 partes
419 1958 521 2022 eorporis
532 1960 591 2023 ejus,
607 1957 729 2011 sedetiam
744 1958 820 2022 ahqua

50 2031 130 2096 eriora,
148 2030 211 2097 path
237 2034 314 2080 vestes
336 2032 359 2080 et
382 2029 464 2080 similia
489 2031 533 2094 (η.
548 2031 694 2080 Manifestum
711 2032 748 2080 est
760 2027 821 2093 qnbd

56 2107 99 2152 etus
109 2105 152 2154 liei
166 2103 192 2153 in
203 2101 356 2152 veneratione
368 2101 451 2152 hahere
462 2102 582 2167 debemus,
592 2106 700 2164 tanquam
718 2101 820 2152 membra

61 2175 107 2236 isti,
123 2176 168 2226 Dei
194 2173 259 2224 filins
277 2177 300 2224 ei
318 2173 418 2237 amieos,
438 2177 462 2224 et
482 2177 572 2224 nostrus
597 2173 770 2223 intercessores,
791 2173 820 2220 Et

48 2258 65 2292 -a
75 2259 150 2297 earnm
169 2245 283 2308 reliquias
296 2245 473 2308 qualescumque
487 2246 573 2295 honore
591 2257 691 2308 congruo
705 2244 730 2293 in
743 2256 822 2294 eorum

58 2318 140 2368 iniuriam
160 2315 272 2368 venerari
289 2317 414 2376 debemus,
434 2320 457 2366 et
479 2315 592 2379 precipue
613 2329 692 2366 eornm
714 2327 821 2379 corpure,

51 2399 64 2436 a
78 2389 168 2442 luerunt
182 2387 275 2452 templa
284 2392 307 2438 et
317 2400 401 2450 ungam
414 2387 511 2450 Spiritus
526 2388 597 2438 sancii
607 2388 633 2437 in
648 2386 683 2438 eis
693 2386 822 2436 habitantis

55 2464 176 2522 amramis,
187 2466 214 2513 et
226 2464 283 2510 sunt
293 2459 383 2524 conponi
392 2459 477 2509 Christi
486 2457 644 2522 configuranda
653 2472 695 2523 per
700 2458 824 2522 gloriosam

51 2535 215 2586 »eructionem
237 2531 303 2582 Unde
317 2536 342 2582 et
354 2525 405 2596 ipse
423 2531 483 2581 [leus
496 2531 625 2594 hujusmodi
643 2530 752 2594 reliquias
767 2541 826 2579 nnn·

55 2611 129 2657 uenter
145 2607 267 2666 muniat,
279 2602 304 2653 in
318 2615 398 2652 eorum
411 2600 531 2666 praesentia
543 2601 651 2651 miracula
662 2601 777 2653 iaciendo.

58 2768 81 2830 il)
98 2772 160 2819 Sient
183 2769 288 2830 pallium
310 2732 413 2814 Antonii
428 2766 474 2812 sibi
496 2765 602 2811 relietum
620 2765 778 2821 Athanasius,
797 2768 825 2832 ut

48 2843 67 2874 se
78 2837 169 2890 scribit,
192 2839 220 2880 et
235 2831 353 2880 numnius
366 2829 469 2878 tunicam
483 2828 549 2875 Pauli
569 2829 687 2886 eremitae,
699 2834 725 2870 nt
745 2824 825 2871 scribit

40 2909 179 2956 *anonymum
