1917 3317
120 152 150 189 ba
165 152 352 191 instruentibus
370 154 401 189 ab
417 152 541 191 datianus
557 156 581 191 tlt
598 154 710 191 cntttsro.
772 148 817 193 503

36 227 77 274 *niu
88 228 154 277 bomo
170 226 220 277 vult
233 241 305 277 unum
318 228 444 279 seeundbm
465 229 591 293 appetitum
607 229 715 291 rationis,
729 236 753 282 et
768 234 819 283 vult

39 300 77 346 ,nul
87 298 208 349 secuudum
223 300 351 363 appetitum
360 300 511 363 sensitivam,
523 306 614 352 nonest
626 302 666 351 ble
676 302 753 365 atqua
765 316 820 353 eon·

45 372 132 433 alietas,
149 371 197 421 nisi
209 370 269 421 lortd
281 372 397 435 appetitus
406 372 532 421 sensilirus
544 373 568 422 iu
581 378 670 423 tantum
683 376 815 439 praevaleat.

41 442 78 489 dd
90 444 126 493 vel
138 444 245 493 immutet
264 443 302 493 vel
315 444 415 493 retardet
433 443 558 507 appetitum
577 445 689 508 rationis3
703 446 737 496 sie
755 446 817 497 enim

41 528 66 559 m
81 516 105 563 ad
120 516 194 579 ipsam
209 516 352 565 voluntatem
365 515 459 565 rationis
472 515 601 579 perueniret
614 516 698 579 aliquid
712 518 741 568 de
753 522 818 569 mota

48 588 128 637 utrario
142 586 262 651 appetitis
282 585 394 636 sensitivi.
414 587 451 636 Sin
473 587 542 650 igitur
557 588 677 639 (libentium
690 593 739 648 est,
757 590 818 653 qnbd

54 658 71 705 it
88 660 193 709 voluntas
216 656 328 707 natumlis
351 662 375 708 et
391 660 500 710 uoluntas
521 661 673 712 sensualitatis
691 662 715 711 in
728 662 820 711 fflrristo

50 732 99 790 'inid
118 733 179 783 aliud
204 732 304 782 noluerit
319 731 387 795 qnam
402 733 509 783 noluntas
522 734 614 793 divina,
628 738 652 784 et
664 734 769 784 voluntas
785 747 820 783 ra·

57 804 184 868 stemnius,
201 808 338 854 nontamen
351 803 395 853 luit
414 804 488 868 aliqua
501 806 649 855 contrarietas
667 805 817 855 voluntatum.

54 875 201 938 liudwidum,
217 874 271 938 qnia
289 888 365 937 neque
379 876 485 926 noluntas
494 877 616 936 naturalis,
627 890 701 939 neque
714 877 821 926 noluntas

55 948 167 997 mutitatis
178 947 315 1010 repudiabat
326 947 388 996 illam
401 946 526 1007 rationem,
539 948 626 997 seilicet
635 960 680 1010 qna
689 947 767 997 divina
777 961 820 997 ro·

52 1027 89 1067 ‚tus
103 1023 128 1069 et
143 1020 255 1069 noluntas
273 1016 368 1069 rationis
379 1020 485 1069 bumana
498 1019 522 1068 in
536 1019 625 1069 Cbristo
637 1019 765 1082 passionem
779 1032 821 1069 ro·

56 1098 81 1138 at.
96 1090 194 1141 Volebat
210 1090 273 1139 enirn
286 1090 356 1139 etiam
371 1090 477 1139 voluutas
494 1089 636 1151 absoluturi)
645 1090 670 1139 in
685 1090 774 1140 cbristo
783 1103 821 1140 sa·

54 1174 82 1206 ¹ro
97 1160 197 1210 bumaui
214 1160 322 1223 generisa
337 1160 376 1209 sed
393 1159 443 1222 ejus
455 1174 501 1211 nou
517 1164 566 1210 erat
581 1160 638 1209 velle
651 1162 696 1210 boo
709 1159 821 1211 inordina

62 1232 127 1293 alliud,
138 1236 223 1283 motus
236 1235 313 1281 autern
328 1231 483 1282 sensualitatis
494 1232 521 1281 ad
537 1234 581 1282 boo
598 1246 622 1282 se
633 1232 755 1283 extendere
773 1246 822 1283 uon

56 1304 108 1352 ebat.
122 1301 247 1362 secundi,
263 1302 317 1365 quia
329 1316 403 1365 neque
414 1304 519 1353 voluntas
528 1303 619 1363 divina,
633 1317 707 1366 neque
716 1305 821 1354 voluntas

55 1376 103 1425 dbis
115 1377 141 1425 in
156 1374 255 1425 Christo
268 1373 434 1437 impediebatur
447 1378 486 1424 aut
495 1376 649 1424 retardabatur
662 1388 703 1438 per
712 1375 820 1425 nolunta-

48 1466 57 1493 't
77 1448 224 1505 naturalem,
244 1448 285 1493 ant
302 1444 431 1508 appetitum
450 1446 610 1495 sensualitatis.
628 1445 736 1495 Similiter
753 1446 822 1496 etiam

63 1518 74 1559 i
86 1517 206 1568 contrario
217 1516 325 1565 noluntas
336 1516 415 1565 divina
423 1517 459 1566 nel
466 1518 573 1567 voluntas
583 1516 678 1566 rationis
688 1516 711 1564 in
721 1516 821 1576 Cbristo,

56 1590 137 1644 :siebat
150 1593 195 1639 aut
207 1586 339 1637 retardabat
349 1592 436 1636 motum
451 1588 574 1637 voluntatis
591 1586 701 1636 naturalis
714 1588 821 1639 bumana

52 1667 133 1711 ‘fiotum
149 1656 315 1710 sensualitatis
327 1657 352 1705 iu
368 1657 468 1707 Christo.
487 1659 592 1708 Placebat
606 1658 668 1707 enim
678 1657 769 1707 Cbnisto
782 1672 820 1708 se·

59 1727 822 1786 ldmvoluntatemdiniuam‚etetiamseeundbmnolontatemra-

57 1817 86 1861 is,
101 1808 126 1853 nt
137 1802 255 1853 noluntas
276 1798 385 1848 naturalis
397 1798 421 1847 in
435 1798 484 1861 ipso
499 1803 522 1849 et
537 1799 641 1848 noluntas
657 1799 820 1859 sensualitatis,

54 1874 131 1923 iudbm
143 1871 260 1924 ordinem
274 1882 322 1919 suae
335 1873 433 1929 naturae,
444 1873 597 1919 monerentur.
612 1869 674 1919 Unde
688 1872 751 1933 patet
761 1869 822 1932 qubd

47 1966 49 1975 ι
63 1946 133 1996 bristo
149 1942 218 1994 nulla
233 1940 279 1989 luit
296 1940 445 2003 repugnantia
457 1941 494 1991 rel
507 1940 656 1990 contrarietas
669 1940 821 1990 voluntatum.

47 2020 68 2066 ··l
88 2017 196 2082 primum
216 2026 276 2075 ergo
294 2011 427 2074 dineudum,
440 2011 500 2075 qnbd
516 2012 562 2061 boe
574 2010 649 2074 ipsum
668 2010 729 2074 quod
745 2011 823 2074 aliqua

60 2095 109 2139 vitas
121 2092 237 2139 bumana
252 2084 277 2132 in
293 2082 384 2133 Christo
398 2082 458 2132 aliud
476 2083 566 2132 solebat
576 2081 644 2145 quim
655 2083 707 2145 ejus
716 2082 822 2131 noluntas

57 2175 94 2219 na,
108 2156 266 2226 procedebat
277 2166 307 2203 er
327 2154 377 2217 ipsa
390 2154 507 2203 uoluntate
522 2152 615 2215 diuina,
630 2152 695 2215 eujus
715 2152 824 2215 benepla-

65 2237 147 2281 natura
163 2232 276 2279 bumana
289 2223 390 2273 mutibus
402 2224 498 2287 propriis
509 2223 641 2272 movebatur
650 2222 675 2271 in
687 2222 787 2284 Cbristo,
797 2227 824 2273 nt

55 2316 161 2353 irscenus
172 2298 237 2351 dieii
250 2293 312 2359 (lib.¹
323 2294 362 2349 lll,
373 2292 423 2359 e'ap.
433 2294 486 2357 tt).

49 2379 66 2423 ot
87 2374 228 2427 secundnm
245 2367 382 2429 dicendum,
400 2364 460 2429 qubd
478 2364 584 2417 innubis
600 2379 641 2429 per
661 2366 825 2429 eoncupiscen-

72 2448 147 2497 earnis
168 2438 307 2507 impeditur
324 2442 363 2486 aut
373 2436 498 2487 retardatur
511 2436 699 2501 eoncupiscentia
715 2436 824 2501 spiritbs3

54 2570 58 2613 l
85 2572 129 2617 Seu
149 2562 272 2615 absolute
292 2572 320 2607 ne
340 2559 466 2607 seeundbm
486 2573 511 2606 se
525 2560 671 2606 considerata
683 2566 710 2605 ut
725 2566 824 2612 natura,

63 2618 71 2669 ἱ
84 2634 210 2691 proprium
225 2638 280 2673 non
296 2629 333 2669 est
344 2625 472 2669 deliberare
484 2654 490 2680 ‚
501 2624 539 2668 vel
552 2635 624 2668 unum
638 2624 667 2668 ad
684 2624 747 2669 aliud
757 2622 825 2680 quasi

65 2710 112 2741 uem
124 2706 201 2743 sunm
213 2689 346 2740 ordinare.
361 2688 402 2733 sed
415 2686 541 2731 voluntatis
552 2686 706 2731 consideratae
715 2692 741 2729 ut
750 2685 821 2735 ratio,

65 2756 227 2806 ttooammodo
253 2750 369 2796 relativae.
384 2751 437 2795 Non
456 2760 512 2805 ergo
531 2748 637 2793 absoluit
655 2750 762 2794 voluntas
783 2751 825 2789 aut

52 2806 109 2867 ututb
127 2822 217 2867 rolens
242 2812 396 2869 intelligitur,
410 2811 477 2867 quasi
497 2812 591 2856 omnino
614 2811 709 2866 volens,
730 2814 756 2851 ut
773 2808 824 2850 aliis

51 2886 145 2929 busdam
158 2882 222 2930 locis
239 2882 377 2931 usurpatur.
