1917 3317
193 180 224 221 uu
241 179 380 222 monnau
396 181 650 221 tonsurandum.
762 170 823 221 tere

38 255 121 309 oritate
133 254 250 316 imnum,
263 256 363 321 pertinet
373 258 498 309 eccunddm
511 258 573 323 quod
582 262 616 310 est
625 271 698 309 unum
713 258 823 322 quodam-

38 327 89 379 rodo
103 342 154 378 curn
167 327 219 392 ipsa
232 328 337 392 vernae,
348 327 414 393 quasi
424 330 527 393 quadan
541 331 589 394 tex,
601 335 624 382 et
637 331 741 394 quedem
754 330 824 395 justi-

38 412 52 450 a
68 400 176 449 animata.
190 400 255 450 Unde
272 404 297 453 et
312 400 398 452 ibidem
414 402 555 465 Augustinus
571 402 694 453 introducit
706 402 766 465 quod
786 401 825 451 di·-

36 470 111 523 ituri.
129 471 256 531 Corinth„
272 473 294 523 11
310 488 315 521 :
333 489 347 520 u
362 472 491 537 Spiritcalie
507 473 597 535 judicat
608 472 692 525 omnia.
709 488 722 519 r
744 472 824 523 Anien

36 548 97 594 utem
115 542 201 593 Christi
211 557 257 608 pre
268 543 356 595 ceteris
373 544 483 595 creaturis
501 544 574 607 magis
588 544 706 593 tuitunita
723 544 823 605 ueritati,

36 618 44 663 t
62 613 134 677 magis
151 627 177 665 ee
196 616 297 679 repieta,
314 615 439 669 secundnm
457 616 513 667 iilud
535 618 617 671 doen„
636 616 667 667 l:
688 632 702 665 u
720 616 824 667 Vidimus

35 686 173 749 umplenum
183 685 293 749 gratieet
302 686 434 737 venetie.»
444 687 473 737 ltt
486 686 612 739 secundun
622 688 666 737 noc
680 688 709 738 ed
724 686 825 739 animani

34 757 107 809 :hristi
119 757 218 809 romine
229 758 328 822 pertinet
340 758 417 811 omnia
426 759 540 822 iudicare.

53 830 88 881 id
110 831 233 881 eecundum
248 828 386 891 dicendum,
400 830 462 895 quod
478 831 552 882 solius
563 830 604 881 Dei
619 834 667 893 est,
681 830 718 883 rui
732 830 825 894 pertici-

32 902 115 951 ‚atione
128 901 216 951 animas
228 902 307 953 beatas
320 902 412 964 iacere3
428 902 469 953 sed
483 903 594 953 adducere
610 901 715 953 honines
729 903 755 952 ud
769 902 825 953 bea·

32 973 143 1023 itndinern
155 972 265 1026 conuenit
278 973 386 1034 Christo,
406 972 555 1037 inquantum
572 977 608 1025 eet
626 976 694 1037 capud
709 976 732 1025 et
748 977 826 1024 auctor

31 1046 103 1096 elutis
114 1058 207 1109 eorum,
222 1043 344 1097 recunditur
358 1045 414 1095 illud
427 1046 513 1103 decr..
526 1047 545 1096 lt
561 1062 566 1096 :
585 1047 653 1105 «Qui
667 1047 750 1097 multos
766 1046 825 1097 ilios

31 1131 44 1167 n
58 1117 153 1180 gloriam
168 1119 300 1180 adduxerat,
314 1122 429 1169 aucorem
443 1118 523 1169 salutis
536 1132 614 1169 eorum
634 1132 674 1183 per
692 1118 825 1183 passionem

30 1190 177 1241 :cnsumurari
188 1188 234 1254 (t).
245 1206 259 1237 n

53 1261 87 1311 dd
101 1260 191 1311 tertium
209 1261 346 1325 dicendum,
362 1261 424 1326 qudd
442 1274 580 1325 cognoscere
598 1261 686 1312 occulta
706 1259 824 1323 cordium,

29 1330 195 1395 adjudicare,
210 1345 284 1396 perse
295 1333 388 1396 quidem
402 1332 505 1397 pertinet
516 1333 545 1383 ad
560 1333 633 1384 sotum
643 1333 727 1394 Deum3
743 1332 784 1381 eed
797 1345 826 1385 ea

28 1402 142 1455 addentia
156 1403 284 1455 diuinitatis
296 1404 324 1453 ad
339 1404 437 1455 animam
452 1405 538 1457 christi
549 1404 657 1455 convenit
670 1404 740 1454 etiem
754 1402 776 1453 ei
788 1416 827 1453 co-

27 1487 133 1536 gnoscere
152 1478 175 1525 et
186 1475 290 1537 judicare
306 1476 396 1526 occulta
414 1477 531 1537 cordium,
547 1480 572 1527 ut
583 1474 652 1539 ecurt
671 1474 757 1525 dictum
775 1479 825 1535 eet,

27 1559 73 1595 rum
93 1546 122 1596 de
139 1545 236 1598 scientia
253 1548 340 1599 Christi
354 1553 467 1610 ageretur.
484 1549 511 1597 Et
529 1548 580 1598 ideo
594 1546 677 1597 dicitur
691 1548 769 1601 Rom..
783 1544 824 1595 11:

26 1618 75 1667 rin
93 1617 129 1669 die
150 1633 202 1669 cum
217 1618 330 1682 judicarit
351 1620 413 1669 Deus
438 1620 527 1671 occulta
550 1618 668 1670 hominum
689 1630 730 1681 uer
749 1618 826 1667 Jeeurn

26 1690 176 1742 Christum.»

312 1798 473 1849 tenemus
490 1798 530 1849 111.

53 1923 142 1968 Utrdrm
155 1922 265 1968 ditrictae
278 1934 307 1967 ee
322 1923 541 2043 mess‘tttch‘edeptoe
550 1922 631 1978 suerit
642 1920 800 1978 iaedica'ortom

391 1997 416 2031 ee
453 2000 498 2033 eor.

52 2115 90 2165 td
107 2112 201 2163 tertium
214 2110 248 2163 eie
260 2112 392 2176 proceditur
405 2112 452 2176 (a).
465 2112 561 2163 videtur
577 2111 638 2176 qudd
652 2112 757 2164 cirinus
778 2125 826 2165 nou

26 2202 49 2239 rx
70 2184 160 2236 meritis
176 2184 246 2238 tuerit
263 2184 359 2247 adeptus
376 2183 519 2248 judiciariam
543 2187 691 2249 potestaten.
706 2185 828 2236 iudiciaria

26 2262 87 2314 enirn
101 2260 201 2322 potestte
214 2256 361 2320 consequitur
371 2257 458 2321 regiani
471 2255 614 2320 dignitatem,
634 2256 759 2311 secundnm
772 2258 828 2309 illud

26 2330 157 2392 erodere,
166 2330 207 2382 xx
219 2344 250 2378 :r
258 2330 309 2381 Rex
321 2330 362 2393 qui
373 2330 438 2379 sedet
447 2329 472 2380 in
484 2328 541 2380 sotio
552 2328 639 2393 judicii,
654 2330 752 2393 dissipat
761 2340 829 2381 omne

26 2405 110 2457 catuna
121 2402 207 2454 intuitu
224 2415 275 2455 eno.
285 2417 300 2449 »
309 2402 356 2453 sed
367 2402 453 2465 regiam
463 2401 599 2464 dignitatem
611 2402 717 2453 Christus
730 2402 828 2453 obtiniut

56 2510 89 2576 (1)
104 2515 140 2559 Ex
150 2512 222 2561 reteri
234 2512 336 2558 editione
348 2512 483 2565 bibliorum
498 2512 538 2559 sed
547 2514 613 2571 Juxta
628 2523 728 2569 grecum
741 2510 826 2561 τελέω-

26 2604 82 2651 rotc,
96 2586 219 2643 legendum
234 2596 419 2635 contemmere,
432 2589 459 2629 ut
473 2584 497 2627 in
508 2584 586 2631 bibliis
603 2582 746 2636 emendatis3
761 2584 829 2639 quaet

26 2662 53 2705 rit
72 2668 170 2711 sensus,
185 2656 247 2712 qudd
262 2657 305 2718 que·
326 2656 414 2701 multoe
432 2656 498 2715 filios
515 2658 544 2701 dn
564 2656 672 2713 gloriam
688 2654 829 2701 adduceret

26 2725 119 2769 Pater,
138 2720 262 2767 Cdrtrtrrot
285 2721 330 2777 qui
350 2723 384 2765 eet
406 2724 493 2765 erector·
508 2720 611 2769 colotis,
625 2731 672 2777 per·
690 2719 828 2777 porcionem

26 2786 212 2830 roneommmt.

56 2844 93 2908 (ἢ)
108 2847 141 2897 lte
156 2845 194 2891 uic
217 2846 288 2894 etiam
301 2845 344 2899 tv,
364 2842 442 2893 Senot-2
456 2844 512 2892 diet.
533 2842 578 2901 ta,
592 2855 633 2900 qu.
652 2840 683 2895 1,
698 2840 786 2894 ert.1;
804 2846 828 2888 et

26 2911 120 2957 Contra
130 2908 211 2961 dcet..
223 2908 266 2957 lib.
278 2908 320 2966 w,
333 2918 388 2965 oen.
397 2905 445 2962 ⁹⁵³
457 2913 482 2955 et
497 2907 599 2967 Opere..
610 2907 656 2965 111,
670 2918 724 2965 can.
736 2903 792 2953 ate.
