1917 3317
136 214 139 222 ¹
172 169 204 206 mr
219 168 262 206 ms
276 166 332 214 oon
347 169 479 209 mamm
495 169 529 210 au
544 171 690 212 amreroeoe.
784 162 830 212 tol

39 248 126 299 euidens
139 246 270 296 necessitas
276 249 301 296 et
309 244 404 308 utilitas,
412 250 489 311 posset
497 248 578 299 exinde
587 248 690 313 generari
700 250 832 302 scandalum

37 319 137 379 mdrmis,
151 319 215 381 quod
229 322 290 368 esset
302 317 434 381 vitandum;
446 319 506 368 idem
520 323 597 370 tamen
611 321 740 372 scandalum
754 322 831 372 immi·

37 407 85 444 uere
96 396 175 458 potest
187 391 216 442 de
229 390 267 442 nis
279 390 320 454 qoi
329 390 473 442 facultatium
480 392 638 444 communibus
651 394 718 446 otiosi
727 398 830 446 utuntur.

330 569 497 628 armemus*
504 569 533 622 V.

206 695 296 741 Utrr'cm
304 695 423 751 notificata
432 695 503 740 licent
512 696 656 743 mendicare.

64 823 94 873 ld
103 823 211 887 quintum
222 821 257 872 sic
267 821 404 886 proceditur.
413 821 507 874 Videtur
516 821 576 886 quod
586 823 698 886 religiosis
707 837 754 876 non
764 825 833 878 liceat

34 894 167 946 mendicare.
182 893 245 944 Dicit
257 891 319 943 eninr
334 894 475 956 Augustinus
484 894 556 945 inlib.
570 897 829 960 Deopemmoooclcor.

33 967 97 1031 (cap.
105 967 173 1031 ast:
190 966 273 1015 «Tam
287 965 370 1015 multos
383 965 514 1029 hypocritas
528 966 657 1018 subdubito
672 969 832 1020 monachorum

31 1051 191 1102 usquequaque
206 1037 316 1100 dispersit
326 1036 486 1087 callidissimus
501 1037 585 1096 hostis,
599 1037 764 1090 circumeuntes
778 1053 831 1104 pro·

30 1111 111 1162 vincias
121 1128 129 1174 ;
141 1128 157 1159 u
174 1115 198 1160 et
210 1114 292 1174 postea
306 1109 381 1160 subdit
394 1125 400 1159 :
413 1111 520 1161 «Omnes
530 1113 627 1174 petunt,
640 1123 719 1162 omnes
735 1111 832 1174 exigunt

29 1188 64 1232 aut
77 1187 186 1246 sumptus
199 1182 299 1232 lucrose
315 1181 431 1245 egestatis,
446 1185 487 1232 aut
505 1181 616 1232 simulate
632 1182 732 1246 pretium
746 1184 831 1234 sancti·

29 1257 87 1306 tatis.
101 1273 116 1303 »
129 1257 192 1318 Ergo
205 1254 297 1304 uidetur
309 1243 370 1318 quod
380 1254 429 1303 uita
444 1254 599 1317 religiosorum
613 1253 790 1306 mendicantium
800 1255 831 1306 eit

29 1328 179 1392 reprobanda.

57 1405 81 1450 2.
100 1402 235 1459 stateres,
250 1399 270 1448 l.
289 1398 324 1447 od
341 1397 457 1455 Thessal„
480 1397 622 1458 1V‚dicitur
644 1413 650 1448 :
669 1398 831 1462 «operemini

30 1472 130 1522 manibus
139 1469 238 1532 uestris,
248 1469 307 1520 sicut
316 1469 466 1533 precepimus
475 1469 556 1531 vobis,
566 1473 591 1519 ut
602 1469 696 1522 honeste
708 1470 831 1522 ambuletis

33 1545 61 1592 ad
77 1556 115 1592 eos
129 1543 170 1607 qui
189 1543 330 1604 sericeum,
345 1545 371 1592 el
389 1542 472 1592 nullius
489 1541 574 1606 aliquid
597 1541 746 1606 desideretisq
761 1558 776 1590 c
790 1543 830 1594 ulnl

34 1614 89 1663 dicit
100 1615 191 1665 Glossa:
207 1630 223 1661 u
233 1614 287 1664 ldco
296 1625 354 1678 opus
363 1614 474 1677 agendum
484 1617 528 1676 est,
538 1617 562 1664 et
576 1625 621 1664 non
630 1613 764 1674 otiandum,
776 1613 832 1678 quia

31 1691 54 1738 et
64 1687 185 1737 honestum
201 1688 274 1737 estet
286 1686 350 1750 quasi
362 1686 402 1735 lux
415 1685 443 1734 ad
452 1685 565 1743 infideles.
583 1688 606 1735 et
617 1698 664 1736 non
674 1683 832 1736 desiderabitis

28 1773 74 1810 rem
93 1759 206 1819 alterius,
222 1758 306 1807 nedum
322 1756 406 1819 rogetis
420 1756 455 1807 uel
471 1755 556 1808 tollatis
569 1755 664 1820 aliquid.
681 1773 695 1805 o
710 1757 740 1806 lit
752 1758 781 1806 ll.
796 1757 833 1806 ud

28 1830 116 1887 Tlecs„
131 1831 179 1888 111,
196 1842 266 1892 super
284 1827 354 1878 illud:
372 1844 386 1875 u
402 1827 427 1876 Si
440 1827 492 1891 quis
504 1840 549 1877 non
564 1827 614 1878 uult
629 1827 757 1892 operari‚u
773 1831 832 1890 etc,

26 1902 78 1953 dicit
93 1903 180 1953 Glossa
197 1917 204 1951 ε
222 1917 237 1948 «
249 1900 302 1950 Vult
317 1913 395 1951 seruos
408 1898 449 1950 ltei
466 1899 612 1965 corporaliter
626 1899 727 1964 operari,
743 1903 768 1950 ut
784 1901 831 1950 lra-

25 1976 92 2026 leant
110 1976 176 2026 unde
193 1973 286 2036 vivant,
303 1975 388 2022 utnon
406 1972 569 2035 compellantur
582 1975 683 2035 egestate
703 1972 831 2023 necessaria

25 2053 110 2112 petere.
129 2063 145 2094 ι)
160 2046 208 2096 Sed
221 2047 266 2096 hoc
278 2047 314 2095 est
329 2043 468 2094 mendicare.
483 2045 541 2108 Ergo
555 2043 643 2094 ridetur
654 2043 716 2108 quod
727 2043 831 2098 illicitum

24 2119 50 2170 sit
61 2117 223 2184 praetermisso
240 2129 307 2180 opere
324 2115 425 2167 manuali
438 2115 574 2166 mendicare.

51 2197 74 2242 3.
92 2193 228 2250 praterea,
243 2189 298 2238 illud
313 2189 374 2251 quod
393 2187 465 2237 estin
481 2187 531 2250 lege
548 2186 688 2250 prohibitum
702 2189 725 2238 et
737 2187 832 2251 justitie

24 2260 181 2322 contrarium,
195 2273 243 2310 nou
253 2259 363 2323 competit
375 2257 496 2322 religiosis.
510 2257 554 2308 Sed
569 2257 699 2308 mendicare
710 2260 745 2308 est
755 2258 833 2322 proli·

22 2335 93 2386 la'tum
111 2332 139 2382 in
155 2332 209 2395 lega
224 2330 315 2393 diriua;
333 2329 487 2380 diciturenim
507 2328 669 2388 Deuter.,llV
684 2343 691 2378 r
708 2329 832 2382 domnino

21 2407 132 2469 indigens
142 2407 169 2454 et
180 2401 297 2452 mendicus
305 2414 353 2452 non
365 2403 410 2452 crit
418 2401 478 2451 inter
487 2413 537 2464 vos3
547 2417 561 2448 »
572 2403 596 2450 et
606 2399 629 2449 iu
642 2399 711 2450 Paul.
724 2400 831 2450 lllllllll:

20 2481 104 2529 «Non
121 2475 175 2524 vidi
193 2474 284 2538 justum
298 2472 445 2535 derelictum,
460 2486 503 2522 nec
519 2485 596 2523 semen
611 2470 661 2535 ejus
675 2485 780 2535 quorem
791 2485 832 2536 pa·

18 2565 83 2602 nem.
103 2564 119 2596 n
135 2545 271 2596 Secundum
288 2545 358 2596 etiam
375 2545 426 2609 jura
444 2543 520 2595 ciuilia
533 2542 628 2608 punitur
640 2542 728 2592 validus
744 2543 833 2594 mendi-

16 2636 90 2682 cans,
102 2623 132 2670 ut
145 2619 249 2668 hahetur
259 2617 317 2667 cod.
337 2612 376 2665 lie'
384 2614 481 2664 calidis
492 2613 702 2664 merdicoatiduc.
715 2615 774 2680 Ergo
785 2627 832 2666 non

14 2693 134 2759 competit
148 2689 269 2754 religiosis
284 2688 421 2739 mendicare.

45 2772 74 2815 4.
97 2765 233 2823 Praeterea,
248 2759 386 2810 verecundia
401 2762 436 2810 est
448 2759 476 2810 de
489 2758 551 2824 turpi
565 2759 634 2819 actu,
646 2760 672 2809 ut
680 2757 835 2808 damascenus
857 2792 860 2802 ,

15 2839 72 2889 dicit
89 2835 153 2900 (lit.
166 2835 196 2885 ll.
210 2833 249 2884 De
259 2830 312 2898 fide
322 2831 433 2888 orthod„
445 2844 498 2895 cap.
509 2834 539 2880 ll
548 2831 568 2896 ).
581 2831 627 2882 Sed
640 2828 770 2879 amorosius
782 2824 837 2902 dicit

13 2912 38 2961 in
48 2911 100 2963 lili.
114 2909 156 2959 De
166 2905 236 2970 offic.
248 2903 309 2971 (lii.
322 2904 358 2966 ll,
369 2915 420 2968 cap.
431 2903 489 2968 15),
497 2901 557 2968 qu'od
571 2897 732 2954 «uerecundia
744 2893 838 2960 petendu
