1917 3317
242 189 273 225 nn
289 187 355 226 xono
371 185 495 229 suessonis
509 189 614 228 cuumrr.
781 179 827 238 tot

23 263 120 316 exolvit.
136 264 201 315 Unde
214 264 335 328 utrumque
349 263 444 316 istorum
461 265 491 316 ad
507 264 622 316 Christum
636 267 735 330 pertinet
747 266 827 322 imme

23 335 101 397 iiatd,
116 337 141 386 in
156 333 265 400 quantirm
278 339 315 386 est
327 336 413 399 homu;
428 338 468 388 sed
480 337 509 386 ad
522 340 591 388 totam
608 338 757 401 Trinitatem,
768 341 829 392 sicut

23 409 48 458 ud
64 420 161 458 causam
172 406 269 470 primam
280 410 304 457 et
313 412 420 458 remotam
428 446 436 469 ‚
444 409 509 473 eujus
521 413 570 460 erat
580 411 604 460 et
615 409 664 473 ipsa
677 410 724 460 vita
735 411 828 474 Christi,

23 478 81 530 sicut
104 477 174 542 primi
190 478 306 542 auctoris,
322 478 371 529 eti
387 493 430 543 qua
451 479 589 544 inspiratum
607 480 650 531 iuit
669 481 713 545 ipsi
736 483 827 534 homini

23 550 114 601 lhristo
132 552 157 598 ut
168 551 285 612 pateretur
296 563 338 613 pro
359 550 434 601 nohis.
453 552 483 602 Et
498 551 549 602 ideo
568 565 620 602 esse
640 552 769 606 immediate
792 568 829 606 re·

23 623 180 684 demptorem,
199 620 317 684 proprium
339 625 375 671 est
392 621 493 682 Christi,
509 622 534 672 in
557 622 666 686 quantiam
691 627 726 674 est
746 625 827 688 hom03

23 691 130 757 puamris
146 690 196 756 ipsa
213 691 341 756 redemptio
359 693 432 757 possit
450 693 543 746 attribui
565 693 608 746 toti
630 695 753 760 trinitati,
771 695 830 750 sicut

23 777 105 816 rrrrnae
125 776 210 814 cause.

54 835 90 886 hd
102 835 202 898 primum
222 847 276 898 ergo
297 834 431 899 dicendum,
446 835 505 899 uudd
519 836 598 888 Glossa
613 840 688 900 <uetus
707 840 731 890 et
744 851 829 890 manu-

23 906 133 970 scripta),
143 905 227 955 hoesic
238 906 332 970 exponit
343 923 349 956 ι
361 909 415 958 «Tu
425 907 518 961 Domine
527 909 586 958 iieus
594 909 705 971 ueritatis,
715 909 830 962 redemisti

23 991 61 1030 ne
75 978 99 1027 iu
114 977 204 1028 Christo
217 977 328 1028 clamante
349 996 358 1028 z
373 979 397 1028 iu
418 993 499 1030 manus
518 984 569 1030 tuas
583 981 677 1031 Domine
694 983 828 1034 commendo

23 1049 135 1114 Spiritum
146 1062 230 1098 meum.
242 1064 256 1095 u
268 1049 297 1098 Et
308 1049 342 1100 sic
355 1050 480 1115 redemptio
491 1051 623 1102 immediate
635 1051 734 1116 pertinet
747 1051 775 1105 ad
786 1053 830 1103 hu-

23 1121 110 1170 minem
129 1118 259 1181 Christum
274 1119 429 1185 principaliter
443 1124 519 1190 autem
536 1122 564 1174 ad
577 1123 656 1172 Deum.

57 1191 91 1242 dd
106 1190 230 1241 secundum
240 1191 361 1242 dicendum
372 1192 449 1257 ‚uudd
460 1195 559 1258 pretium
570 1193 732 1258 redemptionis
744 1198 827 1247 nostis

23 1268 95 1315 homo
108 1263 213 1313 Christus
225 1264 294 1314 solvit
305 1263 447 1329 immediate,
459 1268 500 1318 sed
513 1267 657 1318 demandato
669 1265 750 1328 Patris,
767 1266 827 1317 sicut

23 1335 180 1402 primordialis
192 1335 301 1386 auctoris.

57 1407 92 1457 ad
104 1407 196 1456 tertium
211 1407 341 1471 dicendum,
355 1407 415 1471 qudd
429 1407 548 1472 passiones
559 1408 692 1460 Sanctorum
705 1407 828 1472 proliciunt

23 1477 154 1539 Ecclesia,
170 1492 216 1530 non
229 1479 319 1543 quidem
330 1493 371 1544 per
385 1481 477 1531 modom
492 1479 661 1544 redemptionis,
673 1479 712 1530 sed
727 1492 826 1543 permo-

23 1552 81 1601 dum
96 1550 194 1615 exempti
204 1555 227 1601 et
237 1551 411 1613 exhortationis,
419 1551 544 1602 seeundim
555 1552 610 1603 iliud
622 1552 651 1602 ii.
664 1551 700 1600 od
715 1551 784 1608 Cor„
797 1551 825 1602 1:

23 1641 39 1671 u
51 1623 106 1673 Siue
117 1619 257 1684 tribulamur,
271 1636 313 1686 pro
325 1628 402 1674 uestra
418 1624 577 1678 exhortatione
592 1622 710 1674 et'saluto.
725 1638 739 1670 u

324 1792 484 1853 sauchitis
497 1801 535 1852 Vi.

73 1928 156 1973 Utriror
163 1927 242 1984 patrio
253 1927 341 1972 Christi
349 1930 447 1982 operato
459 1927 492 1971 sit
505 1930 614 1972 nostram
627 1928 729 1975 rodoino
738 1939 781 1984 per

305 1990 402 2035 modom
410 1990 549 2047 efficientiae.

65 2117 98 2168 hd
111 2119 198 2167 sextum
210 2117 243 2167 sio
255 2117 393 2182 proceditur.
406 2115 500 2166 Videtur
510 2115 571 2179 quod
586 2115 663 2182 passio
676 2115 760 2168 Christi
781 2131 828 2169 uon

30 2190 64 2241 sit
86 2193 176 2252 operata
196 2192 294 2239 nostram
313 2188 408 2240 salutem
431 2201 472 2252 per
490 2188 581 2239 modum
598 2187 737 2240 efficientiae.
757 2189 831 2242 Causa

30 2260 94 2314 enim
112 2259 213 2311 efficiens
233 2264 316 2310 nostre
334 2259 415 2310 salutis
433 2259 612 2322 estmeguitudo
628 2259 829 2326 diviserimus,

30 2331 155 2385 seeundim
173 2333 227 2382 iilud
241 2333 333 2388 iru.,L
353 2346 359 2381 :
377 2349 391 2379 u
406 2333 463 2382 Ecce
482 2345 527 2382 non
548 2334 584 2380 εει
599 2331 729 2382 abbreviata
750 2345 830 2382 manus

32 2405 104 2470 ejus,
115 2407 140 2454 ut
158 2403 244 2455 salvare
256 2417 302 2454 non
320 2403 393 2468 possit
409 2403 482 2467 (1).»
498 2402 599 2453 Christus
618 2406 693 2454 autem
712 2403 832 2453 crucifixus
935 2409 936 2412 ’

32 2479 72 2528 est
93 2487 121 2525 ex
139 2475 285 2537 infirmitate,
300 2479 326 2524 nt
345 2475 427 2524 dicitnr
444 2475 473 2524 ii.
497 2475 530 2523 ad
550 2473 677 2538 Corinth„
698 2473 757 2524 xiii.
780 2473 830 2523 Non

31 2560 88 2611 ergo
101 2547 176 2611 passio
196 2546 281 2597 Christi
298 2546 424 2596 efficienter
439 2547 530 2610 operata
549 2548 584 2594 esi
607 2548 707 2595 nostram
721 2545 828 2594 salutem.

66 2623 90 2666 a.
105 2621 228 2682 Praeterea,
247 2617 334 2668 nullum
348 2631 418 2680 agens
439 2616 555 2680 corporale
575 2615 701 2666 efficienter
718 2614 765 2678 agit
784 2614 831 2665 nisi

70 2727 101 2789 (1)
123 2730 168 2775 Vei
187 2731 219 2774 nic
242 2742 283 2786 per
301 2727 453 2785 emphaticam
475 2727 697 2784 interrogationem,
712 2735 773 2770 rere.
795 2723 829 2768 2:

35 2792 164 2848 Numquid
174 2791 312 2837 oddreor‘oto
328 2795 352 2836 et
362 2790 470 2848 pernota
488 2791 554 2850 socia
577 2793 609 2835 ert
623 2799 710 2833 monor
726 2799 794 2836 meo,
805 2789 833 2832 ut

38 2856 189 2911 nonpossint
205 2853 346 2902 redimere?
358 2852 408 2902 Διιι
419 2865 471 2902 neo
484 2857 518 2902 eet
534 2854 564 2900 io
580 2865 617 2898 me
630 2852 710 2898 dirtos
723 2849 755 2896 od
776 2847 833 2896 iide-
935 2853 936 2890 i

40 2916 167 2966 roodom?
