1917 3317
278 225 309 265 D!
324 223 476 264 umboni)
492 223 595 266 cursat.
791 215 838 262 543

19 302 54 352 in
68 300 124 365 ejus
137 300 246 364 pusione
255 304 281 354 et
294 305 376 365 marte,
388 302 480 366 quando
494 319 508 350 u
517 315 558 366 per
570 299 686 366 proprium
701 299 838 365 sanguinem

22 371 137 422 introivit
145 371 169 420 in
182 373 265 423 saneta
274 388 306 436 ,r
321 378 348 424 ut
358 373 441 423 dicitur
451 373 538 434 Heba,
546 373 584 423 ix.
596 373 641 423 Sed
653 371 729 438 passio
742 376 766 422 et
775 385 837 422 mors

23 443 121 496 Christi
139 443 289 497 ueneritis
311 447 432 506 eternum,
448 443 572 495 weunddn
597 444 652 494 illud
677 445 755 500 idom..
776 444 804 492 vt
829 459 835 492 :
925 463 929 474 ν

25 532 45 564 (ι
56 514 163 566 chriam
179 528 299 579 resurgens
318 514 439 569 tmurtuis
451 517 500 580 jam
514 529 560 567 uon
573 516 677 568 moritur.
692 531 706 562 u
725 515 784 579 Ergo
803 527 840 566 sa·

27 586 164 638 cerdatium
175 587 262 640 curisti
275 601 321 638 non
335 588 378 639 erit
391 588 416 637 in
430 593 550 639 eternum.

67 663 90 707 a.
116 658 244 720 preterea,
262 660 365 711 Christus
380 664 416 710 est
438 662 544 712 sacerdos
569 673 615 711 non
633 657 757 709 secundum
777 658 836 720 mand

27 731 105 790 Deus,
120 730 160 785 sed
170 729 296 782 seeundum
309 732 370 795 quod
379 733 456 782 homo.
471 731 516 781 Sed
529 731 632 781 Christus
646 729 782 794 quandoque
793 742 839 780 non

29 801 79 852 fuit
88 802 173 864 homo,
184 801 272 855 seilicet
284 801 310 854 in
322 803 398 854 triduo
411 802 501 854 mortis.
515 803 573 866 Ergo
584 801 736 853 sacerdotium
751 798 838 853 curisti

32 885 82 923 non
97 871 166 922 estin
179 876 297 922 aternum.

67 944 113 994 Sed
126 947 205 994 nunna
222 948 269 1007 est,
285 945 345 1009 qued
358 944 440 996 dieitur
452 945 477 997 in
492 945 559 998 Paul.
571 945 617 995 cix
630 959 636 994 ι
654 962 668 993 «
678 944 713 994 Tu
727 956 751 994 es
764 955 837 994 sacer-

32 1018 77 1067 dos
92 1015 118 1064 in
131 1019 249 1066 aeternum.
265 1032 280 1064 u

67 1086 233 1151 (Coucensro.
247 1115 280 1126 -
293 1086 378 1140 Christi
397 1086 563 1148 sacerdotium,
576 1099 623 1138 non
645 1087 719 1151 quoad
735 1085 837 1140 sacrificii

33 1157 190 1219 oblationem,
213 1159 253 1209 sed
275 1160 349 1224 quoad
373 1159 477 1210 sacrificii
497 1157 794 1223 consummationemque
815 1158 840 1208 in

32 1229 106 1280 bunis
119 1231 213 1280 sternis
229 1230 347 1293 censistit,
362 1234 475 1281 aternum
489 1229 562 1293 fuit.)

69 1302 205 1366 Respondes
225 1301 362 1365 dicendum,
376 1302 437 1366 qudd
454 1303 478 1352 in
492 1301 568 1353 officio
587 1301 711 1352 sacerdotis
725 1300 768 1351 duo
782 1313 839 1365 pos-

35 1374 94 1426 sunt
110 1372 268 1424 considerari:
285 1372 359 1436 prinu
378 1373 488 1436 quidem,
503 1373 553 1437 ipsa
572 1371 659 1422 oblatio
673 1370 790 1432 sacrificti3
804 1385 840 1422 se·

34 1442 125 1505 eundd,
140 1443 192 1506 ipsa
210 1444 316 1496 nuntiati
329 1444 504 1494 consummatio.
518 1445 573 1504 Quae
593 1443 683 1507 quidem
697 1442 801 1493 uousistit
814 1443 839 1492 in

33 1516 81 1566 hee
94 1515 155 1578 quod
168 1515 203 1565 itti
222 1528 264 1579 pru
279 1514 360 1579 quihus
376 1515 511 1566 sacrificiunt
524 1514 633 1577 offertur,
649 1514 716 1564 finem
735 1513 838 1562 sacrificii

32 1589 213 1648 coaequantur.
230 1586 294 1638 Finis
304 1589 379 1636 autem
388 1585 494 1636 sacrificii
508 1587 566 1650 quod
581 1585 683 1635 drusus
692 1583 782 1646 obtulit,
793 1596 840 1633 nen

31 1658 130 1707 fuerumt
145 1657 204 1707 buna
219 1657 370 1721 temporatia,
384 1659 425 1708 sed
442 1661 540 1718 aterna,
553 1671 603 1720 qua
621 1669 662 1721 per
673 1657 723 1720 ejus
743 1658 839 1705 mortem

31 1728 192 1792 adipiscimur.
204 1730 267 1780 Unde
275 1729 358 1780 dicitur
366 1729 450 1785 θεὸν..
461 1729 503 1792 ΙΧ,
514 1728 575 1793 qudd
586 1728 715 1778 «Christus
725 1731 762 1778 est
770 1727 840 1778 assis-

32 1805 87 1851 tens
105 1800 212 1853 Pontifex
235 1801 363 1852 futurorum
382 1802 507 1858 bonorum
530 1816 544 1848 u
563 1801 651 1852 ratione
670 1800 736 1864 eujus
759 1799 841 1849 Christi

32 1872 187 1924 saserdutium
200 1872 283 1926 dieitur
296 1885 347 1924 esse
363 1872 388 1922 in
402 1877 521 1923 eternum.
533 1873 561 1922 Et
570 1873 620 1923 haec
629 1872 720 1936 quidem
735 1883 842 1922 cousum-

32 1945 108 1997 mauu
122 1942 229 1996 uenfleii
241 1943 539 2008 christi,1rrafigurairatur
551 1943 576 1993 in
590 1946 635 1994 troc
649 1944 700 2007 ipsu
711 1944 772 2006 qued
782 1941 842 1994 Pon·

33 2015 93 2067 dies
110 2013 169 2079 legis
180 2016 252 2068 semel
265 2016 291 2069 is
302 2028 362 2067 anne
370 2028 423 2066 eum
433 2014 545 2078 sanguiue
554 2014 613 2064 hirci
624 2019 648 2065 et
662 2014 729 2064 rituti
743 2013 841 2066 intrabat

32 2088 61 2140 in
72 2088 156 2141 Sancta
173 2090 299 2138 saneturum
309 2124 319 2151 ‚
329 2090 356 2139 ut
372 2086 455 2138 dieitur
468 2087 691 2148 Leuit.,XV1,eurn
707 2090 782 2135 tamen
794 2084 841 2134 hir-

34 2171 90 2209 cum
110 2162 135 2208 et
148 2157 244 2212 vitulum
267 2171 313 2211 nou
334 2159 463 2210 irnmotaret
478 2158 504 2208 in
522 2158 611 2209 Sanctis
634 2162 779 2220 sanaturum,
801 2158 841 2208 sed

34 2235 110 2283 extra
130 2230 159 2282 Et
177 2230 284 2284 similiter
296 2229 437 2284 Cttnstusin
458 2233 536 2280 sancta
552 2234 696 2291 sanctorum,
708 2229 731 2279 id
755 2234 802 2294 est,
817 2229 841 2279 in

35 2304 115 2370 ipsum
129 2301 210 2354 eoelum
222 2301 435 2363 innatantia
448 2302 508 2352 riarn
520 2302 610 2367 paravit
622 2301 729 2364 intrandi,
740 2313 783 2366 per
795 2301 842 2351 vir·

37 2377 111 2426 tutem
124 2373 243 2437 serarius
251 2373 296 2436 sui,
306 2387 374 2438 quern
387 2387 429 2438 pru
443 2374 510 2424 nobis
522 2374 615 2423 interra
628 2373 716 2424 etdudit.

71 2446 106 2500 ad
119 2445 217 2509 primurn
230 2459 285 2510 ergo
301 2446 439 2507 dicendum,
455 2445 516 2508 qudd
529 2446 606 2496 Sancti
622 2446 739 2510 quierunt
756 2446 780 2495 in
801 2457 842 2514 pa·

39 2516 102 2579 tria,
115 2530 162 2569 unu
171 2517 305 2580 indigebunt
316 2516 411 2567 ulterius
426 2515 514 2579 expiari
527 2529 568 2580 per
581 2517 731 2570 suuerdotium
748 2515 841 2582 christi;

40 2589 82 2640 sed
100 2588 184 2652 expiati
197 2589 244 2652 jam
258 2587 391 2652 indigebunt
409 2588 559 2638 consummari
574 2602 615 2652 per
627 2589 702 2653 ipsum
715 2587 841 2650 Christum,

39 2661 54 2714 ι
67 2674 114 2724 quo
126 2660 197 2723 guda
209 2673 287 2713 eurum
300 2660 426 2723 dependet3
441 2660 502 2709 unde
511 2659 595 2709 dieitur
604 2662 690 2726 Apus„
703 2660 769 2720 XXI,
781 2659 842 2723 qudd

41 2731 213 2787 «natusest
229 2730 344 2786 tuumne
353 2731 450 2794 suun
466 2732 555 2782 widrat
565 2732 681 2786 ciuitatem
691 2731 835 2791 assurum,

41 2821 54 2852 s
67 2805 91 2855 et
104 2804 195 2854 lucerna
210 2802 261 2867 ejus
274 2807 309 2854 est
322 2805 411 2867 dgnus.
425 2818 439 2850 u

67 2877 104 2930 ad
117 2876 241 2932 secusdum
262 2874 400 2940 duddan,
413 2873 475 2940 qued
486 2873 538 2926 litet
551 2875 628 2940 passio
643 2877 668 2928 et
682 2887 743 2928 mers
755 2873 842 2928 diruti

42 2949 69 3000 de
83 2951 163 3000 uetere
175 2960 222 3000 nun
232 2945 278 2998 sint
291 2945 407 3008 iteranda,
422 2949 499 3003 tanen
511 2946 585 3002 virtu
595 2947 658 3006 itlius
676 2945 755 2998 hostie
769 2944 841 2998 send
