1917 3317
215 205 217 208 ¹
240 157 273 195 ns
288 153 436 194 mansionum
451 154 594 196 numam.
774 148 819 195 llt'l

85 226 184 284 lltrlun
194 233 332 296 dicendum,
346 231 405 296 quod
420 231 543 282 secuudim
554 232 680 284 doctrinam
693 234 785 296 Domini
797 234 822 284 in

59 301 136 362 ultibus
148 304 270 356 sanctitatis
284 304 341 355 nihil
354 303 457 354 homines
468 303 544 355 lacere
553 305 635 357 debent
645 310 737 371 propter
749 319 823 370 appa·

59 373 133 424 reulum.
144 377 199 436 Quod
213 375 332 442 praecipue
349 376 459 439 contingit
472 378 563 439 qnando
579 378 661 442 ailquis
680 378 765 443 aliquid
780 391 823 429 no·

59 456 95 492 un
106 445 156 512 lacit;
170 451 231 500 undo
245 450 425 514 chrysostomus
437 447 493 498 dicit
505 463 582 512 super
596 451 709 499 liciti:
724 450 822 500 uorans

57 513 97 564 nilil
106 530 171 570 norun
183 521 254 572 iaciat
270 521 332 584 quod
346 519 457 584 aspiciant
470 519 582 580 homines,
596 520 633 570 vel
645 516 772 582 clamando,
784 521 822 572 uel

56 592 115 663 pectus
122 594 267 658 percutiendo,
279 592 317 643 vel
330 605 410 643 manus
422 591 587 656 expandend03
598 608 612 639 s
625 592 679 655 quia
689 592 776 643 scilicet
787 607 817 643 ex

55 670 92 719 apsa
102 662 178 715 cunule
189 665 296 715 homines
305 664 401 714 reddunt
412 664 512 713 intentos
525 664 554 714 ad
564 663 759 714 considerandum.
771 665 819 713 Nec

56 731 112 778 tanen
122 734 179 786 omnis
188 735 283 786 nouitas
295 735 395 785 intentos
409 735 494 785 iaciens
506 736 612 786 homines
625 735 654 785 ad
669 735 821 786 consideran-

57 798 107 864 dlu,
117 807 288 868 reprehensibilis
305 810 354 870 est;
367 811 442 872 potest
458 807 518 858 euim
536 810 559 857 et
573 807 633 859 beni
648 811 671 858 et
690 806 748 857 male
759 807 818 858 lieri.

55 870 100 922 l'nde
116 876 242 940 Augustinus
260 878 316 929 dicit
335 878 359 927 in
378 878 417 929 lib.
439 879 468 928 ll.
484 880 522 928 De
536 893 649 929 sermome
667 879 774 928 Domini
780 875 822 928 ’ἐπ

52 947 319 1020 montelmp.19uclcap.
331 950 381 1013 ia),
392 950 451 1014 quod
460 968 473 999 u
481 951 520 1014 qni
530 950 555 1000 in
567 949 707 1015 professione
716 950 822 1001 christia·

50 1016 109 1066 nrtalis
120 1018 218 1074 inusitato
234 1021 340 1086 squalore
355 1035 381 1072 ac
390 1022 492 1073 sordibus
503 1023 605 1072 intentos
615 1022 640 1071 in
650 1035 675 1072 se
688 1022 767 1072 oculos
778 1023 821 1072 lao—

48 1086 116 1138 miunn
126 1091 180 1157 lauit,
191 1093 248 1144 ¹crint
264 1093 289 1143 iul
305 1094 421 1144 voluntate
434 1093 518 1158 iaciat,
536 1107 583 1143 nou
594 1093 731 1158 necessitate
744 1092 822 1156 palia·

49 1159 84 1220 tur,
91 1171 114 1209 e1
127 1165 205 1216 celem
220 1166 273 1230 ejus
287 1165 396 1229 operibus
412 1170 487 1229 potest
498 1164 605 1229 cognosci
617 1163 692 1214 utrium
709 1165 753 1215 hoc
764 1177 819 1214 cou-

49 1230 115 1293 leuptu
126 1237 226 1300 superflui
234 1237 321 1299 cultris,
328 1251 358 1287 an
366 1249 395 1288 ex
404 1237 527 1289 ambitione
534 1237 609 1301 aliqua
618 1235 693 1286 iaciat.
700 1253 714 1284 n
722 1235 824 1288 Maximi

48 1306 106 1352 autern
122 1307 218 1359 silentur
236 1311 282 1360 laoc
302 1321 349 1370 nou
368 1321 397 1359 ex
422 1308 543 1360 ambitione
560 1309 635 1359 iacere
656 1307 768 1371 religiosi,
784 1307 824 1372 qni

51 1369 129 1425 halitum
139 1379 199 1430 rilem
216 1381 340 1441 delerent,
353 1379 418 1443 quasi
432 1379 522 1444 signum
543 1393 589 1432 sne
605 1378 767 1445 professionis,
780 1391 826 1444 qua

51 1448 173 1514 contcnptnm
186 1454 267 1504 mundi
279 1451 423 1518 profitentur.

208 1795 378 1868 QUAES'IIO
397 1795 624 1862 CLXXXVIII.

87 1935 270 1999 inreligiosum
282 1941 415 1994 varietate,
430 1941 461 1985 s'n
474 1943 526 1985 octo
541 1941 660 1986 articulos
675 1941 765 1986 diuiso.

68 2084 141 2140 letale
153 2091 339 2142 considerandum
350 2094 385 2142 est
403 2091 430 2141 de
448 2090 574 2141 differentia
591 2089 736 2153 religionum.

69 2155 89 2206 lit
98 2159 149 2210 circa
162 2163 206 2213 hoc
223 2164 356 2226 queruntur
370 2165 422 2214 octo
445 2179 450 2212 :
467 2165 495 2214 1⁰
508 2161 589 2212 lltrlam
601 2161 648 2212 sint
662 2162 759 2212 diverse
772 2163 825 2212 reli·

49 2225 118 2294 sones,
129 2233 163 2282 rel
175 2247 219 2285 una
229 2233 327 2284 tactim.
338 2238 366 2282 2⁰
377 2232 459 2284 Uiriam
471 2233 547 2297 aliqua
558 2234 641 2298 religio
651 2232 741 2283 institui
752 2221 825 2297 possiI

52 2298 71 2342 al
81 2311 135 2362 spara
146 2305 199 2356 ritae
212 2305 301 2356 actium.
321 2310 347 2355 3⁰
360 2304 439 2356 Utrlarn
455 2305 531 2369 aliqua
543 2305 623 2370 religio
639 2305 713 2369 possit
726 2304 826 2354 ordinari

54 2367 210 2446 lluiitaudum,
222 2381 248 2427 4⁰
261 2378 341 2430 Utrim
355 2377 428 2442 possit
442 2375 534 2428 institui
545 2377 619 2440 aliqua
634 2375 715 2440 religio
727 2375 756 2426 ad
766 2388 826 2439 prae·

56 2444 156 2511 urunluu,
167 2453 189 2500 et
200 2450 331 2514 hujusmodi
342 2463 411 2516 opera
425 2449 561 2500 exercenda.
575 2453 601 2498 5⁰
611 2447 691 2498 Utrim
704 2447 777 2512 possit
786 2446 826 2496 ali·

56 2518 87 2589 ill
95 2515 156 2582 algio
169 2521 261 2572 institui
271 2523 297 2572 ad
310 2522 410 2572 studium
424 2521 533 2571 scientie.
547 2525 574 2569 6⁰
587 2519 667 2570 lltrlam
681 2519 825 2583 religioque

53 2581 138 2639 nrlnnatu
149 2593 257 2643 advitam
267 2592 466 2658 contemplativam
481 2591 511 2642 sit
521 2591 597 2656 pollor
605 2591 633 2641 et
646 2605 699 2654 que
710 2591 827 2642 ordinatur

54 2651 74 2698 al
87 2658 172 2715 activam.
184 2669 212 2714 7ο
221 2665 301 2718 Uiritm
314 2666 398 2718 hahere
410 2665 497 2730 aliquid
509 2664 534 2714 in
544 2664 659 2715 communi
672 2663 788 2714 diminuat
797 2664 825 2714 de

61 2810 146 2934 Im:
159 2829 205 2939 55ss
223 2831 361 2888 paenitentias
374 2831 448 2878 status
462 2834 499 2877 est
508 2828 577 2886 justis
590 2828 646 2886 ipsis
660 2832 756 2886 llr⁰llm
771 2837 824 2871 ³¹¹⁸·

152 2919 159 2950 ,
208 2923 214 2938 .
