1917 3317
202 179 234 216 oo
251 177 460 222 eonssoosnrrsos
477 181 596 218 ιιιιιοιιιιι.
756 173 801 221 teo

55 249 86 309 ipis
102 253 134 301 est
143 265 191 304 vern
207 269 214 304 ι
229 255 311 304 roomo
328 255 562 318 factiosorum,
576 256 717 322 pslmista,
733 259 802 310 Dens

52 327 89 371 tos
101 324 223 375 esthemo.

53 395 82 442 <ot
92 401 159 447 eontrn
171 403 215 458 est,
226 399 289 460 quod
298 397 452 449 Damascenis
460 399 514 450 dicit
523 400 548 450 in
557 401 596 451 lli.
608 401 650 451 lib.
667 401 734 467 (etp.
747 403 778 467 ι)
791 419 797 454 :

52 465 84 512 ion
95 469 202 520 nominem
211 469 342 520 deificatum
357 470 460 535 dicimur,
472 474 512 522 sed
525 473 599 522 Deum
611 474 772 525 nomenoium.
782 491 797 522 o

52 549 71 583 oo
91 544 156 589 sutem
176 545 215 590 est
235 540 285 590 tisri
306 542 394 604 neom,
413 543 473 605 quot
490 543 599 594 deificari.
614 545 674 608 Ergo
693 547 744 596 hee
764 551 802 597 est

52 619 67 652 n
80 625 84 654 :
98 613 168 660 Homo
177 614 267 676 foetos
280 615 318 660 est
332 614 404 662 Deos.

66 679 189 734 toxesosro.
207 710 240 720 -
255 681 314 732 clim
328 683 353 732 ιιι
367 684 408 734 linc
420 686 575 749 propositione
588 686 680 750 proprio
697 693 799 753 accepts,

53 765 85 798 no
104 756 183 816 foelus
206 760 245 805 est
264 763 343 810 oens,
363 768 407 806 vox
422 757 532 820 (homo)
555 759 697 822 personalem
716 761 800 811 hebeat

52 824 190 892 positionem,
204 839 306 892 persone
319 832 396 878 eutem
412 827 464 877 Filii
483 830 524 879 ltei
538 843 629 894 semper
647 831 800 894 eonstiterit,

52 905 61 937 ιι
71 907 110 944 osso
124 897 206 948 falsam
221 897 370 962 perspicuum
383 899 445 962 est.)

52 960 158 1026 “tesponteo
173 969 310 1030 dicendum,
325 967 384 1030 qood
400 969 442 1019 ista
456 969 599 1032 propositio:
613 973 692 1021 Homo
716 973 803 1036 faetus

66 1036 129 1097 trees,
144 1039 268 1104 tripliciter
287 1043 367 1102 potest
383 1039 479 1102 intelligi
495 1056 501 1088 ε
517 1053 564 1090 noo
583 1043 668 1104 morlo,
687 1043 720 1092 ite
740 1043 803 1105 qnod

65 1110 195 1174 portieipium
206 1111 307 1159 ⁴Ferotos
327 1110 463 1160 determinet
476 1111 578 1162 absolute
590 1113 629 1162 nel
652 1113 799 1176 subjeetum,

62 1182 207 1244 predicatum
221 1185 246 1230 et
258 1181 284 1230 in
299 1182 345 1230 hoo
358 1193 425 1231 senso
438 1185 474 1232 est
488 1183 564 1246 falso,
578 1183 633 1246 quie
645 1197 721 1247 neque
731 1186 802 1235 nomo

53 1259 124 1314 ³trpoo
133 1255 195 1305 [teus
206 1253 355 1318 predicatur,
365 1256 400 1302 est
411 1254 497 1313 lectus,
511 1268 587 1316 neque
602 1257 662 1305 [teos
671 1260 708 1305 est
718 1257 802 1315 laetos,

60 1324 100 1372 ιιιι
118 1325 217 1376 dicetur.
232 1325 261 1373 Et
281 1325 323 1374 solt
343 1325 421 1375 eodem
441 1339 511 1375 sensu
530 1328 580 1375 lieo
598 1330 633 1376 est
650 1326 722 1381 tarso,
737 1328 805 1376 Deos

57 1400 125 1443 norst
145 1397 234 1454 homo.
252 1396 296 1446 Sed
316 1395 359 1445 sub
379 1397 421 1446 hoe
440 1409 511 1447 sensu
528 1410 574 1446 non
588 1397 698 1459 qttaeritnr
716 1397 753 1446 nio
775 1398 804 1447 de

52 1469 262 1530 *propositionibus
279 1466 329 1518 Alio
347 1469 412 1518 modo
422 1472 501 1532 potest
514 1467 629 1530 intelligi,
645 1471 671 1516 ιιι
684 1468 708 1531 lp
718 1469 805 1530 foetos

52 1539 127 1588 minet
140 1539 356 1604 compositionem,
372 1544 397 1587 ut
414 1540 443 1588 ειι
460 1552 559 1598 sensus,
571 1542 645 1588 tremo
665 1540 751 1602 foetos
766 1546 803 1588 est

52 1619 82 1662 to,
93 1608 112 1657 id
128 1617 176 1674 est,
192 1613 297 1675 foetum
316 1612 354 1660 est
373 1613 403 1658 ot
416 1611 490 1660 nomo
508 1612 544 1660 ειι
563 1611 639 1659 Deos.
656 1611 685 1658 st
704 1610 748 1658 snb
759 1610 805 1659 hoe

52 1691 70 1723 so
85 1685 172 1746 iitroque
187 1685 226 1732 est
244 1695 299 1732 vera
307 1717 316 1743 ‚
331 1685 356 1730 et
368 1679 440 1730 nonno
454 1683 541 1745 foetos
554 1685 591 1730 est
606 1683 686 1736 Deos,
701 1684 725 1730 et
739 1683 806 1730 Deos

52 1753 82 1794 no
93 1756 125 1799 est
144 1757 234 1803 nomo.
249 1753 295 1802 Sed
314 1751 353 1802 hie
372 1765 419 1802 non
440 1757 476 1802 est
496 1751 604 1816 proprius
625 1764 706 1802 sensus
724 1752 806 1802 harum

57 1833 142 1884 nonme,
157 1825 206 1876 nisi
235 1821 295 1872 torte
315 1823 455 1886 intelligetur
476 1823 602 1873 secondom
622 1824 681 1886 qood
696 1823 719 1886 lp
732 1822 806 1872 nomo

69 1895 126 1944 ιιιει
142 1895 294 1960 personalem
317 1894 516 1958 suppositionem,
530 1895 571 1944 sed
589 1893 735 1957 simplicem3
753 1895 808 1943 licet

52 1975 63 2008 n
76 1966 106 2014 ttie
115 1969 185 2018 nomo
200 1980 251 2018 non
264 1967 296 2017 sit
307 1966 384 2016 foetus
394 1965 463 2026 Dens,
474 1965 583 2030 quiahoc
594 1965 746 2028 suppositum,
757 1965 802 2014 sei·

53 2041 57 2078 t
72 2051 160 2097 persona
182 2037 241 2090 Filii
259 2038 313 2101 liei,
334 2039 362 2086 ab
377 2039 460 2087 eterno
480 2036 525 2086 fult
543 2037 620 2099 Dens,
636 2039 712 2085 temen
726 2037 807 2091 homo,

53 2110 143 2161 oiioiter
161 2110 296 2174 loquendo,
313 2122 357 2159 oon
379 2122 470 2172 semper
493 2107 538 2158 init
557 2108 628 2157 Deus.
643 2107 720 2157 'lertio
741 2107 807 2156 modo

64 2178 87 2227 ne
107 2183 256 2246 intelligitur,
271 2179 398 2230 secunditm
418 2180 478 2242 qood
496 2181 541 2228 noo
558 2177 704 2242 perticipium
719 2180 808 2242 sartos

61 2257 66 2294 t
80 2254 129 2310 fieri
142 2256 207 2305 eirea
221 2252 343 2304 hominem
362 2252 386 2301 in
402 2255 506 2316 respectu
518 2252 545 2300 ed
557 2253 629 2301 ileum
641 2251 701 2299 sicot
721 2251 749 2298 erl
762 2252 808 2298 ter·

62 2335 84 2366 :in
96 2325 212 2376 sectionis.
230 2324 261 2373 Et
276 2324 301 2372 in
316 2324 457 2382 hessones,
473 2321 592 2386 supposito
603 2321 662 2385 quod
679 2321 705 2370 ιιι
716 2320 809 2370 Christo

52 2394 113 2443 *ilem
128 2409 232 2460 persona
251 2399 276 2445 et
292 2395 424 2459 hypostasis
441 2398 465 2444 et
478 2394 623 2458 suppositum
639 2393 683 2442 Dei
697 2397 722 2442 et
734 2391 811 2441 homi-

72 2471 89 2510 ιι
101 2469 164 2532 sopri
178 2472 305 2519 ostensum
318 2470 354 2516 est
367 2466 426 2529 (qu.
438 2469 462 2528 ι,
473 2470 517 2514 ert.
530 2469 543 2512 3
554 2473 571 2525 ι,
584 2463 628 2513 iste
637 2461 762 2527 propositio
774 2467 811 2512 est

52 2549 73 2580 o:
85 2539 128 2596 prio
142 2539 196 2590 enm
213 2537 302 2588 dicitnr
320 2551 326 2585 :
342 2537 423 2585 Homo
439 2537 524 2600 foetos
540 2540 578 2586 eet
596 2537 674 2590 Deus,
686 2535 709 2598 lp
722 2533 808 2594 nomo,

84 2612 220 2667 personalem
238 2606 422 2672 suppositionem
433 2606 475 2672 (t).
488 2608 539 2657 Non
550 2606 610 2656 enim
625 2618 677 2655 esse
685 2606 761 2654 Deum
770 2615 811 2652 ve-

63 2685 97 2724 -ttt
110 2681 135 2731 de
152 2681 253 2732 homine
264 2677 355 2729 ratione
368 2679 475 2742 huinanoe
486 2682 574 2728 oeturae
584 2716 591 2739 ,
603 2677 645 2728 εει
657 2674 746 2725 ratione
755 2685 810 2734 sup

57 2827 71 2884 ¹,
85 2833 128 2879 lien
140 2849 168 2882 ex
177 2836 253 2882 dubie
266 2832 402 2892 hypothesi,
412 2831 452 2876 sed
464 2843 493 2877 ex
503 2831 634 2877 assertione
648 2832 711 2873 rorte
719 2835 810 2897 ‘secon-

54 2909 63 2926 ,ι
72 2892 136 2950 tilieto:
151 2900 231 2956 quetis
244 2905 328 2942 contro
344 2894 499 2941 Nestorionos
514 2901 537 2938 et
549 2894 608 2938 alios
620 2894 643 2935 in
655 2902 707 2935 eom
719 2897 811 2942 impru-

109 3006 137 3044 pp·
670 2985 699 3030 tt
