1917 3317
145 178 193 229 uta
305 194 365 236 ruas
382 198 780 263 un‚ou1sr.mum,naa.m.

143 267 202 317 siout
221 268 373 336 Hieronymus
395 277 450 327 dicit
468 296 545 343 snper
564 286 633 343 luet,
648 292 670 338 et
686 288 710 339 in
728 292 822 355 Epistola
840 292 859 342 ta
871 288 901 336 riu

144 340 212 389 unius
228 344 319 405 uxoris,
335 350 360 395 ut
374 348 507 403 Ambrosius
525 354 550 405 in
572 355 613 405 lib.
636 360 657 409 1.
679 362 716 411 De
735 365 831 427 Spiritu
846 366 900 412 snnrb

144 409 203 473 (cap.
221 413 255 474 3).
271 415 314 463 Sed
327 417 417 479 quibam
432 421 645 490 ineruntbaptizati
660 432 900 494 nummulariorum

143 479 256 533 habebant
274 487 366 549 plenam
383 493 490 543 notitiam
506 498 635 551 Trinitatis.
653 504 713 567 Ergo
727 520 770 557 non
783 511 842 557 mant
855 508 894 567 brut

143 552 209 601 nandi
221 555 302 605 iterium
314 560 428 624 baptismo
439 566 532 617 Christi.

175 628 198 674 ⁵.
214 628 342 690 Praeterea,
364 634 442 691 Rom,
464 638 499 697 X,
513 654 583 704 super
604 643 660 696 illud
675 662 681 695 ε
699 650 770 700 ufloc
789 654 821 701 est
840 648 899 699 nertin

142 692 194 743 fidei
207 734 213 755 ,
229 700 290 759 qnod
308 704 474 770 praedicamus,
490 724 504 756 u
520 712 575 762 dicit
588 715 670 767 Glossa
683 720 800 784 Augustini
812 723 845 787 (en
855 722 901 768 too

142 764 242 830 LXXX.)
263 770 291 817 ira
311 778 384 824 loun.
402 792 439 825 :u
452 780 517 831 Unde
534 788 570 833 ost
588 784 633 836 ista
653 793 716 841 unta
736 793 803 843 uirtus
820 797 901 855 aqnbti

142 848 224 899 corpus
238 846 325 904 tangat,
340 850 364 895 et
375 860 415 896 eor
424 849 510 915 obluat,
525 853 568 903 nisi
583 856 683 910 faciente
696 862 774 922 uerbo,
786 876 826 915 non
837 864 875 927 quir
883 860 902 906 o·

142 905 211 970 titur,
227 912 266 960 sed
280 914 333 975 quin
344 918 454 981 cruditum
470 938 485 969 n
494 937 524 973 ex
537 940 584 989 quo
594 933 659 992 patet
679 932 740 997 quod
753 936 820 986 virtus
830 934 897 997 brpnrn

141 977 257 1039 dependet
275 996 303 1033 er
321 986 375 1037 fide.
399 992 445 1041 sud
468 994 539 1045 torma
561 998 670 1063 baptismi
687 1006 782 1057 Joannis
803 1008 901 1069 signinum

142 1048 209 1099 iidem
220 1051 315 1117 Cbnsti,
328 1057 352 1106 in
368 1074 413 1123 qua
423 1076 466 1113 nos
476 1066 630 1134 baptizamur3
643 1074 699 1125 diuit
710 1078 771 1127 enirn
780 1080 850 1128 Paulus
861 1079 902 1125 Art·

141 1118 213 1169 xlx:
234 1126 358 1179 «loannes
378 1132 507 1196 baptizabat
528 1140 641 1204 baptismo
657 1148 796 1209 poenitentis
814 1150 893 1213 populun:

141 1189 228 1253 dicens,
239 1194 263 1244 in
277 1210 331 1248 eum
344 1203 384 1265 qni
395 1209 549 1260 uenturus-est
562 1217 615 1276 post
626 1215 711 1282 ipsum,
727 1224 754 1269 ut
766 1221 868 1273 crederent.
877 1221 902 1265 br'

140 1265 176 1309 est
188 1262 213 1313 in
225 1266 313 1320 Jesum.
328 1289 342 1319 u
358 1275 417 1339 Ergo
430 1277 522 1329 uidetur
539 1283 600 1345 quod
617 1300 664 1337 nou
682 1293 798 1354 oportebat
813 1293 901 1356 bapti-:nn

139 1331 252 1395 baptismo
265 1340 373 1408 ioannis,
385 1347 469 1399 iterum
483 1351 592 1415 baptizari
608 1358 725 1423 baptismo
743 1363 827 1413 Christi.

171 1408 215 1457 Sed
227 1416 306 1461 auntra
319 1419 364 1478 est,
374 1420 436 1479 qnod
453 1425 594 1485 augustinns
610 1430 668 1480 diuit
680 1446 759 1497 super·
769 1438 831 1485 Joou.
844 1434 895 1497 (Tuti

138 1476 177 1541 t)
195 1494 229 1528 2«
240 1481 284 1539 Qui
297 1485 406 1550 baptisati
426 1499 480 1543 sunt
498 1496 635 1561 baptismate
657 1504 769 1571 ioannis,
784 1508 876 1572 oportebat
888 1514 901 1549 r:

139 1548 309 1612 baptizarentur
323 1558 460 1623 baptismate
474 1566 593 1618 Christi.»
876 1648 878 1653 ,

171 1621 180 1684 (
187 1622 331 1679 Gonunusro.
343 1656 375 1668 —
388 1634 472 1685 Omnes
484 1638 609 1702 baptizatos
621 1644 737 1709 baptismo
747 1649 897 1711 toanniuttnn·

139 1706 217 1743 rursus
227 1696 340 1761 baptismo
350 1702 458 1767 baptizari
471 1710 579 1774 oportuit,
588 1726 634 1775 quo
643 1718 694 1769 solo
707 1724 733 1770 et
743 1724 862 1773 mannua
870 1728 896 1763 ⁵³·

137 1762 193 1812 lutis
203 1769 275 1828 gnatia
287 1772 466 1841 conferebatur.)

168 1836 305 1900 Respondeo
318 1844 452 1912 dicendum,
471 1850 675 1915 quodomnium
694 1863 887 1927 opnionenbpu

137 1904 161 1955 ia
178 1908 208 1957 lt.
221 1911 273 1960 dist.
293 1916 337 1974 tt,
350 1918 429 1975 Sena,
442 1921 475 1971 nn
489 1924 528 1985 qui
542 1926 651 1991 baptizati
671 1939 727 1984 sunt
746 1936 854 1995 ituanne,
864 1945 898 1981 ns·

136 1978 223 2029 mentes
241 1982 351 2045 Spiritum
370 1996 474 2041 sanetum
491 2006 556 2057 esse,
572 2011 599 2048 ao
618 2012 684 2065 spem
705 2012 815 2069 ponentes
829 2008 848 2057 ta
860 2006 899 2052 ibn

136 2048 258 2118 baptismo,
274 2062 353 2119 postea
367 2061 474 2125 baptizati
486 2071 538 2116 sunt
549 2070 663 2133 baptismo
677 2076 764 2129 Christi
771 2096 777 2142 ;
789 2080 818 2130 illi
828 2076 900 2152 mppr·

136 2134 201 2183 speon
216 2138 261 2176 non
278 2137 403 2190 posuerunt
416 2134 440 2183 in
452 2137 564 2201 baptismo
576 2142 679 2209 toronis,
689 2153 712 2197 ot
725 2152 810 2202 Patrem
818 2155 838 2201 et
846 2149 884 2198 anu

135 2197 159 2242 et
175 2194 284 2258 Spiritum
298 2207 400 2252 sunctum
413 2210 544 2273 eredebant,
557 2224 605 2263 non
620 2214 717 2269 inerunt
730 2227 807 2285 postea
818 2222 895 2285 buptirt

135 2265 177 2314 sed
185 2265 329 2330 impositione
336 2288 444 2328 mannum
455 2281 485 2330 ab
494 2282 609 2346 Apostolis
620 2298 690 2353 super
700 2304 742 2343 eos
753 2294 814 2356 butu,
825 2294 876 2357 spii
883 2306 892 2335 o

135 2342 238 2388 unutnur
252 2350 394 2407 receperunt.
415 2350 444 2399 Et
456 2352 500 2403 boo
515 2355 607 2418 quidem
624 2371 708 2412 verum
723 2370 773 2429 ust,
786 2371 875 2431 qnantum
886 2377 893 2405 =¹

134 2407 229 2471 primurn
246 2418 350 2481 partum,
365 2422 425 2484 quod
439 2424 518 2475 multis
535 2430 711 2485 auctoritatibus
730 2436 898 2489 commutante

133 2480 241 2541 quantiam
257 2488 285 2535 ad
302 2493 424 2542 Quodam
444 2502 534 2559 pantena
549 2505 584 2551 est
600 2504 695 2567 penitus
712 2509 895 2583 irrationobiiooni

133 2550 230 2601 dicitnr:
244 2556 317 2616 primo
331 2563 437 2625 quidum,
448 2570 501 2629 qnia
512 2571 639 2635 baptismus
651 2577 747 2631 ioannis
759 2594 828 2646 neque
837 2584 899 2643 garam

132 2623 278 2687 conterebat,
291 2642 366 2693 neque
379 2636 534 2692 characterem
545 2645 707 2714 imponebat,
718 2656 758 2703 seat
768 2659 815 2704 orat
827 2653 883 2703 sotir
892 2673 901 2695 a

131 2702 203 2755 aqua,
215 2701 242 2744 ut
251 2696 350 2759 ipsemet
360 2704 415 2753 dicit
422 2712 530 2772 flattu,
540 2714 583 2779 1113
595 2720 656 2769 unde
667 2720 694 2770 in
704 2724 821 2787 baptisatis
831 2725 876 2773 ides
884 2736 899 2761 b

130 2769 183 2819 ⁸90⁸
195 2778 261 2825 quam
279 2770 426 2824 babebantin
440 2780 573 2849 Christum,
589 2800 634 2838 non
647 2796 807 2853 poterutbuuc
820 2796 905 2847 deiectu.

128 2831 244 2891 supplere.
254 2838 372 2905 secundo,
387 2847 441 2907 quio
459 2856 551 2913 manto
565 2857 590 2909 iu
611 2870 757 2918 sumomonto
767 2869 871 2919 omitum
883 2880 904 2911 u.

128 2894 182 2951 quio
196 2906 256 2961 quod
273 2913 309 2957 est
326 2912 355 2961 de
369 2918 505 2973 necessitate
519 2930 673 2995 sacramenti,
689 2947 737 2986 uun
756 2939 827 2991 solum
839 2946 911 3004 opunti·
