1917 3317
589 179 685 227 290
991 190 1113 227 uns
1145 189 1227 238 ιιι,
1261 188 1449 235 οιιεετ.
1482 189 1554 237 w,
1587 188 1703 226 aar.
1739 190 1797 226 11.

657 266 727 316 Ad
760 269 970 328 quartum
1005 266 1248 317 dicendum
1269 303 1283 326 ‚
1315 268 1436 329 quod
1470 266 1693 331 perfectio
1742 266 1917 315 univers

593 337 814 402 perfectio
854 336 990 387 unius
1026 351 1263 400 personae,
1293 339 1368 388 vel
1410 338 1664 402 suppositi.
1711 337 1791 387 sed
1833 337 1917 400 ejus

592 423 740 459 uuum
774 408 1001 472 positione
1026 410 1100 459 vel
1139 410 1326 473 ordine,
1355 410 1487 473 cujus
1527 409 1733 473 plurimae
1781 412 1917 472 partes

595 482 932 546 assumptibiles
951 521 964 542 ‚
995 487 1046 532 ut
1084 484 1255 533 dictum
1285 487 1370 534 est.
1399 483 1526 534 Unde
1551 481 1825 547 teilnquitur
1849 479 1917 545 qui

592 557 696 604 tura
721 556 920 605 humana
949 553 1007 604 sit
1031 555 1381 619 assumptibilis.

1193 732 1515 785 ARTICULUS
1547 735 1605 786 11.

882 860 1051 905 Utrum
1070 859 1223 903 filius
1238 860 1331 903 Dei
1350 859 1660 915 assumpserit
1676 870 1917 915 personam

674 988 741 1038 Ad
780 986 1025 1038 secundum
1064 985 1132 1042 sio
1162 986 1421 1049 proceditur
1445 985 1535 1048 (1).
1571 986 1762 1035 Videtur
1789 986 1912 1051 quod

608 1059 903 1123 assumpserit
942 1071 1204 1122 personam.
1251 1058 1368 1107 Dicit
1410 1057 1531 1106 enim
1583 1058 1894 1108 Damascenus

612 1144 715 1194 cap.
746 1134 833 1193 11,
862 1130 991 1193 quoti
1019 1130 1162 1179 Filius
1202 1129 1281 1179 Dei
1326 1128 1574 1190 assumpsit
1616 1130 1865 1179 humanam
1914 1144 1917 1178 1

612 1207 801 1257 atomo,
818 1202 865 1251 id
884 1206 969 1265 est,
992 1206 1045 1251 in
1067 1200 1358 1251 individuo.
1380 1200 1470 1249 Sed
1491 1200 1774 1250 individuum
1798 1203 1917 1253 ratio·

612 1279 682 1323 est
704 1287 915 1338 persona,
937 1278 991 1324 ut
1024 1278 1149 1338 patet
1169 1287 1251 1336 per
1273 1272 1481 1321 Boetium
1505 1274 1553 1321 in
1569 1271 1649 1321 lib.
1683 1273 1758 1321 De
1778 1273 1917 1323 duab

612 1351 659 1394 et
686 1360 784 1394 una
806 1360 1017 1409 persona
1040 1345 1257 1396 Christi.
1286 1346 1401 1407 Ergo
1420 1343 1558 1393 Filius
1581 1344 1662 1393 Dei
1689 1345 1917 1409 assumpsi

676 1422 723 1465 2.
745 1419 992 1479 Praeterea,
1019 1419 1324 1467 Damasi-,enus
1352 1416 1483 1475 dicit,
1517 1414 1637 1478 quod
1656 1415 1851 1465 «Filius
1883 1418 1917 1465 D

614 1502 667 1539 ea
692 1503 792 1552 quae
818 1488 869 1539 in
901 1494 1060 1540 natura
1085 1492 1237 1538 nostra
1268 1488 1508 1551 plantavit.
1535 1503 1562 1533 »
1587 1486 1824 1537 plantavit
1852 1494 1917 1537 aut

614 1561 919 1611 sonalitatem.
957 1563 1072 1625 Ergo
1103 1562 1249 1610 Filius
1270 1559 1351 1609 Dei
1374 1558 1617 1622 assumpsit
1646 1572 1912 1621 personam.

679 1637 723 1683 3.
751 1635 973 1683 Praeterea
995 1672 1008 1697 ,
1040 1634 1155 1683 nihil
1185 1632 1469 1682 eonsumitur
1490 1630 1577 1681 nisi
1609 1631 1729 1691 quod
1758 1635 1849 1680 est.
1881 1632 1917 1681 S

613 1704 704 1754 tius
725 1705 806 1754 111.
830 1705 938 1755 dicit
975 1708 1026 1754 in
1063 1706 1292 1769 quadam
1328 1702 1582 1753 Decretnlz'
1605 1703 1700 1766 (2),
1724 1702 1848 1766 quod
1882 1720 1910 1751 «

614 1776 896 1839 consumpsit
929 1791 1170 1841 personam
1203 1777 1417 1826 hominis.
1459 1792 1486 1822 »
1515 1776 1632 1839 Ergo
1670 1774 1854 1825 videtur
1877 1791 1917 1840 qi

614 1848 815 1900 hominIs
844 1848 984 1898 fuerit
1009 1850 1138 1913 prius
1164 1853 1417 1912 assumpta.

678 1920 769 1969 Sed
793 1925 951 1972 contra
977 1925 1072 1982 est,
1109 1922 1228 1983 quod
1267 1921 1548 1981 Augustinus
1571 1918 1685 1970 dicit
1710 1919 1761 1970 in
1787 1921 1871 1972 lib.
1902 1924 1917 1970 l

613 1995 775 2049 Petra,
810 1995 947 2056 (cap.
984 1993 1043 2055 2)
1082 2008 1093 2042 :
1131 1992 1252 2056 quod
1278 2008 1305 2039 «
1334 1994 1452 2043 Deus
1484 1997 1690 2041 naturam
1725 1992 1917 2042 hominis

612 2076 705 2114 non
734 2077 997 2127 personam.
1021 2080 1047 2111 »

649 2137 650 2140 ’
688 2140 701 2200 (
720 2137 1010 2187 Οοιιοιυειο.
1037 2162 1098 2173 -
1113 2134 1224 2187 Cum
1241 2148 1435 2199 persona
1454 2149 1542 2185 non
1559 2134 1917 2199 praeiutelligatu

603 2210 778 2257 'natura
805 2208 1130 2271 assumptioni,
1153 2210 1231 2257 sed
1255 2208 1398 2271 magis
1426 2221 1474 2257 se
1507 2209 1668 2257 habeat
1690 2213 1744 2256 ut
1767 2209 1917 2259 termi1

610 2278 781 2342 tionis,
809 2279 949 2329 Filius
979 2279 1058 2329 Dei
1077 2280 1199 2329 nullo
1224 2279 1355 2328 modo
1378 2280 1622 2328 humanam
1650 2280 1902 2343 assumpsit

673 2352 949 2415 Respondeo
987 2352 1254 2414 dicendum,
1285 2350 1408 2413 quod
1446 2351 1613 2414 aliquid
1657 2351 1827 2401 dicitur
1858 2366 1917 2403 as}

610 2423 734 2486 quod
758 2424 814 2473 ad
851 2423 1019 2487 aliquid
1059 2422 1284 2473 sumitur:
1309 2422 1432 2471 unde
1457 2422 1570 2472 illud
1596 2422 1717 2485 quod
1749 2425 1917 2474 assumi

606 2494 903 2561 praeintelligi
947 2494 1277 2558 assumptioni,
1302 2495 1418 2544 siout
1451 2494 1562 2544 illud
1599 2494 1718 2557 quod
1758 2500 1917 2547 movet

674 2601 736 2665 (1)
766 2607 899 2651 Locis
929 2606 980 2651 in
998 2611 1088 2652 art.
1116 2606 1309 2662 subseq.
1330 2605 1524 2657 notatis.

672 2675 739 2740 (2)
769 2680 906 2736 Apud
945 2679 1270 2726 Innocentium
1306 2678 1378 2722 vel
1406 2678 1453 2722 in
1486 2677 1805 2723 Decretalibus
1847 2692 1917 2725 no:

602 2742 685 2787 sed
704 2743 933 2799 colligitur
955 2754 1014 2785 ex
1031 2742 1242 2798 Epistola
1265 2739 1455 2786 Concilii
1479 2739 1846 2787 Fractordieusis
1872 2745 1917 2788 a<

579 2805 857 2866 sHispanioe.
893 2804 1021 2857 Quod
1051 2809 1207 2849 autem
1233 2803 1525 2860 subjungitur
1552 2803 1675 2847 velut
1705 2815 1763 2847 ex
1792 2805 1917 2863 Aug}

601 2868 773 2925 pluries
805 2871 1014 2911 notatum
1040 2867 1266 2925 Ful-gemit
1302 2866 1454 2925 potius
1491 2878 1594 2911 esse
1622 2866 1744 2911 inter
1781 2878 1917 2925 opera

601 2929 850 2989 rejectum,
883 2934 1000 2977 tom.
1043 2931 1130 2977 111.
1158 2935 1162 2939 ’
1472 2949 1480 2956 ·

778 3020 801 3052 t
