1917 3317
125 190 170 240 lot
202 199 311 239 sncunnu
327 199 455 251 suenrus,
471 197 563 246 onnsr.
580 198 714 251 nummu,
730 200 785 239 arr.
803 202 841 239 ιιι.

122 276 336 341 lib.llVlll,o.1l,
353 278 459 341 «justum
471 277 553 327 bellum
564 277 666 339 estquod
676 290 704 327 ex
719 277 794 328 edicto
808 273 911 342 imperiali

122 351 216 414 geritur.
232 365 246 395 u
261 348 317 397 Ciam
337 362 391 411 ergo
405 349 505 412 religiosi
520 348 566 398 sint
579 350 681 412 quaedam
698 349 792 412 privatas
805 361 914 414 personae,

122 420 211 471 ridetur
225 420 284 483 quod
298 435 342 472 uon
357 423 424 472 liceat
438 421 473 472 eis
488 421 572 471 bellurn
584 434 676 485 gerere;
691 421 759 472 etita
774 422 802 471 ad
819 422 863 472 boe
875 432 913 469 non

121 496 198 557 potest
213 492 300 542 institui
315 493 392 569 aliqrp
410 492 499 556 religio.

152 565 195 615 Sed
215 568 292 615 eontra
314 569 363 626 esi,
384 567 443 628 qrrosl
466 564 604 629 Augustinus
621 565 677 615 dicit
698 565 734 614 od
759 566 914 630 bonifacium

123 632 208 701 (Epist.
222 636 294 698 CCV)
306 653 312 686 ι
332 638 408 687 «Noli
423 637 554 687 existimare
567 637 681 687 neminem
695 638 741 686 Deo
758 637 851 701 plaeere
861 647 917 701 posse

120 709 195 773 quiin
211 709 278 759 armis
292 709 379 760 bellicis
394 709 522 771 ministrat;
538 708 562 758 iu
578 709 615 759 bis
629 709 696 758 etiam
711 712 760 758 erat
771 712 866 758 sanetus
879 708 917 756 lla-

118 780 171 844 nid,
181 781 217 830 oui
228 781 335 831 Dominus
345 795 450 844 magnum
463 781 618 831 testimonium
628 779 749 846 perhibuit.
761 780 830 830 »Sed
841 780 870 831 ad
879 782 917 829 boc

119 851 228 902 institute
240 856 293 902 sunt
309 853 437 916 religiones,
450 857 474 902 nt
483 853 587 904 homines
600 854 645 903 lleo
658 852 772 915 placeant.
788 851 852 915 Ergo
865 850 915 901 nibil

118 925 222 988 probibet
236 925 332 987 aliquam
347 924 477 987 religionem
489 924 579 974 institui
590 926 618 974 ad
631 925 786 974 militandum.

150 995 308 1057 (Coucnnsro.
322 995 463 1059 -Cougrue
479 994 567 1045 institui
583 997 612 1046 ad
631 996 773 1045 militandum
788 995 870 1060 aliqua
889 1008 917 1045 re·

118 1067 173 1129 bgio
186 1071 273 1132 potest,
289 1082 334 1119 non
349 1068 440 1131 peridem
460 1072 552 1132 propter
563 1067 645 1133 aliquid
665 1067 821 1128 mundanum,
840 1070 880 1119 sed
898 1067 919 1116 ιι

119 1139 191 1189 divini
200 1139 280 1200 cultris,
289 1140 325 1189 vel
334 1140 430 1203 publicu
441 1140 535 1204 salutis,
546 1141 583 1190 vel
593 1153 717 1204 pauperum
729 1142 751 1189 et
760 1151 918 1203 oppressorum

123 1209 286 1260 defensionem.
299 1209 308 1275 )

149 1282 283 1345 Βιιροιιιιο
295 1281 424 1344 dicendum,
438 1283 500 1346 quod
515 1282 575 1332 sicut
588 1281 719 1332 dictumest
736 1281 794 1344 (art.
805 1282 859 1347 Ξ),
875 1283 924 1333 reli·

118 1351 155 1417 gio
174 1351 262 1402 institui
276 1356 351 1416 potest
367 1367 412 1403 non
429 1353 501 1403 solbm
516 1356 543 1403 an
563 1366 629 1416 opera
647 1353 701 1403 vitm
720 1355 920 1418 contemplative,

118 1424 157 1474 sed
171 1424 240 1473 etiam
255 1425 282 1473 ad
295 1428 364 1488 opera
376 1423 819 1488 vitoaettvae,inp1anormpertiuent
833 1429 863 1476 ad
874 1427 922 1477 sub-

117 1494 247 1545 ventionem
257 1495 409 1560 proximorum
419 1499 444 1546 et
456 1495 589 1558 obsequium
600 1496 653 1556 liei,
668 1500 799 1544 nouantem
816 1497 843 1547 ln
854 1512 924 1562 quan-

118 1568 166 1615 tum
174 1566 290 1630 pertinent
302 1569 328 1617 ad
338 1566 420 1630 aliquid
434 1568 573 1617 mundanum
583 1567 743 1617 obtinendum.
755 1567 924 1620 potestantem

117 1638 218 1688 officium
232 1639 329 1689 militare
343 1638 442 1689 ordinari
456 1640 484 1688 ad
498 1638 673 1689 subventionem
690 1637 869 1705 proximorum,
882 1655 924 1692 nou

118 1711 190 1761 solim
208 1715 318 1776 quantum
335 1713 362 1761 ad
381 1711 481 1775 privatas
494 1726 615 1776 personas,
627 1712 667 1762 sed
683 1711 749 1761 sliam
765 1719 884 1775 quantum
902 1718 925 1763 ιι

118 1783 189 1833 totius
208 1783 336 1848 reipublice,
356 1784 529 1846 defensionem
545 1785 605 1836 nube
623 1785 651 1834 ιιι
669 1785 725 1834 luda
744 1785 893 1848 liacbabaeo,
910 1788 924 1835 l.

117 1856 239 1912 Moetob..
255 1857 302 1915 lll,
315 1856 396 1905 elicitur
410 1856 468 1920 quid
484 1873 498 1904 (ι
511 1858 656 1921 praeliabatur
669 1856 771 1920 praelium
786 1858 861 1910 lsrael
878 1875 927 1910 cun

117 1928 209 1989 letitia,
224 1931 248 1979 et
264 1927 366 1977 dilatauit
381 1927 462 1991 populo
478 1936 519 1978 suo
533 1929 662 1991 gloriam.»
675 1928 869 1982 Ordinarieliarn
886 1947 926 1996 po-

117 2002 162 2050 test
178 2001 206 2049 ad
223 1999 420 2050 conseruationem
439 1999 511 2049 (lirini
533 2000 619 2059 eulttrs;
634 2001 695 2050 unde
713 1999 799 2049 ibidem
823 2005 930 2054 subditur

117 2072 196 2122 ludam
209 2072 293 2122 dixisse
308 2086 313 2120 :
327 2088 341 2119 o
350 2073 396 2122 Nos
406 2072 556 2136 pugnabimus
568 2085 609 2136 pro
621 2072 738 2122 animabus
748 2073 837 2124 nostris
850 2083 879 2127 et
894 2077 929 2125 le-

118 2144 183 2206 gibus
200 2143 297 2204 nnstris;
316 2159 329 2190 u
344 2146 368 2194 et
387 2142 461 2205 iniri,
477 2145 545 2205 lllll,
566 2143 621 2193 dicii
642 2144 719 2193 Simon
735 2159 741 2193 ε
760 2161 774 2191 o
790 2145 841 2196 vos
863 2149 931 2199 scitis

118 2219 202 2274 quatita
219 2227 261 2278 ego
275 2218 299 2264 et
314 2215 394 2265 iratres
408 2215 454 2265 mei
472 2220 496 2266 et
514 2217 593 2266 lomus
611 2215 683 2280 patris
701 2215 746 2265 mei
766 2216 866 2269 lecimus
890 2234 934 2284 pro

117 2286 205 2349 legibus
219 2289 242 2336 et
258 2299 300 2350 pro
317 2289 401 2337 sanclis
415 2287 526 2351 praelia.»
542 2288 606 2338 Unde
620 2286 785 2338 convenienter
798 2293 883 2353 potest
895 2293 933 2341 in-

92 2391 94 2394 >
117 2357 182 2408 stitui
195 2356 271 2421 aliqua
280 2357 359 2420 religio
371 2358 399 2407 ad
408 2359 561 2419 militandum,
575 2372 620 2408 non
630 2359 720 2422 quidem
730 2363 825 2423 propter
835 2362 935 2427 aliquid

119 2430 270 2488 mundanum,
283 2429 323 2479 ssd
340 2434 431 2494 propter
441 2430 596 2481 defensionem
610 2430 680 2480 diuini
693 2429 768 2479 cultris
782 2435 807 2480 et
821 2433 936 2496 publisae

120 2500 213 2561 salutis,
225 2501 261 2550 uel
277 2502 345 2550 etiarn
362 2515 487 2565 pauperum
502 2505 525 2552 et
540 2515 714 2566 oppressorum,
727 2501 854 2552 seeundbrn
873 2506 938 2555 illud

33 2594 34 2598 =
118 2570 186 2620 Psoi.
200 2570 289 2621 Llllllll
301 2587 306 2620 τ
320 2572 429 2636 «Eripite
443 2585 583 2636 pauperem,
599 2575 623 2622 et
635 2586 730 2636 egenum
745 2572 773 2622 de
789 2585 861 2623 manu
873 2591 944 2641 peo-

119 2642 200 2692 oatoris
213 2643 315 2694 liberate.
325 2659 339 2690 u
830 2640 836 2654 ¹

149 2714 184 2763 sd
195 2714 293 2777 primum
304 2729 356 2779 ergo
365 2717 494 2779 dicendum,
508 2715 570 2781 qnbd
579 2716 660 2779 aliquis
668 2718 745 2779 potest
756 2730 802 2767 nou
811 2717 940 2773 resistere

118 2786 178 2836 malo
194 2786 328 2851 dupliciter:
344 2801 390 2837 uno
407 2789 487 2849 modo,
502 2789 654 2840 condonsmlo
667 2788 782 2852 propriam
795 2789 945 2856 injuriam,

118 2864 142 2909 et
155 2859 188 2910 sio
205 2862 281 2923 potest
297 2860 325 2909 ad
338 2860 502 2924 perlectionem
521 2860 652 2925 pertinere,
668 2861 758 2923 quaudo
771 2859 805 2911 ita
819 2863 875 2912 beri
897 2881 945 2917 ex.

118 2931 182 2993 pedit
200 2930 336 2981 adsalutem
350 2930 460 2995 aliorum,
474 2931 520 2982 alio
534 2933 614 2996 modo,
625 2932 741 2984 tolerando
754 2932 876 2996 patienter
895 2939 944 2991 in-
