1917 3317
133 196 181 245 dot
317 206 378 243 ears
394 206 437 253 nr,
453 204 548 249 ouasr.
565 202 639 251 xxxv,
655 200 708 238 aar.
725 200 749 237 r.

131 283 260 346 subjeetum
272 282 403 342 hujusmodi
416 280 532 329 filiationis
548 292 630 343 capax.
646 277 708 335 Quod
720 276 807 338 quidem
820 283 863 322 esse
874 276 906 315 not

131 359 223 419 potest,
243 353 318 416 ipsum
342 352 402 400 enim
430 350 575 413 srrpposilrrm
596 354 707 399 aeternnm
729 360 773 395 non
793 347 863 409 potest
877 351 911 388 ear

139 425 294 486 susceptivum
310 422 425 471 relationis
439 422 588 484 temporalis,
605 424 629 468 ut
641 420 725 468 dictum
744 422 791 474 esdr
805 430 846 464 nec
857 414 910 475 pund

133 496 180 547 dici
193 496 252 558 qrriul
265 495 294 542 sit
303 492 458 555 susceptivum
470 491 585 541 filiationis
596 488 727 553 temporalis
736 488 821 536 ratione
830 488 909 533 hurum·

133 570 233 627 natrrree,
254 565 312 613 sicut
327 565 394 613 etiam
411 567 434 611 et
452 563 582 624 temporalis
597 560 737 619 natiuitatis,
752 557 803 621 quia
824 559 902 620 oporte.

133 641 237 686 naturam
258 637 379 683 humanam
398 633 525 696 aliqualiter
538 646 590 682 esse
608 633 721 694 sujectum
743 629 861 685 filiationi,
875 625 891 671 si

134 713 170 758 est
188 707 315 769 aliqualiter
328 706 431 767 sunjoma
445 703 568 753 nativitati.
586 702 642 751 Cdm
663 703 725 751 enim
741 700 844 762 AEtlriops
857 694 902 745 dil*

135 779 200 827 albus
213 777 299 825 ratione
311 776 387 825 dentis
398 813 404 834 ,
415 778 504 839 oportet
518 774 579 835 qudd
593 774 710 836 AEtlriopis
725 774 780 821 dens
791 771 823 820 sit
833 768 898 818 alnelr

136 850 273 910 subjectum.
289 848 373 896 Natura
381 850 455 894 antem
467 847 567 893 hnmana
584 845 725 893 nullomodo
740 846 870 907 potestesse
882 834 912 883 ei·

133 920 220 983 jectum
237 918 364 976 filiationis,
380 917 432 980 qnia
448 918 497 964 lrrec
509 916 589 965 relatio
603 915 692 965 directe
706 914 803 977 respicit
814 923 888 977 persor
902 924 903 933 ¹

168 994 201 1040 Ad
216 992 339 1040 secundnm
351 991 482 1048 dicendum,
496 988 555 1051 qnod
568 989 647 1037 filiatio
656 993 745 1037 aeterna
755 1001 800 1036 non
811 985 900 1048 depenl'

136 1068 209 1111 matre
219 1061 353 1125 temporali3
370 1061 410 1109 sed
423 1060 477 1108 lrnic
493 1059 596 1109 filiationi
609 1064 702 1109 aeternae
716 1058 874 1117 cointelligitur
885 1067 894 1113 a

135 1134 187 1183 dam
205 1138 324 1196 respectus
333 1131 464 1194 temporalis
475 1130 631 1193 dependensd
643 1135 728 1193 matre,
739 1127 860 1179 secundino
871 1140 902 1186 pa

137 1205 241 1255 Christus
253 1204 334 1253 dicitnr
344 1203 404 1252 filius
419 1203 507 1251 matris.

170 1276 204 1325 ltd
217 1276 308 1324 tertium
319 1276 448 1330 dicendum,
461 1272 522 1335 qrrdd
538 1287 618 1321 uuum
632 1276 655 1321 et.
668 1286 713 1320 ene
727 1286 755 1321 se
770 1276 896 1332 conmanunt

137 1350 165 1397 ut
175 1347 256 1397 dicitnr
270 1349 293 1396 in
308 1348 347 1395 lV.
360 1348 502 1409 Meropops.
518 1346 546 1393 Et
560 1344 628 1402 ideo,
643 1344 704 1391 sicut
719 1344 834 1406 contingit
847 1340 886 1402 quo

137 1432 185 1468 uno
197 1422 348 1471 extremorum
362 1417 442 1465 relatio
459 1416 489 1464 sit
507 1416 620 1478 quoddam
635 1427 694 1475 ens,
709 1414 734 1462 in
755 1415 801 1463 alio
815 1418 898 1462 antemi

137 1488 169 1539 sit
183 1502 234 1548 ens,
249 1489 288 1537 sed
302 1488 360 1536 ratio
372 1486 460 1536 tantiam
476 1486 544 1548 (sicut
558 1487 586 1535 de
597 1484 671 1533 scibili
687 1487 712 1533 et
727 1485 828 1535 scientia
845 1482 907 1531 errit-

137 1562 199 1624 plms
218 1560 272 1609 dicit
287 1560 312 1607 in
329 1559 356 1606 V.
378 1557 551 1621 Metoplprn
571 1556 603 1604 ita
623 1555 692 1605 ctiam
714 1552 893 1619 contingitque

138 1636 203 1695 parte
221 1630 289 1679 unius
307 1628 402 1678 extremi
416 1634 452 1677 est
467 1641 514 1677 nna
529 1627 619 1686 relatio,
631 1639 660 1675 ex
675 1629 743 1688 parte
764 1632 842 1675 autem
856 1624 891 1671 atre

139 1702 236 1751 extremi
249 1704 303 1749 sunt
319 1700 396 1748 multae
416 1698 553 1760 relationes3
569 1696 629 1747 sicut
643 1696 668 1745 in
685 1695 822 1745 hominibus
840 1709 864 1743 er
881 1706 892 1753 p

139 1778 259 1837 parentum
284 1773 399 1822 invenitur
415 1772 500 1835 duplex
515 1770 609 1829 relatio,
624 1782 670 1817 una
692 1770 843 1831 paternitatis
860 1772 881 1816 et

139 1843 301 1905 maternitatis,
317 1858 367 1905 quae
388 1847 443 1891 srrot
463 1841 539 1906 specie
553 1840 702 1899 differentes,
720 1843 820 1902 propter
833 1841 872 1887 hoc
887 1850 896 1888 ι’.

140 1913 185 1963 alia
202 1914 287 1963 ratione
301 1918 379 1977 pater,
391 1916 415 1963 et
429 1911 472 1961 alia
488 1911 574 1961 ratione
585 1913 657 1959 mater
668 1914 705 1958 est
718 1909 872 1971 generationis
884 1921 894 1966 p

141 1985 242 2048 cipium3
262 1985 281 2034 si
303 1984 359 2034 rerd
381 1989 459 2034 essent
481 1984 571 2047 plures,
589 1982 670 2031 eadem
695 1981 789 2031 ratione
814 1984 889 2045 primu

140 2061 210 2106 unius
225 2054 456 2119 actionis(putdcirm
471 2053 538 2103 multi
552 2053 620 2103 simul
632 2054 729 2101 trahunt
749 2056 854 2114 narem),
869 2052 888 2096 in

141 2127 210 2177 nibus
223 2132 283 2177 esset
295 2140 340 2175 una
360 2131 383 2175 et
399 2128 478 2176 eadem
495 2123 583 2175 relatio.
600 2124 635 2171 Ex
652 2127 718 2185 parte
732 2126 811 2173 autem
829 2123 894 2187 prolis

141 2212 188 2247 una
200 2199 246 2249 sola
256 2198 333 2247 filiatio
344 2196 469 2247 secundlrm
480 2210 538 2255 rem,
547 2195 587 2244 sed
596 2193 679 2257 duplex
691 2194 822 2243 secundnm
831 2194 897 2241 rarior»

141 2266 290 2331 inquantum
306 2269 467 2331 correspondet
481 2267 573 2329 utrique
591 2264 697 2315 relationi
713 2271 855 2329 parentum,
869 2279 891 2311 se

142 2336 197 2387 diam
213 2339 269 2388 duos
280 2343 398 2402 respectus
413 2338 552 2389 intellectrls.
567 2336 596 2385 Et
611 2335 644 2385 sic
660 2336 730 2386 etiarn
745 2341 859 2399 quantum
871 2336 894 2381 ad

142 2407 197 2471 qnid
217 2408 241 2457 in
254 2410 346 2459 Christo
365 2414 401 2460 est
419 2407 568 2459 arietantium
588 2407 668 2457 filiatio
689 2408 775 2468 realis,
788 2421 840 2471 que
852 2409 898 2454 iee‘

142 2481 232 2529 Patrem
252 2484 376 2543 aternum3
394 2487 429 2531 est
446 2485 524 2531 tamen
537 2480 570 2530 ilai
584 2479 643 2530 alius
665 2485 792 2543 respectus
814 2486 900 2541 tempu.

141 2551 184 2613 qni
197 2552 292 2614 respicit
305 2556 401 2601 matrem
419 2552 578 2616 temporalem.
