1917 3317
260 212 291 249 uu
307 210 501 250 nusuruucnour
516 210 621 251 cunrsrr.
794 199 841 251 ιιι

26 288 62 340 ab
80 286 142 351 ulio,
155 298 203 339 nou
221 291 256 338 εει
271 300 317 339 sue
332 288 506 339 resurrectionis
521 300 598 338 cuum.
613 288 660 338 Sed
672 287 779 339 conetur
791 303 842 340 un-

25 362 121 411 citatus
136 362 182 423 est,
195 359 223 408 ab
238 359 297 422 alio,
313 359 436 411 secuudum
454 362 509 411 illud
528 362 596 417 Act„
611 361 631 410 ll
649 375 655 408 ε
672 376 686 408 u
696 361 768 419 Quem
779 362 842 412 oeus

29 430 176 493 suscitavit,
191 431 271 483 solutis
282 433 397 483 doloribus
407 433 506 497 inferni3
519 450 534 480 u
550 439 574 485 et
587 436 667 491 Rom„
679 434 731 482 tllll
747 449 754 483 ι
768 450 782 481 «
798 434 842 492 Qui

28 503 161 555 suscitavit
183 504 260 555 losum
281 504 395 555 Clusium
412 504 425 555 l
439 505 544 566 mortuis,
559 504 686 555 vivificabit
698 510 722 555 et
739 505 842 555 mortalia

28 588 135 639 corpora
155 580 247 640 nostra,
263 579 333 627 nete.
352 578 411 641 Ergo
423 578 528 628 Christus
539 590 586 629 nou
605 580 641 627 est
656 590 724 627 cauea
739 590 788 629 sue
805 590 843 627 re-

28 647 199 699 surrectionis,

67 724 95 768 e.
109 720 231 789 Preteree,
247 720 322 771 erulos
333 718 413 771 dicitur
431 722 513 773 mereri
529 721 569 785 qui
584 720 612 772 ab
629 720 674 772 alio
687 719 745 784 polit
757 719 842 783 aliquid

29 792 109 855 eujus
120 791 171 855 ipse
188 796 222 843 εει
233 805 308 842 causa.
323 788 368 843 seu
382 792 485 843 Christus
499 806 539 843 sun
553 793 659 857 passione
671 792 755 843 meruit
766 804 843 841 resur-

28 862 181 924 rectionem,
197 864 256 914 sicut
276 864 415 927 Augustinus
429 865 485 915 dicit
498 879 576 929 super
593 866 675 922 loon„
690 864 752 929 quil
767 865 842 914 «luu-

30 934 127 985 militas
149 934 263 998 passionis
282 934 387 1003 meritum
410 939 445 986 εει
469 936 545 999 glorie
561 937 742 987 resurrectionis.
759 952 773 984 ε
788 938 842 999 lpse

32 1006 112 1055 etiam
125 1006 193 1069 petiit
210 1006 224 1057 t
242 1008 309 1057 Patre
324 1019 349 1057 εε
369 1006 518 1070 resuscitari,
534 1006 658 1058 secundem
674 1008 730 1058 illud
744 1007 838 1057 Prolm.

31 1077 79 1127 XL
94 1092 100 1127 :
121 1094 135 1125 «
148 1078 183 1128 'lu
202 1081 277 1129 autem
291 1078 581 1143 contremiscerem,
598 1082 623 1129 ει
635 1079 743 1130 resuscita
764 1093 810 1130 me.
825 1096 839 1127 n

31 1150 100 1212 Ergo
113 1148 217 1199 nonfuit
231 1162 300 1200 ceusu
316 1163 364 1201 sure
377 1150 559 1201 resurrectionis.

72 1226 95 1267 3.
111 1220 234 1282 Pictorem
246 1221 305 1271 sicut
317 1222 469 1272 Damasceuus
479 1222 560 1285 probat
570 1222 595 1271 iu
603 1223 641 1272 lV.
657 1221 698 1271 tit.
711 1222 777 1286 (cup.
788 1222 840 1287 28),

32 1292 178 1343 resurrectio
192 1293 387 1355 monesterium
399 1295 438 1345 sed
449 1294 559 1358 corporis,
567 1294 628 1357 quod
641 1306 682 1359 per
694 1297 789 1343 mortem
803 1307 842 1344 cu-

33 1364 85 1415 dit.
99 1362 187 1428 Corpus
203 1366 279 1415 autem
293 1378 340 1416 nou
353 1368 430 1429 potest
443 1364 487 1415 sibi
500 1365 599 1415 animam
612 1366 691 1427 unire,
702 1378 753 1429 que
766 1368 803 1415 est
813 1378 841 1415 eo

34 1434 151 1487 nobilior.
163 1436 222 1499 Ergo
234 1437 257 1487 id
270 1438 329 1501 quod
346 1434 471 1489 resurrexit
489 1436 515 1487 iu
528 1435 634 1500 Christoj
647 1450 693 1489 uon
704 1436 778 1501 potuit
791 1448 841 1487 εεεε

34 1519 112 1559 carisa
126 1520 171 1558 suae
183 1509 363 1561 resurrectionis.

75 1579 122 1629 Sed
137 1584 213 1630 contra
233 1586 284 1643 εει,
299 1582 359 1646 quod
378 1580 487 1632 Dominus
505 1579 671 1636 meilocon„
686 1580 725 1629 li:
740 1596 754 1627 u
770 1578 842 1630 Nemo

35 1651 104 1703 tollit
116 1650 213 1701 animem
225 1664 297 1703 meam
314 1653 325 1702 l
338 1665 384 1714 me,
397 1653 436 1703 sed
449 1666 492 1716 ego
505 1666 565 1717 pono
576 1666 626 1703 eam
645 1651 764 1702 etiterum
777 1663 842 1701 sumo

35 1736 104 1775 eam.
116 1738 129 1769 e
139 1724 181 1774 Sed
196 1723 253 1773 nihil
268 1727 303 1774 εει
315 1724 374 1773 aliud
388 1737 507 1787 resurgere
520 1723 588 1786 quim
600 1723 681 1775 iterato
690 1722 789 1773 animum
801 1734 839 1771 su-

38 1806 117 1845 mere.
131 1796 187 1859 llrgo
200 1796 290 1846 uidetur
303 1795 364 1859 quod
383 1796 487 1846 Christus
507 1795 597 1861 proprie
609 1796 695 1845 uirtute
709 1793 840 1845 resurrexit.

78 1867 238 1931 (Conclusio.
254 1894 284 1907 -
297 1868 417 1930 Christus,
434 1866 560 1918 secundum
573 1866 681 1917 virtutem
698 1879 745 1917 rue
759 1864 843 1915 divini·

39 1938 114 1998 tatis,
128 1952 193 1989 causa
209 1939 253 1989 luit
270 1952 318 1991 sue
332 1938 521 2000 resurrectionis;
534 1937 660 1988 secunlum
677 1937 841 1987 humanitatem

43 2008 118 2071 uero,
136 2010 179 2061 luit
192 2011 206 2061 l
221 2013 267 2063 lieo
279 2016 303 2061 et
317 2025 362 2062 uon
377 2011 468 2075 propria
481 2012 567 2061 rirtute
578 2009 752 2072 resuscitatus.)

79 2081 211 2145 Respondeo
232 2083 370 2146 dicendum,
385 2082 445 2146 quod
464 2083 526 2133 sicut
547 2080 614 2146 suprl
636 2082 721 2131 lictum
739 2083 788 2143 est,
801 2092 843 2144 por

41 2155 139 2202 mortem
153 2166 196 2205 non
209 2154 253 2203 luit
264 2159 368 2219 separata
379 2153 499 2216 diviuitas,
514 2166 556 2203 nec
566 2154 595 2202 ali
607 2152 682 2202 anima
696 2152 790 2215 Christi,
798 2164 842 2201 nec

41 2225 133 2289 atejus
149 2239 222 2277 carue.
239 2230 319 2277 Potest
338 2226 408 2289 igitur
423 2231 470 2277 tam
485 2226 560 2277 anima
576 2225 662 2275 Christi
676 2224 760 2276 mortui
772 2223 841 2288 quim

41 2297 97 2361 ejus
115 2309 166 2347 caro
185 2298 324 2348 considerari
342 2296 462 2361 dupliciter
475 2314 480 2347 2
494 2310 540 2347 uuo
559 2297 641 2360 modo,
656 2298 743 2347 ratione
760 2295 842 2346 diuini·
933 2335 939 2347 .

41 2368 113 2431 tatis;
133 2368 274 2432 ullomodo,
295 2370 384 2421 ratione
402 2368 474 2433 ipsius
495 2372 581 2420 netmae
601 2372 695 2420 create.
714 2367 842 2419 secretim

37 2438 102 2505 gitur
113 2439 180 2491 unite
192 2440 317 2491 divinitatis
330 2441 454 2505 virtutem,
477 2446 500 2491 et
513 2454 595 2505 corpus
609 2440 733 2504 resumpsit
743 2438 842 2489 animem

43 2522 114 2575 quam
130 2512 278 2576 deposuerat,
290 2516 313 2563 et
324 2513 399 2563 enimn
411 2526 495 2577 corpus
506 2513 630 2578 resumpsit
642 2514 702 2577 quod
715 2511 843 2571 dimiseram

45 2585 71 2633 et
85 2582 130 2645 sic,
143 2582 245 2635 Christus
258 2585 349 2649 propria
360 2585 444 2635 riuute
458 2584 591 2635 resurrexit.
601 2586 630 2635 llt
638 2586 682 2634 hoc
690 2587 728 2633 εει
740 2582 802 2645 quod
814 2583 843 2633 de

45 2652 134 2705 Christo
151 2654 235 2707 dicitnr
247 2657 275 2707 ll.
290 2659 323 2707 od
337 2658 465 2715 Corinth„
483 2657 537 2717 ult,
557 2656 645 2720 quod«
663 2654 709 2704 etsi
722 2652 844 2704 crucifixus

46 2728 84 2775 est
100 2738 126 2777 er
135 2726 264 2779 infirmitate
276 2732 370 2791 nostru,
385 2729 425 2779 sed
436 2728 494 2779 vivit
505 2741 534 2779 ex
548 2729 632 2778 virtute
642 2727 692 2777 llei.
705 2725 754 2775 »Si
765 2729 843 2775 eutem

45 2795 212 2849 cousideremns
222 2812 304 2865 corpus
317 2804 341 2851 et
350 2800 450 2851 enimam
461 2798 550 2850 christi
560 2799 645 2850 mortui
657 2794 785 2847 secunlum
797 2798 843 2847 rir-

46 2872 117 2920 tuteu
130 2873 215 2924 nature
225 2876 315 2935 create,
327 2872 361 2923 sic
372 2886 418 2925 uon
431 2875 557 2937 potuerunt
569 2870 613 2921 sibi
626 2870 725 2922 invicem
739 2868 840 2931 reuniri,

43 2942 86 2996 sed
105 2945 202 3008 oportuit
221 2944 338 2999 corutum
357 2943 511 3001 resuscitarit
527 2945 585 2997 teo.
