1917 3317
169 185 204 222 nn
219 185 383 223 mucharione
400 185 558 233 sternamus,
573 185 628 221 aaa.
755 175 802 221 631

34 264 97 314 lestis.
109 281 125 310 s
137 262 235 311 Primus
245 265 319 310 antem
332 263 401 311 homo
410 265 446 311 est
458 263 539 323 hdam;
551 259 664 310 sacrandus
677 262 710 309 est
724 259 804 310 Chris-

33 378 36 385 .
52 340 111 400 lugo
126 333 243 416 Christus
262 346 308 382 uon
329 337 364 383 est
381 347 409 384 ex
425 333 508 396 hdam3
522 333 563 383 sed
579 333 649 382 hahet
662 331 691 380 ab
709 344 737 381 eo
751 331 805 380 dis-

33 419 79 457 hun
95 417 229 469 ungrnem.

33 488 44 527 l.
59 483 198 537 Praeterea,
214 475 333 538 conceptio
354 475 442 524 Christi
459 477 538 525 debuit
556 489 607 526 esse
621 471 721 523 maxime
735 470 805 522 mira·

38 568 70 601 sa.
86 552 136 602 Sed
150 548 232 612 majus
253 551 287 596 est
302 547 433 597 miraculum
447 547 544 598 lormare
561 561 644 610 eorpus
654 545 755 595 hominis
774 558 806 594 ex

33 644 44 668 u
63 633 145 678 lerrae‚
169 619 242 684 quim
258 633 286 668 ex
303 619 395 668 materia
416 621 532 680 humana,
548 633 597 680 quaa
619 619 646 667 de
663 617 733 665 hdam
754 619 805 664 tra-

34 712 56 743 n.
73 699 134 758 Ergo
149 693 248 742 uidetur
260 689 319 754 quhd
334 703 380 740 nnn
400 691 468 740 luerit
482 689 624 740 conueniens
642 688 756 738 Christum
777 685 806 734 ab

43 781 59 813 u
76 777 176 815 carnem
197 761 333 824 sumpsisse.
349 761 409 824 Ergo
425 762 522 822 videtur,
537 758 597 822 quid
617 771 699 821 eorpus
717 755 807 806 Christi

33 837 158 887 llehnerit
179 832 278 884 formari
292 833 320 882 de
338 845 411 882 massa
427 831 523 881 humaui
541 829 633 894 generis
652 829 757 879 derivata
777 827 807 878 ah

34 926 58 956 uu
68 949 72 968 ‚
83 911 125 959 sed
144 909 175 956 de
189 906 271 967 aliqua
284 905 327 954 alia
342 905 445 954 materia.

33 988 45 1028 l.
62 984 189 1039 Praeterea,
208 976 365 1040 peccaturum
378 977 438 1025 hune
450 976 559 1024 muudum
572 972 666 1024 intrauit
679 985 722 1036 per
735 985 807 1021 uuum

34 1069 100 1103 :mem
108 1093 118 1120 ,
140 1049 240 1102 scilicet
261 1061 301 1110 per
314 1047 401 1110 Adam,
417 1046 471 1110 quia
486 1059 565 1095 omnes
580 1046 604 1096 io
619 1058 647 1095 eo
667 1042 809 1105 originaliter

34 1132 111 1176 «rentes
125 1123 300 1190 peccaverunt,
311 1127 337 1170 nt
346 1123 408 1183 patet
418 1119 498 1175 llum„
507 1118 536 1167 tl,
547 1117 591 1168 Sed
601 1117 621 1167 si
631 1129 714 1180 corpus
723 1112 810 1164 Christi

33 1203 70 1244 -nt
87 1199 115 1248 ah
130 1197 216 1246 Adam
235 1192 429 1254 sumptom‚ipse
451 1191 519 1240 etiarn
539 1190 564 1238 in
583 1190 653 1238 hdam
669 1186 810 1250 originaliter

34 1275 77 1328 fel,
87 1267 191 1334 qrrando
204 1263 317 1327 peccavit.
328 1261 387 1324 Ergo
399 1267 517 1326 peceatum
527 1261 637 1324 originale
647 1259 810 1321 contraxisse&

48 1356 50 1385 r
67 1356 108 1390 uon
125 1337 237 1390 decebat
251 1334 337 1384 Christi
351 1335 483 1398 puritatem.
498 1335 549 1383 Non
561 1346 615 1394 ergo
628 1343 711 1394 eorpus
725 1327 812 1379 Christi

46 1418 164 1460 trimatum
181 1409 214 1457 de
229 1405 325 1454 materia
340 1409 432 1468 sumpta
446 1405 473 1454 ah
488 1403 567 1454 hdam.

34 1486 63 1531 ed
81 1487 172 1533 contra
188 1481 239 1538 est,
255 1476 316 1539 quod
330 1477 452 1539 Apostolus
464 1475 519 1524 dicit
531 1473 566 1523 ad
576 1471 693 1531 Hehr.,ll
706 1484 712 1518 :
726 1487 739 1517 n
752 1469 814 1519 hus-

49 1569 59 1601 u
73 1554 181 1617 angelos
193 1543 358 1613 apprehendit,
370 1565 383 1594 n
394 1547 482 1597 seilicet
498 1546 569 1595 Filius
582 1545 623 1594 ltei
635 1558 641 1592 :
653 1560 667 1590 n
677 1543 721 1592 Sed
734 1552 814 1590 semen

54 1627 82 1676 he
103 1619 310 1689 apprehendit.»
336 1619 420 1668 Semeo
434 1621 511 1666 autem
535 1617 628 1666 hhrahae
650 1617 763 1675 sumptum
778 1614 816 1660 est

45 1699 111 1746 alum.
137 1697 208 1757 Ergo
223 1703 308 1756 corpus
322 1689 406 1738 Christi
426 1687 470 1738 luit
488 1690 611 1738 formatum
630 1686 659 1735 de
672 1681 768 1733 materia
785 1693 816 1730 ex

47 1771 184 1830 assumpta.
770 1765 779 1785 ⁹

42 1850 192 1888 <semiusto
205 1859 240 1872 -
254 1833 312 1884 Ciam
331 1831 437 1882 Christus
449 1835 555 1879 naturam
568 1823 719 1890 assumpserit
729 1825 817 1872 huma-

40 1926 64 1962 n,
78 1915 101 1960 ot
115 1921 176 1960 eam
193 1905 207 1955 h
223 1904 371 1967 corruptione
386 1905 504 1966 purgaret,
514 1902 558 1949 luit
574 1897 714 1949 couveniens
728 1901 754 1944 ot
767 1906 818 1943 aar·

60 1997 85 2029 en
94 1979 200 2030 materia
220 1979 325 2027 sumeret
336 1975 363 2023 ab
375 1975 444 2022 aldam
457 1973 585 2032 derivata.)

50 2054 169 2115 spondeo
195 2049 339 2108 dicendum,
358 2044 418 2110 quod
443 2043 547 2094 Christus
568 2043 691 2090 humanam
713 2039 817 2085 naturam

51 2125 133 2184 upsit,
153 2126 184 2170 ut
200 2133 253 2170 earu
275 2115 451 2179 ieorruplione
470 2116 586 2178 purgaret.
601 2112 651 2160 Nou
670 2112 744 2158 autem
763 2119 819 2167 pur-

52 2209 81 2244 ue
89 2192 225 2256 'indigebat
239 2193 322 2238 natura
333 2188 433 2236 huruaua
443 2224 450 2246 ,
462 2179 510 2233 uisi
521 2180 645 2232 seeundhm
659 2177 719 2241 quod
734 2175 819 2224 inlecta

56 2281 93 2326 per
103 2265 231 2328 originem
242 2260 357 2318 vitiatam,
367 2271 412 2320 qna
427 2270 456 2305 ex
467 2255 537 2304 hdam
552 2251 713 2302 descendebat.
726 2247 754 2296 Et
764 2245 818 2294 ideo

55 2339 134 2387 eniens
147 2336 200 2385 luit
214 2335 242 2382 ut
254 2342 346 2380 caruem
363 2332 464 2377 sumeret
483 2339 514 2374 ex
526 2323 621 2372 materia
633 2322 662 2372 ah
675 2320 745 2368 hdam
758 2314 820 2366 deri·

44 2430 60 2463 t,
75 2413 100 2457 ut
116 2407 173 2471 ip-ar
197 2407 282 2452 natura
297 2413 339 2462 per
353 2395 533 2460 assumptionem
545 2398 670 2442 curaretur.

41 2481 60 2523 ul
76 2480 184 2540 primum
199 2485 256 2536 ergo
271 2471 412 2528 dicendum,
427 2468 488 2532 quod
507 2464 619 2516 secundus
636 2465 719 2521 homo,
737 2457 821 2518 idest,

54 2556 113 2610 slus,
130 2547 225 2599 dicitnr
239 2555 293 2594 esse
307 2542 335 2592 de
349 2540 423 2601 coelo,
439 2551 486 2588 uon
499 2535 591 2598 quidem
609 2536 718 2596 quantum
733 2527 759 2576 ad
772 2537 822 2574 ma·

51 2639 75 2669 -u
96 2617 229 2686 corporis,
247 2615 290 2665 sed
312 2614 351 2664 vel
370 2609 481 2675 quauthm
501 2608 530 2657 ad
549 2606 656 2655 virtutem
679 2597 823 2651 turmatiram

55 2696 95 2742 uris
109 2695 184 2758 ejus,
197 2689 239 2740 vel
255 2685 327 2737 etiam
343 2681 452 2746 quantiam
465 2680 492 2730 ad
510 2678 584 2740 ipsam
602 2675 653 2738 ejus
667 2668 821 2743 divinitatem.

56 2763 128 2815 ullum
145 2767 233 2814 autem
249 2755 369 2807 materiam
383 2767 467 2816 eorpus
481 2746 567 2800 Christi
577 2747 621 2796 luit
631 2751 753 2798 terrenum,
763 2734 824 2784 snm

42 2837 222 2958 difflatu
239 2899 383 2958 arenam,
400 2893 461 2960 quaa
485 2892 546 2944 siem
570 2886 639 2953 supra
663 2882 750 2935 uictum
769 2876 826 2935 aa,
