1917 3317
295 175 326 212 DE
342 173 416 213 snam
430 175 578 215 mmmm·
790 169 836 216 113

58 247 109 298 uenit
112 251 215 314 ,qnando
226 263 273 302 non
287 259 324 303 est
337 251 473 316 uoluntaria;
483 252 537 316 qnia
553 266 583 303 en
592 253 674 304 alleetu
683 255 836 319 congregandi
941 248 942 251 ’

57 321 157 386 pecunias,
170 337 236 387 quem
251 322 369 387 patiuntur
381 324 415 373 illi
427 324 467 389 qui
478 325 630 376 involuntarie
644 332 696 377 sunt
709 341 831 392 pauperes,

57 390 120 441 incidit
128 394 209 444 homo'
202 409 227 444 ιι
240 395 312 444 multa
321 399 425 458 peccata,
437 397 559 447 secundum
570 398 653 448 ιιιιιιι.
665 399 702 448 od
712 400 834 459 Timoth„

56 462 107 511 ult.
102 466 177 524 ,uQui
191 467 272 517 uolunt
285 466 366 518 elimtes
376 467 443 532 fleri,
454 468 577 519 incidunt'
571 483 595 518 nn
606 471 755 520 tentationem
769 471 818 522 et'
810 485 835 521 nn

54 532 141 596 laqueum
160 539 251 590 diaboli
267 555 282 586 ιι
297 540 342 590 Iste
361 543 435 590 autem
450 541 544 591 allectus
561 541 682 605 deponitur
700 543 728 592 ab
747 543 783 593 his
797 543 837 608 qui

57 607 183 659 uoluntariam
193 613 354 674 paupertatem
368 615 500 676 sequnntur,
512 613 583 676 hlagns
591 616 667 662 antem
676 613 819 664 dominatur
812 628 838 666 ιι

58 676 88 725 his
102 680 134 742 qui
143 681 233 732 diuitias
243 681 375 746 possident,
392 687 417 732 ut
430 697 459 734 en
469 683 538 748 snpra
552 684 618 733 dictis
629 687 701 748 patet.
716 684 838 749 Corporale

58 748 111 798 ctiam
126 753 248 814 periculum
267 765 316 804 uon
339 754 441 804 imminet
459 754 503 804 illis
523 755 564 818 qui
585 753 710 806 intentione
729 758 838 820 sequendi

55 818 164 886 Christum,
178 837 260 875 omma
270 837 312 874 sua
322 825 465 889 relinquunt
480 825 566 876 divium
579 825 764 890 providentiaese
776 841 839 878 com-

51 891 165 959 nitentem
178 896 242 946 uncle
260 897 399 958 Augustinus
418 897 494 947 dicit¹
486 911 512 946 nn
526 897 566 948 hh.
581 900 618 948 De
631 913 708 948 mem.
729 899 839 949 Doocini

51 965 72 1011 in
85 971 160 1017 monle
175 969 229 1032 (lih.
244 974 269 1030 b,
285 981 337 1032 cap.
352 973 383 1018 23
393 968 413 1032 l.
430 975 444 1016 ιι
456 969 613 1028 Quaerentibus
626 970 724 1034 primum
743 985 839 1034 regnum

49 1037 84 1085 hei
94 1043 115 1088 el
121 1040 232 1104 justitiam
241 1041 292 1106 ejus
301 1053 347 1090 non
356 1041 422 1092 dehet
432 1041 526 1094 subesse
534 1041 660 1093 sollicitudo
669 1055 699 1093 ne
709 1044 840 1094 necessaria

50 1108 147 1160 desint.»

74 1181 103 1232 lu
116 1183 205 1234 lentium
219 1183 358 1245 ditensium,
371 1183 431 1246 quod
448 1185 563 1235 medium
580 1187 701 1243 virtutis,
714 1187 840 1237 secundum

49 1253 200 1320 Philosophum
217 1257 244 1306 in
260 1257 291 1306 ll.
306 1257 420 1306 Etbicor.
434 1259 473 1320 (ut
489 1257 570 1320 prins)
584 1257 696 1320 accipitur
715 1258 840 1308 secundnm
852 1301 864 1313 ,

50 1325 146 1376 rationem
154 1331 253 1388 rectam,
269 1339 316 1377 non
328 1328 450 1377 secundum
461 1328 613 1392 quantitatem
621 1328 665 1378 nei.
672 1329 701 1378 Et
713 1329 763 1379 ideo
774 1329 841 1393 quid-

51 1395 93 1458 quid
106 1403 177 1462 potest
186 1398 239 1450 fieri
249 1400 377 1450 secundum
389 1400 501 1450 rohonem
515 1403 615 1461 nectam,
630 1412 677 1450 non
686 1403 722 1450 est
731 1401 839 1450 vitiosum

53 1479 76 1515 er
87 1471 236 1533 magnitudine
246 1469 395 1535 quantitatis,
409 1472 448 1521 sed
459 1471 533 1534 magis
540 1470 674 1523 virtuosum.
686 1471 754 1521 Esset
765 1476 841 1523 antem

55 1546 120 1600 pcatsr
131 1543 245 1594 nationem
261 1545 365 1604 rectam,
381 1542 400 1592 si
418 1543 470 1607 quin
486 1543 563 1594 omnia
583 1557 625 1594 sna
642 1547 785 1595 consumeret
801 1556 842 1606 per

56 1609 256 1676 intemperantiam,
270 1614 308 1664 vel
327 1614 412 1677 absque
432 1615 541 1666 utilitate.
562 1615 604 1665 Est
621 1618 699 1665 antem
717 1614 842 1665 secundum

52 1682 147 1735 rationem
158 1693 265 1749 rectam,
277 1685 338 1750 qnbd
351 1686 433 1750 aliquis
446 1687 538 1738 divitias
549 1687 649 1751 abjiciat,
665 1690 690 1736 nt
699 1686 843 1750 contempla-

48 1754 97 1804 tioni
108 1758 227 1822 sapientiae
239 1761 319 1820 racet3
334 1759 474 1822 quodetiam
487 1760 620 1824 Philosophi
630 1759 721 1822 qnidam
736 1761 843 1823 leguntur

48 1828 127 1879 fecisse.
145 1830 204 1881 picit
223 1830 296 1881 etiarn
316 1830 466 1894 Hieronymus
485 1831 510 1880 in
527 1831 594 1896 epist
620 1831 657 1880 od
676 1831 814 1880 Paulinum
833 1845 842 1880 :

50 1915 62 1942 u
72 1899 141 1952 Crates
157 1901 197 1953 ille
217 1902 359 1966 Thebanus,
372 1903 442 1953 homo
459 1903 575 1967 qnondam
594 1902 731 1963 ditissimus,
742 1915 795 1951 cnm
815 1903 844 1951 ad

48 1972 842 2040 philosophandumhthenaspergeretmagnamaunipondnsabjecit;

49 2057 85 2092 nec
100 2047 187 2108 putauit
210 2061 236 2097 se
249 2059 320 2111 posse
337 2045 404 2096 simul
422 2045 517 2096 uirtutes
534 2049 558 2095 et
575 2045 665 2095 divilias
685 2045 807 2108 pomidem.
828 2060 842 2091 ιι

51 2114 104 2166 l'nde
119 2119 191 2170 multo
206 2117 283 2181 magis
296 2117 421 2167 meandum
437 2118 549 2168 nationem
562 2119 648 2166 rectam
670 2119 718 2176 est,
733 2119 759 2165 ut
776 2116 844 2166 homo

52 2189 117 2238 omnia
128 2203 171 2246 sna
183 2190 303 2254 relinquat
317 2189 344 2239 ad
357 2189 401 2239 hoc
411 2189 471 2252 quod
485 2189 600 2238 christum
613 2186 713 2252 perfecte
726 2191 842 2250 sequatur.

53 2256 103 2309 inde
114 2261 273 2326 hieronymus
282 2259 340 2311 nicia
351 2259 376 2308 in
387 2260 471 2324 Epist.
453 2260 519 2310 tud
530 2261 661 2310 Rusticum
676 2260 844 2308 monachum:

57 2331 154 2383 cunnum
174 2333 297 2384 Christum
311 2332 386 2382 nudus
399 2345 502 2396 sequere.
517 2347 532 2380 ι

83 2404 106 2451 th
121 2410 229 2469 quartum
239 2404 363 2454 dicendum
370 2404 447 2467 ,quod
459 2402 543 2468 duplex
555 2407 590 2454 est
605 2403 721 2453 beatitudo
732 2401 782 2452 siue
794 2401 846 2452 leli

62 2467 114 2524 citas:
120 2489 163 2527 uua
178 2477 278 2542 quinem
291 2474 405 2538 perlecta,
419 2488 488 2540 quam
503 2474 669 2539 expectamus
663 2487 687 2522 nn
701 2464 775 2522 luitura
789 2472 844 2536 uita3

63 2541 94 2588 alia
103 2547 149 2598 rech
168 2547 328 2612 imperfecta,
343 2546 466 2596 secundnm
481 2559 548 2611 qnam
562 2544 632 2610 aliqui
644 2543 769 2594 dicuntun'
762 2557 787 2592 nn
800 2543 845 2593 hac

64 2611 96 2661 ιιι
106 2615 175 2670 onas
197 2619 259 2670 vita
276 2620 352 2688 amem
366 2617 487 2681 praesentis
506 2616 601 2668 felicitas
618 2618 654 2667 est
668 2615 779 2678 duplex:
798 2627 844 2665 nna

63 2684 130 2742 itidem
146 2691 278 2742 secundum
299 2689 367 2738 vitam
384 2688 491 2752 actiuam3
509 2688 553 2738 alia
569 2699 623 2740 veno
637 2687 761 2737 seeundum
776 2686 846 2735 uitam

65 2761 255 2826 tonenphcisam,
271 2764 299 2811 ut
312 2763 376 2825 patet
396 2773 438 2824 pen
452 2727 640 2824 Philosophum
634 2751 706 2808 mli.
730 2759 845 2807 Ethicor

70 2821 107 2888 lep
78 2836 147 2896 ιι.,ι
159 2847 188 2884 ac
198 2833 329 2896 deinceps)
342 2833 376 2883 Ad
389 2832 522 2883 lehcntatem
531 2836 608 2882 autem
619 2829 671 2880 uitae
683 2828 779 2890 activae,
793 2838 845 2890 qno

69 2841 159 2955 ιιιιίιιιἰ
152 2920 177 2956 nn
188 2904 346 2958 mterioribns
359 2903 531 2970 operationibus
549 2899 750 2955 mouumentalitcr
761 2866 848 2950 mulus
