1917 3317
205 166 238 203 nn
253 162 389 203 mamurra
406 163 542 203 nornsrm
558 165 664 204 musra.
775 159 837 207 1⁰21

30 258 34 289 i
49 238 170 305 judicium
187 241 316 291 attribuitur
333 240 409 304 unio,
427 240 452 291 ia
463 240 620 305 quauuueo
634 242 684 307 ipsa
697 243 733 293 ter
755 244 836 308 pune

30 311 146 363 yoritatis.
161 326 175 358 u
187 311 232 361 Sed
245 314 289 363 boo
299 312 398 376 pertinet
411 312 440 361 ad
455 312 573 362 Christum
587 312 713 364 seeundbm
726 310 788 379 qdod
800 320 839 367 est

30 389 98 434 tous.
114 383 177 445 Ergo
187 382 306 447 judiciaria
319 387 421 449 potebas
430 394 479 433 nou
490 385 598 435 eomedit
607 384 697 435 cbristo
710 386 838 438 meandum

30 454 90 518 pubd
103 457 143 504 ast
156 455 238 517 bomo,
251 455 291 507 sed
308 454 432 505 secundbm
448 454 510 519 quod
523 456 638 506 estbeus.

55 531 84 575 2.
100 530 235 588 Prourea,
250 528 279 577 ad
293 528 438 590 judiciariam
454 529 591 591 potestatem
601 527 702 591 pertinet
717 530 839 593 premiare

30 610 87 649 »ene
108 600 220 659 aganus,
233 597 293 647 siout
309 598 423 662 etpunire
440 597 524 648 malos.
539 598 586 648 Sed
596 598 716 662 praemium
726 600 838 651 bonorum

30 682 128 734 »perum
138 671 173 717 est
183 668 300 720 beatitudo
309 672 407 730 ababa,
421 683 474 733 que
483 682 531 719 non
546 670 614 719 datur
623 670 671 720 nisi
684 669 697 720 d
711 670 772 733 boo;
782 671 839 721 dioit

30 742 91 791 enirn
107 739 248 802 Augustinus
259 754 335 804 super
349 741 441 790 Jooou.
455 740 552 803 (treet.
566 742 639 791 xxnr
648 743 667 803 t,
679 740 740 805 qudd
757 758 772 789 ι(
783 755 838 806 par·

30 810 166 875 icipatione
177 810 251 861 beidt
260 813 337 862 anima
346 813 422 872 beau,
431 824 478 862 non
487 815 565 861 autern
572 812 748 876 participatione
755 813 840 863 anime

30 888 150 934 anotae.»
165 882 224 945 Eupo
234 883 325 933 uidetur
337 882 398 947 quod
410 882 531 947 judiciaria
542 887 644 945 potestas
658 897 705 934 non
716 885 840 935 conveniat

30 954 128 1007 :bristo
150 953 273 1005 sonandum
289 953 349 1017 quod
368 956 503 1016 esthamo,
522 956 562 1004 sed
583 954 708 1006 seeundum
722 956 781 1019 quod
801 960 840 1008 est

30 1032 101 1079 teus,

58 1106 85 1149 3.
99 1100 230 1159 praterea,
245 1099 272 1149 ad
283 1098 426 1161 jndiciariam
437 1098 525 1150 Christi
538 1100 675 1162 potestatem
690 1099 792 1162 pertinet
800 1100 839 1164 ju·

30 1175 107 1223 tiuare
125 1171 212 1221 occulta
224 1170 333 1235 cordium,
343 1169 467 1221 soouudbrn
480 1170 536 1221 iilud
546 1172 564 1220 t.
575 1170 610 1219 od
623 1170 693 1227 Gor„
708 1170 737 1219 iV
749 1186 756 1219 x
767 1188 782 1220 a
792 1173 839 1224 No-

30 1245 68 1295 ito
84 1246 142 1292 aute
153 1246 243 1305 tempus
253 1242 364 1306 judicare.
380 1244 529 1305 quoadusquo
542 1241 622 1291 veniat
634 1240 753 1305 boninus,
762 1243 802 1305 <pri
815 1247 839 1294 et

31 1313 171 1366 lluminabit
193 1314 326 1365 abscondita
348 1314 507 1374 tenebrarum,
523 1317 546 1364 et
567 1311 724 1362 manifestabit
742 1315 837 1365 coasilia
868 1377 870 1382 y

30 1386 168 1439 cordium.»
180 1386 224 1436 Sed
238 1387 282 1436 boo
294 1386 394 1449 pertinet
408 1386 435 1435 ad
450 1384 522 1435 sotum
540 1384 651 1435 virtutem
665 1382 784 1443 divinam,
798 1399 838 1436 se·

30 1457 132 1509 cundiam
151 1456 206 1507 iltnd
221 1457 324 1513 terem„
338 1455 397 1507 nvn
417 1472 424 1505 ι
443 1474 456 1504 a
472 1457 568 1505 Pratum
585 1459 621 1506 est
637 1468 676 1505 cor
693 1456 793 1506 bominis
814 1462 839 1508 et

32 1527 211 1588 nsorustabito,
224 1529 275 1592 quis
293 1534 415 1591 cognoscet
434 1528 505 1578 ittudt
520 1539 563 1590 ego
582 1527 706 1588 Dominus,
721 1531 839 1579 sorustans

30 1602 101 1653 torda
112 1602 137 1648 et
149 1600 249 1663 probans
260 1614 325 1651 renos
334 1616 340 1663 3
349 1603 372 1651 at
383 1599 421 1663 qui
431 1600 460 1649 do
468 1598 590 1661 unicuique
595 1598 662 1662 juxta
671 1598 731 1647 viam
741 1611 837 1648 suam.»

30 1676 92 1735 drgo
101 1671 223 1733 judiciaria
235 1676 336 1736 potestas
344 1684 391 1722 nou
404 1670 513 1722 oonuaait
521 1670 625 1733 cbristo,
637 1668 762 1720 sauuudbm
776 1670 838 1734 qndd

30 1749 65 1795 ast
82 1744 169 1797 bomo,
191 1744 231 1793 sed
244 1742 368 1794 wouuddm
382 1742 441 1809 qnod
456 1746 492 1793 est
504 1743 573 1792 beas.

58 1815 110 1865 Sed
122 1817 201 1864 contra
216 1818 265 1878 est,
274 1816 333 1879 quod
352 1814 436 1865 dieitur
447 1816 531 1869 doun„
549 1814 614 1861 uz«
623 1814 763 1865 Potestatem
776 1816 838 1867 dedit

30 1889 46 1940 ei
68 1884 186 1950 juditium
197 1885 285 1949 boam,
299 1886 352 1950 qaia
366 1886 438 1937 Filius
452 1884 554 1936 bominis
567 1888 611 1935 est.
624 1900 640 1932 a

63 1958 229 2019 (Cosuansro.
243 1982 275 1995 -
283 1954 339 2007 Cum
351 1956 456 2008 cbristus
468 1954 592 2006 seouudirm
607 1955 668 2020 qudd
681 1958 760 2019 bomo,
769 1962 838 2022 eaput

30 2033 58 2083 ait
73 2027 150 2079 totins
167 2028 282 2091 Ecclesia,
294 2029 315 2079 ei
327 2028 452 2079 secundnm
468 2026 530 2091 qudd
543 2026 614 2077 homo
632 2029 742 2079 convent
753 2029 837 2080 babere

30 2098 179 2157 iudiciariam
193 2098 359 2163 potestatem.)

60 2171 206 2235 Respondes
224 2171 358 2233 dicendum,
375 2169 437 2235 qnbd
459 2171 638 2236 chrysostomus
658 2186 736 2236 super
751 2174 838 2230 doun„

30 2243 125 2299 sentiro
139 2241 296 2306 videturqudd
305 2242 425 2307 judiciaria
434 2246 538 2308 potestas
548 2256 597 2295 non
607 2244 729 2294 conveniat
738 2242 837 2306 Christo,

30 2313 163 2371 seeundum
172 2313 232 2379 quod
246 2318 281 2366 est
290 2316 367 2376 homo,
377 2316 417 2366 sed
431 2314 504 2366 sotum
514 2313 640 2366 secundbm
648 2314 709 2380 qubd
721 2318 757 2366 est
767 2316 838 2367 bens.

30 2389 102 2443 Unde
116 2386 274 2437 autoritatem
283 2386 376 2439 toannis
383 2384 498 2437 inductam
507 2386 541 2436 sio
550 2387 660 2451 exponit:
674 2388 838 2437 «potestatem
892 2424 900 2435 .

30 2460 101 2515 dedit
112 2456 135 2509 ei
148 2457 260 2521 judicium
274 2458 362 2519 iaceret
378 2462 401 2508 et
412 2460 494 2521 postea
505 2458 625 2509 subditur:
640 2458 695 2522 quia
708 2458 782 2509 Filius
796 2460 840 2509 bo·

30 2530 107 2584 minis
122 2533 167 2579 est.
185 2528 259 2580 Nolite
279 2530 357 2581 mirari
372 2532 430 2593 boo;
449 2543 495 2580 nou
516 2530 577 2581 enim
595 2534 714 2594 propterea
739 2530 841 2595 suscepit

30 2600 161 2671 judicium,
174 2600 279 2665 quoniam
299 2603 366 2652 bomo
386 2604 434 2664 sst3
450 2601 491 2652 sed
504 2601 557 2665 quia
576 2599 697 2652 motabilis
714 2601 757 2652 boi
769 2602 840 2653 ffitius
929 2629 930 2632 ¹

30 2680 84 2737 est,
103 2675 224 2737 propterea
235 2672 306 2735 juder
320 2677 365 2722 est.
378 2672 436 2732 Quis
451 2672 545 2725 beroea
558 2672 760 2736 meditabantur,
774 2677 841 2724 orant

30 2745 126 2809 majora
146 2742 212 2807 quidm
227 2744 349 2794 seeundum
364 2744 498 2807 hominem,
514 2744 565 2794 ideo
578 2746 638 2794 bano
649 2744 780 2807 opinionem
794 2744 841 2794 sot-

30 2830 95 2869 vens
104 2814 178 2865 dixit:
191 2829 219 2865 no
233 2814 362 2877 muomini,
374 2816 427 2879 quia
437 2815 510 2866 Fidius
521 2816 622 2865 bominis
632 2820 681 2879 est3
691 2815 777 2867 etenim
786 2816 839 2880 ipso

30 2900 71 2941 osa
96 2884 166 2939 stiam
181 2886 253 2937 ditius
267 2886 318 2937 bei.
333 2886 398 2947 Quod
411 2885 503 2951 quidem
519 2886 601 2950 probat
614 2898 654 2951 per
666 2886 840 2939 naunotoais
