<?xml version="1.0" encoding="UTF-8"?>
<!DOCTYPE html PUBLIC "-//W3C//DTD XHTML 1.0 Transitional//EN"
    "http://www.w3.org/TR/xhtml1/DTD/xhtml1-transitional.dtd">
<html xmlns="http://www.w3.org/1999/xhtml" xml:lang="en" lang="en">
 <head>
  <title>
</title>
<meta http-equiv="Content-Type" content="text/html;charset=utf-8" />
  <meta name='ocr-system' content='tesseract 3.04.00' />
  <meta name='ocr-capabilities' content='ocr_page ocr_carea ocr_par ocr_line ocrx_word'/>
</head>
<body>
  <div class='ocr_page' id='page_1' title='image "./summatheologica02nicogoog_0373.png"; bbox 0 0 1917 3317; ppageno 0'>
   <div class='ocr_carea' id='block_1_1' title="bbox 596 140 1791 193">
    <p class='ocr_par' dir='ltr' id='par_1_1' title="bbox 596 140 1791 193">
     <span class='ocr_line' id='line_1_1' title="bbox 596 140 1791 193; baseline 0 -12"><span class='ocrx_word' id='word_1_1' title='bbox 596 140 690 186; x_wconf 68' lang='lat'><strong>37⁰</strong></span> <span class='ocrx_word' id='word_1_2' title='bbox 1019 145 1140 183; x_wconf 66' lang='lat' dir='ltr'><strong>uns</strong></span> <span class='ocrx_word' id='word_1_3' title='bbox 1169 145 1252 193; x_wconf 81' lang='grc' dir='ltr'><strong>ιιι,</strong></span> <span class='ocrx_word' id='word_1_4' title='bbox 1286 146 1473 190; x_wconf 68' lang='lat' dir='ltr'><strong>Qum-r.</strong></span> <span class='ocrx_word' id='word_1_5' title='bbox 1506 145 1584 191; x_wconf 81' lang='lat' dir='ltr'><strong>tx,</strong></span> <span class='ocrx_word' id='word_1_6' title='bbox 1612 145 1723 183; x_wconf 68' lang='lat' dir='ltr'><strong>aar.</strong></span> <span class='ocrx_word' id='word_1_7' title='bbox 1757 146 1791 181; x_wconf 82' lang='lat' dir='ltr'><strong>r.</strong></span> 
     </span>
    </p>
   </div>
   <div class='ocr_carea' id='block_1_2' title="bbox 1205 325 1602 376">
    <p class='ocr_par' dir='ltr' id='par_1_2' title="bbox 1205 325 1602 376">
     <span class='ocr_line' id='line_1_2' title="bbox 1205 325 1602 376; baseline 0 -1"><span class='ocrx_word' id='word_1_8' title='bbox 1205 325 1533 376; x_wconf 80' lang='lat' dir='ltr'>ARTICULUS</span> <span class='ocrx_word' id='word_1_9' title='bbox 1559 328 1602 376; x_wconf 92' lang='lat'><strong>1.</strong></span> 
     </span>
    </p>
   </div>
   <div class='ocr_carea' id='block_1_3' title="bbox 608 450 1914 507">
    <p class='ocr_par' dir='ltr' id='par_1_3' title="bbox 608 450 1914 507">
     <span class='ocr_line' id='line_1_3' title="bbox 608 450 1914 507; baseline -0.004 -10"><span class='ocrx_word' id='word_1_10' title='bbox 608 452 777 497; x_wconf 58' lang='lat' dir='ltr'><strong>[3¹1er</strong></span> <span class='ocrx_word' id='word_1_11' title='bbox 796 451 1018 496; x_wconf 76' lang='lat' dir='ltr'><strong>Christus</strong></span> <span class='ocrx_word' id='word_1_12' title='bbox 1036 450 1258 494; x_wconf 71' lang='lat' dir='ltr'><strong>habuerit</strong></span> <span class='ocrx_word' id='word_1_13' title='bbox 1277 451 1496 507; x_wconf 65' lang='lat' dir='ltr'><strong>anquam</strong></span> <span class='ocrx_word' id='word_1_14' title='bbox 1515 451 1765 495; x_wconf 73' lang='lat' dir='ltr'><strong>scientiam</strong></span> <span class='ocrx_word' id='word_1_15' title='bbox 1781 452 1914 507; x_wconf 76' lang='lat' dir='ltr'><strong>proete</strong></span> 
     </span>
    </p>
   </div>
   <div class='ocr_carea' id='block_1_4' title="bbox 596 574 1917 2706">
    <p class='ocr_par' dir='ltr' id='par_1_4' title="bbox 596 574 1917 923">
     <span class='ocr_line' id='line_1_4' title="bbox 660 574 1917 639; baseline -0.002 -13"><span class='ocrx_word' id='word_1_16' title='bbox 660 577 728 627; x_wconf 74' lang='lat' dir='ltr'><strong>Ad</strong></span> <span class='ocrx_word' id='word_1_17' title='bbox 759 576 953 639; x_wconf 85' lang='lat' dir='ltr'><strong>primum</strong></span> <span class='ocrx_word' id='word_1_18' title='bbox 982 574 1047 623; x_wconf 85' lang='lat' dir='ltr'><strong>sio</strong></span> <span class='ocrx_word' id='word_1_19' title='bbox 1071 575 1330 638; x_wconf 81' lang='lat' dir='ltr'>proceditur</span> <span class='ocrx_word' id='word_1_20' title='bbox 1348 576 1429 637; x_wconf 80' lang='lat'>(¹).</span> <span class='ocrx_word' id='word_1_21' title='bbox 1461 575 1648 625; x_wconf 88' lang='lat' dir='ltr'><strong>Videtur</strong></span> <span class='ocrx_word' id='word_1_22' title='bbox 1683 576 1803 639; x_wconf 75' lang='lat' dir='ltr'><strong>quod</strong></span> <span class='ocrx_word' id='word_1_23' title='bbox 1829 576 1917 624; x_wconf 80' lang='lat' dir='ltr'><strong>in(</strong></span> 
     </span>
     <span class='ocr_line' id='line_1_5' title="bbox 600 646 1917 711; baseline -0.002 -13"><span class='ocrx_word' id='word_1_24' title='bbox 600 647 733 698; x_wconf 69' lang='lat' dir='ltr'><strong>fuerit</strong></span> <span class='ocrx_word' id='word_1_25' title='bbox 754 649 904 711; x_wconf 77' lang='lat' dir='ltr'><strong>aliqua</strong></span> <span class='ocrx_word' id='word_1_26' title='bbox 924 647 1113 696; x_wconf 83' lang='lat' dir='ltr'><strong>scientia</strong></span> <span class='ocrx_word' id='word_1_27' title='bbox 1144 649 1308 709; x_wconf 84' lang='lat' dir='ltr'><strong>praeter</strong></span> <span class='ocrx_word' id='word_1_28' title='bbox 1337 646 1560 697; x_wconf 81' lang='lat' dir='ltr'><strong>divinam.</strong></span> <span class='ocrx_word' id='word_1_29' title='bbox 1592 650 1659 697; x_wconf 76' lang='lat' dir='ltr'><strong>Ad</strong></span> <span class='ocrx_word' id='word_1_30' title='bbox 1692 650 1780 699; x_wconf 87' lang='lat' dir='ltr'><strong>hoc</strong></span> <span class='ocrx_word' id='word_1_31' title='bbox 1804 646 1917 698; x_wconf 88' lang='lat' dir='ltr'><strong>enim</strong></span> 
     </span>
     <span class='ocr_line' id='line_1_6' title="bbox 600 718 1917 783; baseline -0.002 -14"><span class='ocrx_word' id='word_1_32' title='bbox 600 721 668 769; x_wconf 65' lang='lat' dir='ltr'><strong>eat</strong></span> <span class='ocrx_word' id='word_1_33' title='bbox 707 719 927 781; x_wconf 85' lang='lat' dir='ltr'><strong>scientia,</strong></span> <span class='ocrx_word' id='word_1_34' title='bbox 965 722 1016 766; x_wconf 86' lang='lat' dir='ltr'><strong>ut</strong></span> <span class='ocrx_word' id='word_1_35' title='bbox 1049 731 1129 783; x_wconf 86' lang='lat' dir='ltr'><strong>per</strong></span> <span class='ocrx_word' id='word_1_36' title='bbox 1159 730 1261 766; x_wconf 86' lang='lat' dir='ltr'><strong>eam</strong></span> <span class='ocrx_word' id='word_1_37' title='bbox 1304 718 1452 781; x_wconf 84' lang='lat' dir='ltr'><strong>aliqua</strong></span> <span class='ocrx_word' id='word_1_38' title='bbox 1489 723 1835 781; x_wconf 81' lang='lat' dir='ltr'><strong>cognoscantur.</strong></span> <span class='ocrx_word' id='word_1_39' title='bbox 1874 720 1917 767; x_wconf 60' lang='lat' dir='ltr'><strong>St</strong></span> 
     </span>
     <span class='ocr_line' id='line_1_7' title="bbox 596 788 1913 854; baseline -0.001 -16"><span class='ocrx_word' id='word_1_40' title='bbox 596 802 679 853; x_wconf 75' lang='lat' dir='ltr'><strong>per</strong></span> <span class='ocrx_word' id='word_1_41' title='bbox 706 788 941 838; x_wconf 84' lang='lat' dir='ltr'><strong>scientiam</strong></span> <span class='ocrx_word' id='word_1_42' title='bbox 971 789 1174 838; x_wconf 83' lang='lat' dir='ltr'><strong>divinam</strong></span> <span class='ocrx_word' id='word_1_43' title='bbox 1206 790 1506 851; x_wconf 81' lang='lat' dir='ltr'><strong>cognoscebat</strong></span> <span class='ocrx_word' id='word_1_44' title='bbox 1537 790 1707 840; x_wconf 87' lang='lat' dir='ltr'><strong>omnia.</strong></span> <span class='ocrx_word' id='word_1_45' title='bbox 1742 790 1913 854; x_wconf 86' lang='lat' dir='ltr'><strong>Superss</strong></span> 
     </span>
     <span class='ocr_line' id='line_1_8' title="bbox 600 859 1594 923; baseline 0 -14"><span class='ocrx_word' id='word_1_46' title='bbox 600 859 762 909; x_wconf 81' lang='lat' dir='ltr'><strong>fuisset</strong></span> <span class='ocrx_word' id='word_1_47' title='bbox 802 860 924 923; x_wconf 81' lang='lat' dir='ltr'><strong>quod</strong></span> <span class='ocrx_word' id='word_1_48' title='bbox 953 860 1002 908; x_wconf 91' lang='lat' dir='ltr'><strong>in</strong></span> <span class='ocrx_word' id='word_1_49' title='bbox 1039 873 1093 909; x_wconf 88' lang='lat' dir='ltr'><strong>eo</strong></span> <span class='ocrx_word' id='word_1_50' title='bbox 1120 863 1244 910; x_wconf 83' lang='lat' dir='ltr'><strong>esset</strong></span> <span class='ocrx_word' id='word_1_51' title='bbox 1270 859 1357 908; x_wconf 89' lang='lat' dir='ltr'><strong>alia</strong></span> <span class='ocrx_word' id='word_1_52' title='bbox 1385 861 1594 910; x_wconf 80' lang='lat' dir='ltr'><strong>scientia.</strong></span> 
     </span>
    </p>

    <p class='ocr_par' dir='ltr' id='par_1_5' title="bbox 600 931 1917 1206">
     <span class='ocr_line' id='line_1_9' title="bbox 662 931 1915 993; baseline 0 -14"><span class='ocrx_word' id='word_1_53' title='bbox 662 934 708 979; x_wconf 76' lang='lat'><strong>2.</strong></span> <span class='ocrx_word' id='word_1_54' title='bbox 743 931 996 988; x_wconf 73' lang='lat' dir='ltr'><strong>Praeterea,</strong></span> <span class='ocrx_word' id='word_1_55' title='bbox 1025 931 1103 979; x_wconf 84' lang='lat' dir='ltr'><strong>lux</strong></span> <span class='ocrx_word' id='word_1_56' title='bbox 1132 936 1278 979; x_wconf 82' lang='lat' dir='ltr'><strong>minor</strong></span> <span class='ocrx_word' id='word_1_57' title='bbox 1299 944 1379 993; x_wconf 89' lang='lat' dir='ltr'><strong>per</strong></span> <span class='ocrx_word' id='word_1_58' title='bbox 1408 932 1626 993; x_wconf 87' lang='lat' dir='ltr'><strong>majorem</strong></span> <span class='ocrx_word' id='word_1_59' title='bbox 1655 931 1915 981; x_wconf 85' lang='lat' dir='ltr'><strong>offuscatur.</strong></span> 
     </span>
     <span class='ocr_line' id='line_1_10' title="bbox 604 1000 1917 1064; baseline 0.002 -15"><span class='ocrx_word' id='word_1_60' title='bbox 604 1000 784 1051; x_wconf 66' lang='lat' dir='ltr'><strong>scientia</strong></span> <span class='ocrx_word' id='word_1_61' title='bbox 818 1006 966 1052; x_wconf 84' lang='lat' dir='ltr'><strong>creata</strong></span> <span class='ocrx_word' id='word_1_62' title='bbox 995 1005 1280 1064; x_wconf 85' lang='lat' dir='ltr'><strong>comparatur</strong></span> <span class='ocrx_word' id='word_1_63' title='bbox 1309 1003 1363 1051; x_wconf 92' lang='lat' dir='ltr'><strong>ad</strong></span> <span class='ocrx_word' id='word_1_64' title='bbox 1397 1002 1635 1052; x_wconf 82' lang='lat' dir='ltr'><strong>scientiam</strong></span> <span class='ocrx_word' id='word_1_65' title='bbox 1669 1002 1756 1053; x_wconf 88' lang='lat' dir='ltr'><strong>Dei</strong></span> <span class='ocrx_word' id='word_1_66' title='bbox 1784 1002 1917 1051; x_wconf 70' lang='lat' dir='ltr'><strong>increz</strong></span> 
     </span>
     <span class='ocr_line' id='line_1_11' title="bbox 600 1072 1916 1135; baseline 0.001 -14"><span class='ocrx_word' id='word_1_67' title='bbox 600 1073 685 1121; x_wconf 73' lang='lat' dir='ltr'><strong>lux</strong></span> <span class='ocrx_word' id='word_1_68' title='bbox 725 1072 873 1122; x_wconf 89' lang='lat' dir='ltr'><strong>minor</strong></span> <span class='ocrx_word' id='word_1_69' title='bbox 904 1074 958 1123; x_wconf 86' lang='lat' dir='ltr'><strong>ad</strong></span> <span class='ocrx_word' id='word_1_70' title='bbox 1001 1074 1240 1135; x_wconf 86' lang='lat' dir='ltr'><strong>majorem.</strong></span> <span class='ocrx_word' id='word_1_71' title='bbox 1286 1073 1404 1135; x_wconf 85' lang='lat' dir='ltr'><strong>Ergo</strong></span> <span class='ocrx_word' id='word_1_72' title='bbox 1447 1074 1493 1122; x_wconf 92' lang='lat' dir='ltr'><strong>in</strong></span> <span class='ocrx_word' id='word_1_73' title='bbox 1534 1074 1714 1125; x_wconf 77' lang='lat' dir='ltr'><strong>Christo</strong></span> <span class='ocrx_word' id='word_1_74' title='bbox 1764 1086 1856 1123; x_wconf 89' lang='lat' dir='ltr'><strong>non</strong></span> <span class='ocrx_word' id='word_1_75' title='bbox 1897 1088 1916 1122; x_wconf 89' lang='lat' dir='ltr'><strong>r</strong></span> 
     </span>
     <span class='ocr_line' id='line_1_12' title="bbox 604 1142 1157 1206; baseline 0 -13"><span class='ocrx_word' id='word_1_76' title='bbox 604 1142 796 1193; x_wconf 70' lang='lat' dir='ltr'><strong>seientia</strong></span> <span class='ocrx_word' id='word_1_77' title='bbox 820 1143 954 1206; x_wconf 75' lang='lat' dir='ltr'><strong>quam</strong></span> <span class='ocrx_word' id='word_1_78' title='bbox 985 1144 1157 1193; x_wconf 85' lang='lat' dir='ltr'><strong>divina.</strong></span> 
     </span>
    </p>

    <p class='ocr_par' dir='ltr' id='par_1_6' title="bbox 600 1215 1917 1759">
     <span class='ocr_line' id='line_1_13' title="bbox 666 1215 1889 1274; baseline 0.002 -11"><span class='ocrx_word' id='word_1_79' title='bbox 666 1218 710 1263; x_wconf 84' lang='lat'><strong>3.</strong></span> <span class='ocrx_word' id='word_1_80' title='bbox 742 1216 972 1264; x_wconf 76' lang='lat' dir='ltr'><strong>Praeterea</strong></span> <span class='ocrx_word' id='word_1_81' title='bbox 990 1252 1003 1274; x_wconf 92' lang='lat'>,</span> <span class='ocrx_word' id='word_1_82' title='bbox 1024 1215 1134 1264; x_wconf 90' lang='lat' dir='ltr'><strong>unio</strong></span> <span class='ocrx_word' id='word_1_83' title='bbox 1159 1216 1369 1267; x_wconf 82' lang='lat' dir='ltr'><strong>humanae</strong></span> <span class='ocrx_word' id='word_1_84' title='bbox 1402 1219 1575 1265; x_wconf 88' lang='lat' dir='ltr'><strong>naturae</strong></span> <span class='ocrx_word' id='word_1_85' title='bbox 1603 1216 1658 1265; x_wconf 86' lang='lat' dir='ltr'><strong>ad</strong></span> <span class='ocrx_word' id='word_1_86' title='bbox 1686 1216 1889 1266; x_wconf 84' lang='lat' dir='ltr'><strong>divinam</strong></span> 
     </span>
     <span class='ocr_line' id='line_1_14' title="bbox 600 1287 1902 1351; baseline 0.002 -15"><span class='ocrx_word' id='word_1_87' title='bbox 600 1298 824 1349; x_wconf 82' lang='lat' dir='ltr'><strong>persona,</strong></span> <span class='ocrx_word' id='word_1_88' title='bbox 858 1288 905 1334; x_wconf 88' lang='lat' dir='ltr'><strong>ut</strong></span> <span class='ocrx_word' id='word_1_89' title='bbox 940 1299 1000 1336; x_wconf 86' lang='lat' dir='ltr'><strong>ex</strong></span> <span class='ocrx_word' id='word_1_90' title='bbox 1030 1300 1165 1349; x_wconf 86' lang='lat' dir='ltr'><strong>supra</strong></span> <span class='ocrx_word' id='word_1_91' title='bbox 1189 1287 1325 1336; x_wconf 85' lang='lat' dir='ltr'><strong>dictis</strong></span> <span class='ocrx_word' id='word_1_92' title='bbox 1357 1290 1500 1351; x_wconf 83' lang='lat' dir='ltr'><strong>patet.</strong></span> <span class='ocrx_word' id='word_1_93' title='bbox 1526 1288 1715 1337; x_wconf 84' lang='lat' dir='ltr'><strong>Ponitur</strong></span> <span class='ocrx_word' id='word_1_94' title='bbox 1748 1294 1902 1339; x_wconf 88' lang='lat' dir='ltr'><strong>autem</strong></span> 
     </span>
     <span class='ocr_line' id='line_1_15' title="bbox 600 1355 1917 1423; baseline 0.003 -18"><span class='ocrx_word' id='word_1_95' title='bbox 600 1355 848 1406; x_wconf 55' lang='lat' dir='ltr'><strong>saecundum</strong></span> <span class='ocrx_word' id='word_1_96' title='bbox 875 1356 1122 1419; x_wconf 86' lang='lat' dir='ltr'><strong>quosdam,</strong></span> <span class='ocrx_word' id='word_1_97' title='bbox 1152 1358 1356 1421; x_wconf 83' lang='lat' dir='ltr'><strong>quaedam</strong></span> <span class='ocrx_word' id='word_1_98' title='bbox 1386 1359 1580 1408; x_wconf 83' lang='lat' dir='ltr'><strong>scientia</strong></span> <span class='ocrx_word' id='word_1_99' title='bbox 1608 1358 1815 1418; x_wconf 82' lang='lat' dir='ltr'><strong>unionis,</strong></span> <span class='ocrx_word' id='word_1_100' title='bbox 1847 1373 1917 1423; x_wconf 69' lang='lat' dir='ltr'><strong>pe]</strong></span> 
     </span>
     <span class='ocr_line' id='line_1_16' title="bbox 600 1429 1916 1494; baseline 0.003 -17"><span class='ocrx_word' id='word_1_101' title='bbox 600 1429 708 1479; x_wconf 80' lang='lat' dir='ltr'><strong>licet</strong></span> <span class='ocrx_word' id='word_1_102' title='bbox 738 1429 944 1479; x_wconf 83' lang='lat' dir='ltr'><strong>Christus</strong></span> <span class='ocrx_word' id='word_1_103' title='bbox 970 1441 1024 1479; x_wconf 89' lang='lat' dir='ltr'><strong>ea</strong></span> <span class='ocrx_word' id='word_1_104' title='bbox 1060 1443 1160 1492; x_wconf 82' lang='lat' dir='ltr'><strong>quae</strong></span> <span class='ocrx_word' id='word_1_105' title='bbox 1196 1432 1252 1479; x_wconf 86' lang='lat' dir='ltr'><strong>ad</strong></span> <span class='ocrx_word' id='word_1_106' title='bbox 1285 1429 1558 1494; x_wconf 77' lang='lat' dir='ltr'><strong>mysterium</strong></span> <span class='ocrx_word' id='word_1_107' title='bbox 1584 1431 1916 1481; x_wconf 85' lang='lat' dir='ltr'><strong>lucarnationis</strong></span> 
     </span>
     <span class='ocr_line' id='line_1_17' title="bbox 600 1499 1917 1565; baseline 0.002 -16"><span class='ocrx_word' id='word_1_108' title='bbox 600 1499 785 1565; x_wconf 75' lang='lat' dir='ltr'><strong>plenius</strong></span> <span class='ocrx_word' id='word_1_109' title='bbox 814 1500 951 1549; x_wconf 84' lang='lat' dir='ltr'><strong>scivit</strong></span> <span class='ocrx_word' id='word_1_110' title='bbox 979 1501 1114 1563; x_wconf 76' lang='lat' dir='ltr'><strong>quam</strong></span> <span class='ocrx_word' id='word_1_111' title='bbox 1156 1500 1320 1564; x_wconf 84' lang='lat' dir='ltr'><strong>aliquis</strong></span> <span class='ocrx_word' id='word_1_112' title='bbox 1358 1502 1490 1551; x_wconf 90' lang='lat' dir='ltr'><strong>alius.</strong></span> <span class='ocrx_word' id='word_1_113' title='bbox 1521 1502 1636 1551; x_wconf 78' lang='lat' dir='ltr'><strong>Ciim</strong></span> <span class='ocrx_word' id='word_1_114' title='bbox 1668 1515 1778 1564; x_wconf 85' lang='lat' dir='ltr'><strong>ergo</strong></span> <span class='ocrx_word' id='word_1_115' title='bbox 1807 1504 1917 1553; x_wconf 90' lang='lat' dir='ltr'><strong>unio</strong></span> 
     </span>
     <span class='ocr_line' id='line_1_18' title="bbox 600 1571 1917 1635; baseline 0.002 -14"><span class='ocrx_word' id='word_1_116' title='bbox 600 1571 827 1621; x_wconf 72' lang='lat' dir='ltr'><strong>nontineat</strong></span> <span class='ocrx_word' id='word_1_117' title='bbox 860 1572 973 1621; x_wconf 87' lang='lat' dir='ltr'><strong>duas</strong></span> <span class='ocrx_word' id='word_1_118' title='bbox 1001 1574 1210 1632; x_wconf 80' lang='lat' dir='ltr'><strong>naturas,</strong></span> <span class='ocrx_word' id='word_1_119' title='bbox 1239 1572 1420 1623; x_wconf 75' lang='lat' dir='ltr'><strong>videtur</strong></span> <span class='ocrx_word' id='word_1_120' title='bbox 1448 1571 1568 1635; x_wconf 82' lang='lat' dir='ltr'><strong>quod</strong></span> <span class='ocrx_word' id='word_1_121' title='bbox 1594 1573 1641 1622; x_wconf 92' lang='lat' dir='ltr'><strong>in</strong></span> <span class='ocrx_word' id='word_1_122' title='bbox 1671 1572 1852 1623; x_wconf 86' lang='lat' dir='ltr'><strong>Christo</strong></span> <span class='ocrx_word' id='word_1_123' title='bbox 1874 1589 1917 1623; x_wconf 74' lang='lat' dir='ltr'><strong>n«</strong></span> 
     </span>
     <span class='ocr_line' id='line_1_19' title="bbox 604 1642 1917 1707; baseline 0.005 -18"><span class='ocrx_word' id='word_1_124' title='bbox 604 1642 834 1705; x_wconf 68' lang='lat' dir='ltr'><strong>scientiae,</strong></span> <span class='ocrx_word' id='word_1_125' title='bbox 863 1644 943 1692; x_wconf 85' lang='lat' dir='ltr'><strong>sed</strong></span> <span class='ocrx_word' id='word_1_126' title='bbox 971 1656 1062 1692; x_wconf 88' lang='lat' dir='ltr'><strong>una</strong></span> <span class='ocrx_word' id='word_1_127' title='bbox 1091 1642 1264 1692; x_wconf 64' lang='lat' dir='ltr'><strong>tanton]</strong></span> <span class='ocrx_word' id='word_1_128' title='bbox 1304 1643 1495 1695; x_wconf 86' lang='lat' dir='ltr'><strong>scientia</strong></span> <span class='ocrx_word' id='word_1_129' title='bbox 1517 1644 1752 1707; x_wconf 82' lang='lat' dir='ltr'><strong>pertinens</strong></span> <span class='ocrx_word' id='word_1_130' title='bbox 1779 1646 1837 1695; x_wconf 88' lang='lat' dir='ltr'><strong>ad</strong></span> <span class='ocrx_word' id='word_1_131' title='bbox 1857 1650 1917 1695; x_wconf 70' lang='lat' dir='ltr'><strong>ut]</strong></span> 
     </span>
     <span class='ocr_line' id='line_1_20' title="bbox 600 1713 763 1759; baseline 0.012 -2"><span class='ocrx_word' id='word_1_132' title='bbox 600 1713 763 1759; x_wconf 83' lang='lat' dir='ltr'><strong>turam.</strong></span> 
     </span>
    </p>

    <p class='ocr_par' dir='ltr' id='par_1_7' title="bbox 600 1781 1917 2119">
     <span class='ocr_line' id='line_1_21' title="bbox 662 1781 1917 1849; baseline 0.005 -18"><span class='ocrx_word' id='word_1_133' title='bbox 662 1781 751 1832; x_wconf 88' lang='lat' dir='ltr'><strong>Sed</strong></span> <span class='ocrx_word' id='word_1_134' title='bbox 780 1786 935 1833; x_wconf 82' lang='lat' dir='ltr'><strong>contra</strong></span> <span class='ocrx_word' id='word_1_135' title='bbox 959 1788 1063 1846; x_wconf 84' lang='lat' dir='ltr'><strong>est,</strong></span> <span class='ocrx_word' id='word_1_136' title='bbox 1092 1786 1206 1849; x_wconf 83' lang='lat' dir='ltr'><strong>quod</strong></span> <span class='ocrx_word' id='word_1_137' title='bbox 1240 1786 1500 1836; x_wconf 76' lang='lat' dir='ltr'><strong>Ambrosius</strong></span> <span class='ocrx_word' id='word_1_138' title='bbox 1527 1787 1638 1836; x_wconf 82' lang='lat' dir='ltr'><strong>dicit</strong></span> <span class='ocrx_word' id='word_1_139' title='bbox 1669 1785 1719 1835; x_wconf 89' lang='lat' dir='ltr'><strong>in</strong></span> <span class='ocrx_word' id='word_1_140' title='bbox 1753 1786 1837 1837; x_wconf 89' lang='lat' dir='ltr'><strong>lib.</strong></span> <span class='ocrx_word' id='word_1_141' title='bbox 1870 1790 1917 1837; x_wconf 91' lang='lat' dir='ltr'><em>D</em></span> 
     </span>
     <span class='ocr_line' id='line_1_22' title="bbox 604 1853 1917 1920; baseline 0.006 -19"><span class='ocrx_word' id='word_1_142' title='bbox 604 1853 737 1902; x_wconf 57' lang='lat' dir='ltr'><strong>tione</strong></span> <span class='ocrx_word' id='word_1_143' title='bbox 750 1870 766 1902; x_wconf 89' lang='lat'><em>:</em></span> <span class='ocrx_word' id='word_1_144' title='bbox 789 1871 816 1901; x_wconf 93' lang='lat'>«</span> <span class='ocrx_word' id='word_1_145' title='bbox 828 1855 947 1904; x_wconf 89' lang='lat' dir='ltr'><strong>Deus</strong></span> <span class='ocrx_word' id='word_1_146' title='bbox 963 1854 1011 1904; x_wconf 92' lang='lat' dir='ltr'><strong>in</strong></span> <span class='ocrx_word' id='word_1_147' title='bbox 1027 1869 1162 1906; x_wconf 87' lang='lat' dir='ltr'><strong>carne</strong></span> <span class='ocrx_word' id='word_1_148' title='bbox 1179 1857 1510 1920; x_wconf 82' lang='lat' dir='ltr'><strong>perfectionem</strong></span> <span class='ocrx_word' id='word_1_149' title='bbox 1524 1860 1736 1907; x_wconf 84' lang='lat' dir='ltr'><strong>humanae</strong></span> <span class='ocrx_word' id='word_1_150' title='bbox 1751 1861 1917 1909; x_wconf 72' lang='lat' dir='ltr'><strong>natura</strong></span> 
     </span>
     <span class='ocr_line' id='line_1_23' title="bbox 600 1926 1902 1991; baseline 0.005 -18"><span class='ocrx_word' id='word_1_151' title='bbox 600 1926 800 1988; x_wconf 67' lang='lat' dir='ltr'><strong>suscepit</strong></span> <span class='ocrx_word' id='word_1_152' title='bbox 836 1939 1020 1976; x_wconf 88' lang='lat' dir='ltr'><strong>sensum</strong></span> <span class='ocrx_word' id='word_1_153' title='bbox 1054 1927 1265 1991; x_wconf 58' lang='lat' dir='ltr'><strong>hominist,</strong></span> <span class='ocrx_word' id='word_1_154' title='bbox 1303 1929 1382 1978; x_wconf 88' lang='lat' dir='ltr'><strong>sed</strong></span> <span class='ocrx_word' id='word_1_155' title='bbox 1406 1942 1498 1979; x_wconf 87' lang='lat' dir='ltr'><strong>non</strong></span> <span class='ocrx_word' id='word_1_156' title='bbox 1526 1942 1712 1979; x_wconf 88' lang='lat' dir='ltr'><strong>sensum</strong></span> <span class='ocrx_word' id='word_1_157' title='bbox 1744 1930 1902 1980; x_wconf 84' lang='lat' dir='ltr'><strong>carnis</strong></span> 
     </span>
     <span class='ocr_line' id='line_1_24' title="bbox 600 1996 1917 2064; baseline 0.005 -19"><span class='ocrx_word' id='word_1_158' title='bbox 600 1996 687 2045; x_wconf 70' lang='lat' dir='ltr'><strong>Sed</strong></span> <span class='ocrx_word' id='word_1_159' title='bbox 707 1996 763 2045; x_wconf 89' lang='lat' dir='ltr'><strong>ad</strong></span> <span class='ocrx_word' id='word_1_160' title='bbox 784 2010 969 2047; x_wconf 85' lang='lat' dir='ltr'><strong>sensum</strong></span> <span class='ocrx_word' id='word_1_161' title='bbox 987 1998 1189 2048; x_wconf 87' lang='lat' dir='ltr'><strong>hominis</strong></span> <span class='ocrx_word' id='word_1_162' title='bbox 1207 2000 1406 2061; x_wconf 87' lang='lat' dir='ltr'><strong>pertinet</strong></span> <span class='ocrx_word' id='word_1_163' title='bbox 1424 2000 1610 2050; x_wconf 87' lang='lat' dir='ltr'><strong>scientia</strong></span> <span class='ocrx_word' id='word_1_164' title='bbox 1628 2001 1800 2049; x_wconf 79' lang='lat' dir='ltr'><strong>creata.</strong></span> <span class='ocrx_word' id='word_1_165' title='bbox 1825 2001 1917 2064; x_wconf 86' lang='lat' dir='ltr'><strong>Erg</strong></span> 
     </span>
     <span class='ocr_line' id='line_1_25' title="bbox 600 2065 1120 2119; baseline 0.012 -6"><span class='ocrx_word' id='word_1_166' title='bbox 600 2065 689 2115; x_wconf 80' lang='lat' dir='ltr'><strong>fuit</strong></span> <span class='ocrx_word' id='word_1_167' title='bbox 716 2067 906 2117; x_wconf 86' lang='lat' dir='ltr'><strong>scientia</strong></span> <span class='ocrx_word' id='word_1_168' title='bbox 948 2075 1120 2119; x_wconf 85' lang='lat' dir='ltr'><strong>creata.</strong></span> 
     </span>
    </p>

    <p class='ocr_par' dir='ltr' id='par_1_8' title="bbox 600 2137 1917 2347">
     <span class='ocr_line' id='line_1_26' title="bbox 666 2137 1917 2197; baseline 0.006 -12"><span class='ocrx_word' id='word_1_169' title='bbox 666 2137 988 2197; x_wconf 62' lang='lat' dir='ltr'><strong>(Concmsm.</strong></span> <span class='ocrx_word' id='word_1_170' title='bbox 1014 2141 1287 2191; x_wconf 85' lang='lat' dir='ltr'><strong>-Necesse</strong></span> <span class='ocrx_word' id='word_1_171' title='bbox 1319 2140 1406 2190; x_wconf 82' lang='lat' dir='ltr'><strong>fuit</strong></span> <span class='ocrx_word' id='word_1_172' title='bbox 1427 2140 1602 2191; x_wconf 83' lang='lat' dir='ltr'><strong>ratione</strong></span> <span class='ocrx_word' id='word_1_173' title='bbox 1627 2142 1844 2193; x_wconf 83' lang='lat' dir='ltr'><strong>humanae</strong></span> <span class='ocrx_word' id='word_1_174' title='bbox 1873 2157 1917 2193; x_wconf 82' lang='lat' dir='ltr'><strong>m</strong></span> 
     </span>
     <span class='ocr_line' id='line_1_27' title="bbox 604 2208 1917 2276; baseline 0.008 -19"><span class='ocrx_word' id='word_1_175' title='bbox 604 2209 651 2257; x_wconf 77' lang='lat' dir='ltr'><strong>in</strong></span> <span class='ocrx_word' id='word_1_176' title='bbox 676 2208 861 2259; x_wconf 87' lang='lat' dir='ltr'><strong>Christo</strong></span> <span class='ocrx_word' id='word_1_177' title='bbox 888 2212 1091 2273; x_wconf 85' lang='lat' dir='ltr'><strong>perfecta</strong></span> <span class='ocrx_word' id='word_1_178' title='bbox 1108 2210 1214 2272; x_wconf 81' lang='lat' dir='ltr'><strong>fuit,</strong></span> <span class='ocrx_word' id='word_1_179' title='bbox 1240 2211 1380 2263; x_wconf 79' lang='lat' dir='ltr'><strong>fuisse</strong></span> <span class='ocrx_word' id='word_1_180' title='bbox 1401 2214 1450 2262; x_wconf 91' lang='lat' dir='ltr'><strong>in</strong></span> <span class='ocrx_word' id='word_1_181' title='bbox 1471 2226 1526 2263; x_wconf 89' lang='lat' dir='ltr'><strong>eo</strong></span> <span class='ocrx_word' id='word_1_182' title='bbox 1553 2212 1751 2276; x_wconf 82' lang='lat' dir='ltr'><strong>aliquam</strong></span> <span class='ocrx_word' id='word_1_183' title='bbox 1786 2214 1917 2267; x_wconf 86' lang='lat' dir='ltr'><strong>aliam</strong></span> 
     </span>
     <span class='ocr_line' id='line_1_28' title="bbox 600 2282 1310 2347; baseline 0.003 -17"><span class='ocrx_word' id='word_1_184' title='bbox 600 2283 766 2341; x_wconf 50' lang='lat' dir='ltr'><strong>&gt;praeter</strong></span> <span class='ocrx_word' id='word_1_185' title='bbox 794 2282 1034 2331; x_wconf 86' lang='lat' dir='ltr'><strong>scientiam</strong></span> <span class='ocrx_word' id='word_1_186' title='bbox 1063 2282 1310 2347; x_wconf 86' lang='lat' dir='ltr'><strong>divinam.)</strong></span> 
     </span>
    </p>

    <p class='ocr_par' dir='ltr' id='par_1_9' title="bbox 600 2352 1917 2706">
     <span class='ocr_line' id='line_1_29' title="bbox 663 2352 1917 2421; baseline 0.007 -20"><span class='ocrx_word' id='word_1_187' title='bbox 663 2352 931 2415; x_wconf 89' lang='lat' dir='ltr'><strong>Respondeo</strong></span> <span class='ocrx_word' id='word_1_188' title='bbox 980 2353 1249 2416; x_wconf 88' lang='lat' dir='ltr'><strong>dicendum,</strong></span> <span class='ocrx_word' id='word_1_189' title='bbox 1277 2355 1398 2418; x_wconf 82' lang='lat' dir='ltr'><strong>quod</strong></span> <span class='ocrx_word' id='word_1_190' title='bbox 1441 2356 1562 2406; x_wconf 87' lang='lat' dir='ltr'><strong>sicut</strong></span> <span class='ocrx_word' id='word_1_191' title='bbox 1601 2368 1658 2406; x_wconf 80' lang='lat' dir='ltr'><strong>ex</strong></span> <span class='ocrx_word' id='word_1_192' title='bbox 1709 2357 1855 2421; x_wconf 68' lang='lat' dir='ltr'><strong>supra</strong></span> <span class='ocrx_word' id='word_1_193' title='bbox 1894 2361 1917 2412; x_wconf 89' lang='lat' dir='ltr'>d</span> 
     </span>
     <span class='ocr_line' id='line_1_30' title="bbox 600 2422 1917 2495; baseline 0.007 -22"><span class='ocrx_word' id='word_1_194' title='bbox 600 2422 744 2473; x_wconf 79' lang='lat' dir='ltr'><strong>Filius</strong></span> <span class='ocrx_word' id='word_1_195' title='bbox 773 2424 854 2473; x_wconf 88' lang='lat' dir='ltr'><strong>Dei</strong></span> <span class='ocrx_word' id='word_1_196' title='bbox 882 2425 1129 2475; x_wconf 81' lang='lat' dir='ltr'><strong>humanam</strong></span> <span class='ocrx_word' id='word_1_197' title='bbox 1158 2430 1366 2477; x_wconf 86' lang='lat' dir='ltr'><strong>naturam</strong></span> <span class='ocrx_word' id='word_1_198' title='bbox 1393 2428 1616 2490; x_wconf 84' lang='lat' dir='ltr'><strong>integram</strong></span> <span class='ocrx_word' id='word_1_199' title='bbox 1641 2432 1917 2495; x_wconf 38' lang='lat' dir='ltr'><strong>assumpsit:</strong></span> 
     </span>
     <span class='ocr_line' id='line_1_31' title="bbox 604 2492 1917 2560; baseline 0.008 -19"><span class='ocrx_word' id='word_1_200' title='bbox 604 2492 748 2542; x_wconf 66' lang='lat' dir='ltr'><strong>solum</strong></span> <span class='ocrx_word' id='word_1_201' title='bbox 775 2507 938 2559; x_wconf 82' lang='lat' dir='ltr'><strong>corpus</strong></span> <span class='ocrx_word' id='word_1_202' title='bbox 956 2535 970 2560; x_wconf 92' lang='lat'>‚</span> <span class='ocrx_word' id='word_1_203' title='bbox 1003 2497 1083 2546; x_wconf 87' lang='lat' dir='ltr'><strong>sed</strong></span> <span class='ocrx_word' id='word_1_204' title='bbox 1103 2497 1240 2547; x_wconf 90' lang='lat' dir='ltr'><strong>etiam</strong></span> <span class='ocrx_word' id='word_1_205' title='bbox 1263 2498 1478 2558; x_wconf 87' lang='lat' dir='ltr'><strong>animam,</strong></span> <span class='ocrx_word' id='word_1_206' title='bbox 1505 2511 1594 2549; x_wconf 90' lang='lat' dir='ltr'><strong>non</strong></span> <span class='ocrx_word' id='word_1_207' title='bbox 1616 2497 1764 2549; x_wconf 74' lang='lat' dir='ltr'><strong>solum</strong></span> <span class='ocrx_word' id='word_1_208' title='bbox 1794 2503 1917 2553; x_wconf 84' lang='lat' dir='ltr'><strong>sensi</strong></span> 
     </span>
     <span class='ocr_line' id='line_1_32' title="bbox 600 2563 1915 2634; baseline 0.009 -22"><span class='ocrx_word' id='word_1_209' title='bbox 600 2563 736 2613; x_wconf 74' lang='lat' dir='ltr'><strong>etiam</strong></span> <span class='ocrx_word' id='word_1_210' title='bbox 776 2567 1063 2617; x_wconf 84' lang='lat' dir='ltr'><strong>rationalem.</strong></span> <span class='ocrx_word' id='word_1_211' title='bbox 1102 2569 1163 2619; x_wconf 87' lang='lat' dir='ltr'><strong>Et</strong></span> <span class='ocrx_word' id='word_1_212' title='bbox 1203 2568 1307 2619; x_wconf 87' lang='lat' dir='ltr'><strong>ideo</strong></span> <span class='ocrx_word' id='word_1_213' title='bbox 1341 2570 1540 2633; x_wconf 82' lang='lat' dir='ltr'><strong>oportuit</strong></span> <span class='ocrx_word' id='word_1_214' title='bbox 1578 2569 1698 2634; x_wconf 81' lang='lat' dir='ltr'><strong>quod</strong></span> <span class='ocrx_word' id='word_1_215' title='bbox 1735 2572 1915 2624; x_wconf 87' lang='lat' dir='ltr'><strong>habere</strong></span> 
     </span>
     <span class='ocr_line' id='line_1_33' title="bbox 600 2639 1917 2706; baseline 0.008 -21"><span class='ocrx_word' id='word_1_216' title='bbox 600 2640 793 2687; x_wconf 72' lang='lat' dir='ltr'><strong>creatam</strong></span> <span class='ocrx_word' id='word_1_217' title='bbox 824 2642 1008 2702; x_wconf 83' lang='lat' dir='ltr'><strong>propter</strong></span> <span class='ocrx_word' id='word_1_218' title='bbox 1028 2639 1146 2689; x_wconf 88' lang='lat' dir='ltr'><strong>tria:</strong></span> <span class='ocrx_word' id='word_1_219' title='bbox 1178 2640 1326 2704; x_wconf 81' lang='lat' dir='ltr'><strong>primo</strong></span> <span class='ocrx_word' id='word_1_220' title='bbox 1345 2641 1528 2705; x_wconf 88' lang='lat' dir='ltr'><strong>quidem</strong></span> <span class='ocrx_word' id='word_1_221' title='bbox 1557 2645 1744 2706; x_wconf 85' lang='lat' dir='ltr'><strong>propter</strong></span> <span class='ocrx_word' id='word_1_222' title='bbox 1767 2644 1917 2697; x_wconf 65' lang='lat' dir='ltr'><strong>anima</strong></span> 
     </span>
    </p>
   </div>
   <div class='ocr_carea' id='block_1_5' title="bbox 600 2800 1917 2930">
    <p class='ocr_par' dir='ltr' id='par_1_10' title="bbox 600 2800 1917 2930">
     <span class='ocr_line' id='line_1_34' title="bbox 664 2800 1917 2868; baseline 0.004 -22"><span class='ocrx_word' id='word_1_223' title='bbox 664 2800 729 2861; x_wconf 85' lang='lat'><strong>(1)</strong></span> <span class='ocrx_word' id='word_1_224' title='bbox 758 2804 823 2847; x_wconf 85' lang='lat' dir='ltr'><strong>De</strong></span> <span class='ocrx_word' id='word_1_225' title='bbox 844 2802 917 2847; x_wconf 85' lang='lat' dir='ltr'><strong>his</strong></span> <span class='ocrx_word' id='word_1_226' title='bbox 938 2802 1080 2848; x_wconf 84' lang='lat' dir='ltr'><strong>etiam</strong></span> <span class='ocrx_word' id='word_1_227' title='bbox 1103 2802 1150 2847; x_wconf 86' lang='lat' dir='ltr'><strong>in</strong></span> <span class='ocrx_word' id='word_1_228' title='bbox 1168 2804 1214 2848; x_wconf 91' lang='lat'><strong>11</strong></span> <span class='ocrx_word' id='word_1_229' title='bbox 1229 2837 1242 2861; x_wconf 90' lang='lat'>,</span> <span class='ocrx_word' id='word_1_230' title='bbox 1261 2802 1418 2854; x_wconf 67' lang='lat' dir='ltr'><strong>Sene„</strong></span> <span class='ocrx_word' id='word_1_231' title='bbox 1435 2805 1544 2851; x_wconf 83' lang='lat' dir='ltr'><strong>dist.</strong></span> <span class='ocrx_word' id='word_1_232' title='bbox 1569 2803 1648 2862; x_wconf 70' lang='lat'><strong>14,</strong></span> <span class='ocrx_word' id='word_1_233' title='bbox 1669 2810 1759 2853; x_wconf 81' lang='lat' dir='ltr'><strong>art.</strong></span> <span class='ocrx_word' id='word_1_234' title='bbox 1784 2806 1834 2867; x_wconf 84' lang='lat'><strong>1,</strong></span> <span class='ocrx_word' id='word_1_235' title='bbox 1858 2822 1917 2868; x_wconf 74' lang='lat' dir='ltr'><strong>qu</strong></span> 
     </span>
     <span class='ocr_line' id='line_1_35' title="bbox 600 2864 1917 2930; baseline 0.008 -21"><span class='ocrx_word' id='word_1_236' title='bbox 600 2873 647 2909; x_wconf 76' lang='lat' dir='ltr'><strong>et</strong></span> <span class='ocrx_word' id='word_1_237' title='bbox 667 2876 748 2921; x_wconf 84' lang='lat' dir='ltr'><strong>qu.</strong></span> <span class='ocrx_word' id='word_1_238' title='bbox 773 2864 853 2926; x_wconf 81' lang='lat'><strong>20,</strong></span> <span class='ocrx_word' id='word_1_239' title='bbox 874 2866 1106 2924; x_wconf 65' lang='lat' dir='ltr'><strong>daverit„</strong></span> <span class='ocrx_word' id='word_1_240' title='bbox 1133 2871 1219 2913; x_wconf 80' lang='lat' dir='ltr'><strong>art.</strong></span> <span class='ocrx_word' id='word_1_241' title='bbox 1242 2866 1301 2922; x_wconf 78' lang='lat'><strong>23</strong></span> <span class='ocrx_word' id='word_1_242' title='bbox 1335 2874 1381 2913; x_wconf 81' lang='lat' dir='ltr'><strong>et</strong></span> <span class='ocrx_word' id='word_1_243' title='bbox 1412 2868 1615 2927; x_wconf 65' lang='lat' dir='ltr'><strong>opusc„</strong></span> <span class='ocrx_word' id='word_1_244' title='bbox 1642 2870 1744 2930; x_wconf 87' lang='lat'>111,</span> <span class='ocrx_word' id='word_1_245' title='bbox 1767 2882 1884 2929; x_wconf 84' lang='lat' dir='ltr'><strong>cap.</strong></span> <span class='ocrx_word' id='word_1_246' title='bbox 1910 2877 1917 2918; x_wconf 71' lang='grc'>1</span> 
     </span>
    </p>
   </div>
  </div>
 </body>
</html>
