1917 3317
515 180 605 227 22⁰
935 186 1056 225 uns
1090 188 1169 235 m,
1202 186 1388 231 ouaesr.
1423 185 1467 236 1,
1501 184 1612 223 m.
1647 188 1681 223 1.

584 264 907 328 (commem.
929 289 992 301 —
1009 262 1122 313 Cum
1145 261 1248 326 ipsa
1274 262 1357 313 Dei
1377 265 1535 312 natura
1560 262 1621 312 sit
1638 260 1833 313 essentia
1858 258 1917 308 bo

515 339 650 400 etque
691 336 747 386 ad
789 334 1014 385 rationem
1054 334 1161 385 boni
1196 334 1422 399 pertineat
1460 337 1514 383 ut
1555 347 1604 384 se
1642 334 1743 383 aliis
1775 344 1917 383 eomm1

515 407 805 473 perspicuum
830 412 903 457 est
931 406 1138 457 decuisse
1157 406 1296 455 Deum
1305 418 1496 455 summo
1518 406 1651 456 modo
1677 418 1727 455 se
1749 402 1917 454 creaturi

515 478 743 528 muniente
761 516 775 541 ,
801 478 924 542 quod
959 478 1010 527 in
1050 490 1188 542 opere
1214 475 1538 528 lucarnationis
1570 477 1805 542 impletum
1830 478 1913 526 est.

579 549 848 614 Respondeo
883 549 1124 600 dicendum
1140 586 1154 610 ‚
1176 548 1297 613 qnod
1333 548 1579 611 unicuique
1612 549 1677 598 rei
1722 546 1917 598 conveni«

515 621 628 672 illud
665 622 782 685 quod
819 622 1037 672 convenit
1064 621 1107 673 ei
1139 620 1387 671 seeundum
1421 620 1641 670 rationem
1674 619 1865 683 propriae
1888 632 1915 668 ιι

515 692 633 743 sicut
660 693 834 744 homini
860 692 1145 742 conveniens
1174 693 1248 741 est
1273 690 1547 754 ratiocinari3
1577 691 1685 755 quia
1712 692 1801 741 hoe
1826 691 1869 741 ei
1896 704 1917 739 c

519 765 564 813 in
584 770 803 828 quantum
825 769 898 815 est
915 763 1149 815 rationalis
1166 764 1413 814 secundum
1434 766 1641 813 naturam
1664 777 1810 814 suam.
1832 765 1917 827 lpsz

519 840 677 885 natura
697 836 776 887 Dei
803 841 876 887 est
901 835 1101 888 essentia
1135 834 1377 896 bonitatis,
1410 838 1460 884 ut
1494 838 1621 899 patet
1640 848 1725 899 per
1760 836 1917 899 Dionys

519 920 621 972 rep.
655 909 913 957 Dedivin.
942 908 1095 958 Nom.
1128 907 1256 957 Unde
1287 907 1340 957 ad
1377 906 1594 957 rationem
1619 907 1732 974 Dei,
1766 911 1917 971 utpote

519 978 654 1040 honi,
687 979 882 1043 pertinet
911 979 1032 1042 quod
1070 992 1247 1029 summo
1280 978 1413 1029 modo
1448 992 1497 1028 se
1527 982 1748 1029 creaturae
1787 992 1917 1029 comn

523 1051 641 1114 quod
667 1050 854 1114 quidem
885 1049 1081 1101 maxime
1119 1050 1168 1099 fit
1206 1062 1287 1113 per
1314 1050 1400 1099 hoo
1424 1048 1544 1112 quod
1577 1052 1787 1099 naturam
1824 1062 1917 1100 crea

524 1121 610 1172 sibi
643 1121 908 1185 conjungit,
929 1126 981 1170 ut
1018 1134 1107 1172 una
1134 1133 1328 1185 persona
1358 1122 1437 1170 fiat
1462 1134 1519 1170 ex
1553 1120 1695 1171 tribus
1714 1160 1726 1182 ,
1758 1121 1917 1172 scilice

523 1192 698 1254 anima,
738 1195 785 1242 et
821 1205 955 1243 carne
976 1228 990 1253 ‚
1025 1192 1144 1242 sicut
1178 1192 1288 1242 dicit
1328 1192 1608 1254 Augustinus
1639 1193 1762 1242 XIII.
1810 1194 1884 1243 De

523 1265 660 1329 [cap.
695 1267 752 1313 17
768 1264 804 1326 ).
833 1263 964 1315 Unde
998 1264 1286 1314 manifestum
1315 1268 1387 1313 est
1414 1262 1533 1326 quod
1558 1264 1843 1315 conveniens
1870 1265 1917 1315 fu

527 1347 769 1384 mearnan.

589 1407 656 1456 Ad
695 1407 888 1469 primum
912 1419 1021 1470 ergo
1056 1406 1326 1466 dicendum,
1348 1405 1471 1470 quod
1496 1406 1829 1457 Inearnationis
1858 1421 1917 1472 m}

531 1489 622 1527 non
654 1481 724 1528 est
752 1478 988 1542 impletum
1014 1492 1098 1543 per
1124 1479 1213 1527 hoc
1247 1478 1367 1541 quod
1396 1479 1512 1528 Deus
1538 1477 1598 1527 sit
1626 1476 1781 1541 aliquo
1817 1482 1917 1531 mod

531 1552 650 1599 statu
681 1549 943 1600 immutatus
962 1588 974 1611 ,
1008 1549 1057 1599 in
1092 1563 1181 1613 quo
1211 1550 1267 1599 ab
1307 1553 1478 1600 aeterno
1509 1548 1595 1599 fuit
1614 1587 1627 1613 ‚
1660 1549 1739 1599 sed
1770 1563 1855 1615 per
1886 1552 1915 1600 h

531 1634 648 1671 novo
677 1622 811 1671 modo
831 1634 880 1671 se
912 1625 1127 1672 creaturae
1148 1620 1324 1682 univit,
1345 1622 1419 1671 vel
1440 1620 1591 1685 potius
1616 1634 1717 1671 eam
1741 1622 1851 1673 sibi.
1877 1625 1917 1673 E:

531 1693 804 1743 conveniens
831 1698 882 1742 ut
909 1697 1114 1742 ereatura
1144 1706 1245 1755 quae
1272 1694 1516 1743 secundum
1545 1693 1774 1743 rationem·
1806 1695 1879 1743 sui
1906 1711 1917 1744 ι

531 1769 627 1824 est,
654 1777 746 1813 non
778 1778 958 1827 semper
994 1764 1155 1814 eodem
1188 1764 1319 1814 modo
1348 1778 1396 1814 se
1426 1764 1608 1813 habeat.
1648 1764 1707 1813 Et
1734 1765 1839 1815 ideo
1868 1766 1917 1816 si«

535 1839 630 1885 tura
660 1836 845 1900 incoepit
866 1849 987 1899 esse,
1009 1848 1110 1885 cum
1137 1836 1264 1900 prius
1292 1849 1379 1886 non
1408 1839 1550 1893 esset,
1568 1834 1631 1884 ita
1653 1837 1917 1888 eonvenien‘

535 1908 657 1970 prius
674 1920 764 1958 non
785 1912 911 1959 esset
931 1907 1058 1957 unita
1082 1909 1174 1957 Deo
1197 1908 1244 1956 in
1262 1918 1481 1971 persona,
1502 1907 1792 1970 postmodum
1814 1908 1859 1958 ei
1881 1910 1917 1959 ft

595 1980 659 2029 Ad
703 1981 952 2030 seeundum
991 1979 1230 2030 dicendum
1251 2017 1263 2040 ,
1298 1977 1420 2043 quod
1452 1979 1573 2029 uniri
1606 1980 1698 2029 Deo
1736 1979 1788 2029 in
1814 1982 1917 2032 unit

535 2065 658 2103 sonae
675 2088 688 2115 ,
716 2064 808 2103 non
833 2051 920 2101 fuit
938 2051 1217 2102 conveniens
1251 2052 1376 2101 carni
1401 2052 1609 2102 humanae
1634 2054 1890 2103 secundum
1914 2076 1917 2095 ι

539 2137 638 2173 nem
662 2137 754 2173 suae
775 2128 967 2183 naturae,
988 2123 1095 2186 quia
1122 2124 1210 2173 hoc
1232 2127 1325 2173 erat
1359 2137 1494 2187 supra
1519 2122 1787 2186 dignitatem
1818 2125 1917 2187 ipsi:

535 2195 723 2246 veniens
749 2198 902 2246 tamen
928 2195 1016 2245 fuit
1039 2196 1135 2245 ¹Deo
1167 2196 1414 2246 secundum
1448 2196 1671 2245 infinitam
1704 2198 1913 2248 excetlen

539 2265 690 2317 nitatis
724 2267 849 2330 ejus',
879 2270 929 2317 ut
957 2267 1045 2317 sibi
1073 2279 1173 2317 eam
1211 2266 1361 2317 uniret
1395 2279 1477 2332 pro
1506 2267 1649 2316 salute
1681 2268 1903 2320 humana.

598 2339 667 2387 Ad
701 2338 882 2388 tertium
914 2338 1185 2402 dicendum,
1220 2338 1340 2402 quod
1383 2338 1601 2401 quaelibet
1628 2338 1716 2389 alia
1745 2340 1917 2391 conditi

539 2410 643 2461 dum
671 2423 807 2473 quam
837 2414 1042 2460 ereatura
1068 2407 1359 2475 quiecumque
1394 2410 1542 2460 differt
1580 2409 1606 2459 ὲ
1630 2412 1845 2463 creatore
1864 2450 1880 2475 ,
1911 2414 1917 2462 ἐ

539 2482 711 2546 pientia
733 2485 806 2532 est
832 2480 1061 2544 instituta,
1088 2486 1136 2532 et
1159 2482 1214 2531 ad
1242 2482 1322 2531 Dei
1347 2469 1600 2532 &nitatem
1617 2483 1851 2547 ordinata3
1878 2486 1915 2535 Ι)

539 2558 721 2617 propter
747 2565 875 2603 suam
900 2553 1145 2604 bonitatem
1158 2591 1175 2617 ,
1199 2567 1301 2603 cum
1331 2553 1390 2603 sit
1417 2553 1649 2603 increatus
1668 2592 1681 2615 ,
1710 2554 1917 2606 immobil

539 2638 778 2688 corporeus
795 2662 807 2686 ,
831 2624 1045 2689 produxit
1062 2628 1287 2675 creaturas
1306 2626 1494 2677 mobiles
1509 2632 1556 2677 et
1573 2638 1834 2689 corporeas.
1855 2628 1917 2678 Et

539 2697 705 2746 malum
741 2710 886 2761 poenae
917 2696 943 2747 ὲ
970 2696 1051 2746 Dei
1070 2697 1251 2760 justitia
1294 2700 1365 2747 est
1404 2697 1706 2748 introductum
1738 2703 1917 2762 propter

539 2766 649 2831 Dei3
673 2769 836 2818 malum
864 2766 979 2828 vero,
999 2768 1142 2831 culpae
1165 2769 1458 2819 committitur
1484 2782 1566 2831 per
1605 2781 1839 2819 recessum
1864 2767 1917 2820 ‘ab

539 2839 660 2889 vinae
697 2838 934 2903 sapientiae
949 2876 967 2903 ,
996 2843 1043 2889 et
1069 2840 1127 2889 ab
1154 2839 1309 2890 ordine
1334 2838 1500 2889 divinae
1528 2840 1766 2890 bonitatis
1799 2842 1858 2891 Et
1900 2842 1916 2890 i

540 2910 817 2962 conveniens
840 2924 942 2962 esse
969 2910 1114 2974 potuit
1133 2923 1362 2961 assumere
1388 2914 1595 2961 naturam
1621 2916 1827 2963 creatam
1851 2926 1917 2965 mi
