1917 3317
542 119 636 165 274
932 128 1053 164 nus
1084 128 1167 177 m,
1197 126 1389 172 quast.
1424 127 1508 175 m,
1542 125 1657 164 Διιτ.
1690 128 1766 164 m.

544 210 592 257 et
620 206 739 269 quod
762 204 883 253 aliud
904 206 1137 253 remaneat
1158 242 1170 262 ‚
1196 203 1301 265 quia
1323 207 1468 252 totum
1488 204 1609 265 quod
1631 207 1705 252 est
1725 203 1779 253 in
1795 205 1917 267 Deo,

543 277 668 327 salva
698 276 989 326 distinetione
1017 288 1313 338 personarum
1332 290 1344 337 3
1365 288 1556 336 quarum
1578 279 1734 324 tamen
1768 290 1862 325 uua
1888 280 1917 324 t«

543 349 667 398 blata
698 348 785 396 alia
803 386 816 409 ,
847 348 952 410 quia
974 347 1315 406 distinguuntur
1346 346 1454 395 solis
1476 347 1806 409 relationibus,
1833 362 1917 411 qu}

545 434 647 471 esse
676 421 830 469 simul.
862 419 962 468 Alio
997 420 1161 479 modo,
1203 431 1253 466 se
1281 418 1420 466 babet
1459 417 1724 467 intellectus
1755 421 1814 467 ad
1854 422 1917 469 di*

544 492 727 554 quidem
758 490 890 553 qnasi
917 503 1199 551 cognosceus
1226 491 1365 538 Deum
1394 492 1444 537 ut
1470 494 1558 549 est,
1584 490 1667 538 sed
1694 503 1777 552 per
1796 492 1917 540 mod*

547 563 724 611 scilicet
746 562 1056 625 multipliciter
1085 566 1130 609 et
1158 561 1358 616 divisim,
1394 560 1437 607 id
1464 562 1582 622 quod
1612 560 1661 609 in
1699 562 1794 611 Deo
1825 567 1911 612 est.

546 648 626 699 per
657 637 778 683 bunc
804 636 985 682 modum
1007 637 1155 696 potest
1177 632 1436 680 intellectus
1459 637 1611 680 noster
1633 632 1905 695 intelligere

548 710 596 755 et
614 706 884 769 sapientiam
910 704 1110 752 divinam
1129 742 1140 762 ,
1163 708 1206 752 et
1229 704 1314 750 alia
1333 703 1623 764 hujusmodi,
1645 718 1748 765 quae
1768 704 1917 755 dicun

546 778 671 826 tialia
698 778 909 824 attributa
931 813 943 836 ,
975 789 1067 823 nou
1106 773 1335 823 intellecta
1366 775 1637 837 paternitate
1678 776 1756 825 vel
1787 777 1912 827 fili-at

547 850 761 897 dicuntur
786 846 1150 910 personalitates
1183 847 1237 894 Et
1266 846 1517 894 secundnm
1562 849 1646 895 hoc
1676 847 1917 900 abstracta

551 921 676 969 litate
719 931 803 981 per
845 918 1151 978 intellectum,
1180 931 1424 981 possumus
1469 919 1616 967 adhue
1656 918 1917 983 intelliget*

549 995 879 1039 assumentem.

613 1064 681 1110 Ad
716 1063 911 1124 primum
939 1074 1047 1124 ergo
1082 1060 1321 1110 dicendum
1340 1100 1351 1121 ,
1380 1060 1498 1123 quod
1519 1060 1624 1122 qnia
1660 1061 1710 1110 in
1733 1063 1917 1116 divinis

552 1149 647 1196 quo
678 1137 751 1181 est
778 1139 825 1181 et
856 1133 991 1195 quod
1022 1137 1123 1188 est,
1157 1133 1376 1195 quidquid
1403 1146 1558 1181 eorum
1595 1147 1696 1195 quae
1728 1136 1912 1187 attribu

551 1205 599 1254 in
636 1205 863 1252 abstracto
880 1240 897 1265 ‚
925 1204 966 1251 si
987 1203 1233 1252 secundnm
1254 1216 1303 1251 se
1326 1204 1633 1252 consideretur
1659 1205 1765 1254 aliis
1787 1208 1917 1258 circu

551 1276 637 1326 erit
664 1274 833 1337 aliquid
854 1274 1134 1336 subsistens,
1156 1280 1200 1323 et
1229 1288 1309 1337 per
1328 1287 1616 1337 consequens
1643 1289 1850 1338 persona
1867 1319 1882 1339 ,

556 1351 714 1396 natura
758 1346 1069 1395 intellectuali.
1105 1347 1229 1395 Sicut
1268 1347 1405 1409 igitur
1440 1360 1560 1395 nune
1600 1347 1770 1409 positis
1817 1364 1910 1412 pro

557 1419 889 1483 personatibus,
916 1418 965 1467 in
995 1420 1086 1468 Deo
1110 1419 1299 1467 dicimus
1330 1422 1433 1466 tres
1455 1432 1727 1480 personas,
1759 1419 1833 1470 ita
1864 1437 1917 1473 e}

555 1492 835 1540 intellectum
862 1490 1215 1553 proprietatibus
1235 1490 1549 1553 personalibus
1566 1527 1578 1548 ‚
1603 1492 1876 1541 remanebit
1902 1495 1917 1542 i

555 1562 729 1611 ratione
757 1565 910 1611 nostra
938 1566 1099 1610 natura
1133 1561 1288 1611 divina
1321 1565 1371 1608 ut
1398 1560 1670 1609 subsistens
1697 1565 1747 1610 et
1775 1569 1832 1611 ut
1852 1580 1917 1627 pe

555 1646 636 1695 per
653 1634 774 1681 hunc
798 1634 980 1682 modum
1002 1636 1156 1695 potest
1181 1632 1373 1695 intelligi
1392 1632 1512 1695 quod
1532 1638 1735 1682 assumat
1763 1641 1917 1687 natur

561 1716 664 1752 nam
691 1704 867 1753 ratione
895 1716 990 1753 suae
1015 1705 1317 1754 subsistentiae
1355 1703 1429 1753 vel
1466 1704 1831 1766 personalitatis.

622 1776 689 1825 Ad
707 1777 954 1825 secundum
985 1776 1226 1825 dicendum
1242 1814 1255 1836 ,
1279 1775 1399 1839 quod
1419 1776 1555 1825 etiam
1584 1776 1917 1844 circumseript

560 1845 790 1896 tellectum
814 1847 1209 1911 personalitatibus
1236 1849 1373 1895 trium
1402 1860 1724 1911 personarum,
1742 1862 1917 1902 teman

560 1919 740 1967 tellectu
771 1935 799 1965 «
823 1932 915 1967 una
946 1918 1248 1982 personalitas
1289 1918 1398 1979 Dei,
1445 1934 1473 1963 »
1501 1923 1553 1967 ut
1580 1919 1729 1969 Judaei
1771 1920 1917 1974 intell

561 2002 694 2052 quam
734 1991 901 2052 poterit
937 1990 1173 2040 terminari
1212 1990 1487 2054 assumptio,
1523 1991 1642 2041 sicut
1680 2004 1814 2041 nunc
1847 1995 1917 2046 di(

559 2060 794 2110 terminari
832 2064 888 2111 ad
922 2076 1164 2125 personam
1199 2062 1353 2111 Verbi.

626 2133 693 2181 Ad
715 2133 899 2182 tertium
928 2134 1174 2183 dicendum
1197 2170 1210 2194 ,
1236 2132 1359 2197 quod
1391 2133 1617 2184 abstracta
1639 2137 1917 2198 personant

563 2204 823 2267 tellectum,
854 2205 1021 2254 dicitur
1070 2206 1185 2254 nibil
1231 2218 1467 2255 remanere
1509 2219 1595 2269 per
1620 2207 1815 2257 modum
1856 2225 1910 2261 re

562 2276 695 2337 quasi
727 2275 851 2324 aliud
877 2276 938 2326 sit
969 2277 1090 2340 quod
1117 2275 1356 2339 subjicitur
1379 2277 1615 2340 relationi,
1645 2281 1693 2327 et
1717 2278 1847 2330 aliud
1879 2283 1917 2346 i1

563 2347 669 2409 quia
694 2347 918 2410 ,quiequid
944 2348 1258 2398 consideratur
1285 2349 1333 2397 iu
1357 2351 1449 2397 Deo
1467 2386 1481 2411 ,
1512 2349 1829 2401 consideratur
1858 2357 1916 2403 ut

566 2421 678 2466 tum
707 2420 994 2467 subsistens.
1027 2420 1181 2469 Potest
1203 2424 1350 2469 tamen
1370 2420 1543 2483 aliquid
1570 2432 1727 2470 eorum
1747 2436 1858 2485 quae
1880 2426 1913 2475 d

563 2490 657 2538 Deo
682 2488 876 2551 intelligi
898 2490 1001 2540 sine
1024 2490 1140 2553 alio,
1174 2504 1265 2541 non
1297 2503 1379 2555 per
1410 2493 1592 2542 modum
1626 2493 1917 2547 resolutioni.⁴

567 2561 748 2611 modum
776 2561 875 2624 jam
905 2561 1098 2613 dictum.
