1917 3317
253 190 286 225 nr
300 188 392 227 naama
407 189 511 240 onmem,
529 189 583 227 arc.
772 181 819 231 tit

44 266 107 325 aput
118 274 171 313 mun
183 263 281 314 mutiret.
289 280 304 311 a
320 264 482 329 Temperantia
493 264 562 315 etiam
575 268 599 317 et
610 265 750 317 continentia
764 272 821 321 sunt

47 338 97 382 irea
109 335 282 399 oomupiseentias
299 350 401 399 pravas,
417 350 469 401 qum
491 336 516 387 in
535 338 628 389 Christo
647 352 694 390 non
715 338 819 393 inerunt.

44 410 100 466 firgo
107 406 192 457 dirutus
202 422 248 459 non
265 408 345 458 habuit
358 408 462 460 uirtutes

74 478 111 527 Sed
121 483 184 529 mama
196 484 242 541 est,
256 480 319 545 qnod
330 494 397 545 super
409 482 466 532 iliud
479 481 576 533 Peatm.
589 484 599 532 1
616 498 623 533 ε
640 484 710 535 used
727 486 752 535 in
767 487 819 553 lege

44 549 318 614 immmundiora.»
327 550 489 603 aerternae:
502 552 566 603 aare
576 554 703 605 osannam
712 555 818 609 cuasam

47 623 115 669 ‚tenus
125 623 176 671 omui
190 623 257 673 bono.
279 638 294 669 u
316 623 362 673 Sed
379 624 439 673 bona
459 624 557 687 qualitas
576 625 661 675 mentis
683 630 719 677 est
736 628 816 680 virtus¹

44 697 97 754 iugo
107 694 187 745 misma
198 696 243 745 init
255 696 340 759 plenus
350 695 413 745 omni
420 695 514 747 minute.

72 766 311 824 (termnum—Cium
323 766 350 815 in
361 766 451 816 Christo
467 766 538 817 tuerit
553 768 627 819 omnis
641 768 720 833 gratiae
734 769 816 834 pleni-

44 837 104 895 tudo,
116 838 252 889 massarium
260 838 306 887 fuit
314 837 341 886 in
351 836 401 901 ipso
412 850 493 889 omnes
509 838 604 890 uirtutes
617 842 688 901 esse.)

71 908 183 971 Respondeo
191 909 322 971 dicendum,
330 906 390 971 qudd
398 909 459 959 siem
468 908 493 958 in
501 908 529 959 tt.
537 912 596 973 part.
609 909 695 960 dietum
706 914 741 961 eat
750 912 816 977 (m,
916 922 917 945 ³

44 993 77 1039 opu.
92 982 143 1041 tit,
153 984 193 1030 art.
206 979 244 1045 t),
261 979 322 1029 siem
333 979 405 1042 gratia
417 979 512 1043 respicit
531 982 654 1031 essentiam
671 982 770 1045 animm,
785 984 819 1035 ita

44 1052 103 1100 ‚irtus
115 1051 198 1115 respicit
208 1051 337 1115 potentiam
352 1052 412 1115 ejus.
428 1052 494 1103 Unde
507 1055 598 1116 oportet
609 1052 685 1117 quod,
700 1052 760 1103 sieut
773 1066 816 1118 po-

44 1122 105 1171 ‚entiae
121 1124 194 1173 anima
210 1122 345 1173 derivantur
364 1122 457 1187 atejus
475 1123 591 1185 essentia,
606 1124 638 1173 ita
657 1124 755 1175 rimutes
771 1124 819 1176 sint
916 1140 917 1167 t

46 1193 126 1250 puamm
134 1194 284 1244 derivationes
292 1192 381 1255 gratia.
390 1192 480 1251 Quanto
491 1197 567 1244 antem
578 1193 669 1257 aliquod
680 1195 818 1259 principium

44 1269 68 1311 est
81 1265 199 1328 perfectius,
210 1262 276 1315 tanto
287 1263 360 1327 magis
371 1263 481 1327 imprimit
493 1278 546 1315 suos
554 1264 661 1317 effeetus.
672 1266 751 1329 Unde,
764 1265 817 1317 edm
916 1286 917 1315 i

44 1337 99 1393 maiia
115 1336 191 1387 tirristi
207 1335 279 1386 fuerit
291 1334 471 1398 perfectissima,
488 1348 632 1399 consequeus
653 1338 689 1386 est
709 1336 769 1400 quod
787 1350 818 1387 ex

48 1420 80 1466 tit
94 1408 236 1471 emeremni
250 1407 349 1457 uirtutes
360 1406 389 1456 ad
400 1405 563 1469 perficiendum
582 1406 684 1470 singutas
701 1409 817 1471 potentias
916 1392 917 1427 ³

45 1479 106 1528 ruina
112 1516 120 1542 ,
131 1483 237 1543 pmntum
249 1479 279 1528 ad
291 1490 371 1529 omnes
387 1477 470 1529 animm
484 1480 558 1528 aetus.
575 1478 604 1527 Et
617 1477 648 1527 ita
659 1477 762 1529 Christus
775 1481 817 1530 ha·
916 1510 917 1515 κ

48 1549 269 1601 uitomnesvirtntes.
916 1572 917 1579 ¹

66 1623 93 1669 td
105 1622 193 1685 pinum
214 1634 271 1685 ergo
292 1618 428 1682 dicendum,
442 1619 504 1684 quod
523 1618 596 1683 gratia
614 1618 699 1669 suffieit
715 1618 814 1682 homini,
916 1636 917 1689 3

45 1699 127 1751 guarum
136 1697 163 1745 ad
175 1693 257 1745 omnia
269 1691 353 1756 quibus
366 1692 483 1743 ordinatur
497 1692 526 1741 ad
543 1690 715 1741 beatitudinem.
731 1691 816 1743 Horum
916 1712 917 1737 r

44 1777 98 1813 amen
112 1768 213 1829 medam
229 1762 321 1829 perficit
336 1761 408 1827 gratia
420 1760 552 1813 immediati
566 1775 607 1826 per
629 1762 743 1827 seipsam,
758 1762 817 1813 siout
916 1760 917 1827 t

44 1841 122 1892 [tr-utum
131 1840 216 1902 faeere
230 1836 298 1891 Deo,
313 1837 338 1883 et
347 1833 391 1885 alia
400 1833 547 1899 hujusmodi3
563 1834 666 1898 quaedam
680 1838 756 1885 autem
768 1846 817 1885 me·
916 1888 917 1909 χ

44 1909 127 1959 :mutim
135 1908 279 1967 ruentibus,
292 1919 343 1969 qua
355 1918 386 1955 ex
398 1905 471 1968 grata
484 1905 618 1969 procedunt.

62 1982 86 2027 td
95 1982 212 2033 murm
226 1979 366 2040 numanum,
380 1976 441 2041 quau
454 1974 546 2027 naritus
559 1976 598 2027 rue
611 1977 717 2027 heroicus
729 1978 768 2027 va
779 1976 815 2027 ut·
916 1944 917 2007 ἶ

44 2050 90 2100 :nus
100 2067 140 2104 non
157 2053 237 2104 diflert
250 2049 364 2101 drirtnte
376 2047 525 2099 communiter
538 2047 612 2112 dieta,
626 2048 671 2099 nisi
690 2046 816 2099 seuuudium

44 2125 166 2180 perfectiorem
176 2125 284 2183 modum,
293 2121 320 2170 in
329 2122 439 2183 quantum
449 2118 537 2169 scilieet
550 2118 633 2183 aliquis
643 2122 678 2169 est
692 2119 815 2183 dispositus
916 2130 917 2151 t

45 2203 65 2239 n
76 2197 144 2248 mrum
162 2197 265 2261 quodam
282 2190 359 2243 altiori
371 2192 440 2242 modo
455 2190 525 2255 quim
543 2190 691 2241 communiter
709 2190 815 2243 omnibns
916 2192 917 2195 ’

54 2273 133 2328 =²npetat
149 2265 217 2319 Unde
238 2278 283 2331 per
298 2265 343 2314 hou
360 2275 408 2313 non
426 2262 554 2315 ostenditur
570 2260 631 2325 quid
648 2261 754 2313 Christus
767 2274 815 2313 non

47 2337 119 2389 ,nouerit
130 2340 243 2397 uirtutes,
258 2338 299 2387 sed
317 2333 378 2398 quod
395 2333 500 2384 habuerit
519 2346 558 2383 eas
577 2332 742 2396 perfectissime
755 2334 815 2384 rdtra

57 2422 154 2462 sanarem
166 2411 277 2471 modum,
294 2407 357 2457 sient
366 2405 435 2457 etiam
447 2404 634 2468 Plotiuusposuit
647 2406 766 2468 quemdam
776 2418 815 2455 su-

47 2478 109 2532 ttuen
121 2485 211 2535 modum
228 2481 358 2539 virtutum,
369 2489 425 2541 quas
437 2489 490 2527 ease
504 2475 560 2526 dixit
573 2493 587 2525 «
603 2474 673 2525 animi
686 2476 811 2540 purgatio

67 2553 174 2604 titurium
187 2551 324 2613 dicendum,
336 2548 398 2612 qnod
408 2546 529 2598 liberalitas
542 2550 565 2597 et
574 2546 743 2611 magnificentia
751 2560 814 2598 com·

50 2626 215 2675 nutantmetrra
225 2620 483 2683 diuitias,iuqnantnm
493 2616 723 2681 aliquianontantdm
733 2630 814 2683 appre-

50 2698 92 2741 ’.εἰει
105 2697 188 2747 diuitias
201 2693 268 2759 qudd
279 2690 336 2743 velit
347 2703 386 2742 eas
397 2688 503 2751 retinere,
514 2689 707 2754 pretermittenda
719 2688 743 2739 id
752 2686 813 2751 quod

51 2765 169 2829 rerioportet.
181 2768 224 2819 llle
237 2768 318 2816 antem
336 2760 430 2813 minime
441 2760 533 2813 divitias
547 2760 701 2825 appretiatur,
716 2757 755 2822 qui
772 2770 813 2821 pe·

51 2839 90 2884 uin
102 2851 133 2890 eas
143 2836 270 2891 mntemnit
289 2838 315 2886 et
333 2832 412 2897 abjicit
429 2835 521 2897 propter
537 2831 683 2897 perfeetionis
702 2840 812 2879 amorem.

52 2901 144 2963 [tituta
157 2912 200 2963 troo
215 2910 270 2975 ipso
278 2904 342 2973 qndd
354 2903 459 2957 Christus
471 2916 552 2955 omnes
561 2902 653 2955 diuitias
665 2897 811 2963 contempsit,
