1917 3317
132 155 180 204 ets
320 161 380 200 raas
397 163 438 212 m,
454 162 548 208 onnsr.
563 163 636 212 mr,
652 160 705 200 aar.
722 163 747 200 ι.

129 244 225 292 uenerat
242 242 347 302 conupta
364 251 468 302 reparare
476 275 485 301 ‚
498 238 584 288 nullam
599 238 768 302 corruptiorem
780 237 823 288 ere
837 231 915 283 diminu-

129 311 216 362 tionem
233 309 360 372 integritati
370 310 448 360 llatris
461 311 512 374 ejus
526 309 609 360 iulerre
623 311 713 374 debuit,
726 314 753 359 nt
766 306 836 374 supra
849 307 915 383 dictus

131 389 167 434 est
179 385 235 446 (qu.
254 386 297 442 28,
313 385 355 432 art.
372 385 386 432 1
401 385 424 431 el
436 381 473 444 Ξ).
489 382 517 430 Et
527 381 580 431 ideo
597 395 645 433 non
661 383 741 433 debuit
755 380 911 446 corpoream

129 454 220 505 formari
237 453 265 502 de
281 465 348 503 carne
366 453 403 502 rel
417 452 507 502 ossibus
521 451 637 515 Virginis,
653 453 695 503 sed
710 455 740 504 de
754 452 878 516 sangnine,
891 462 911 510 q.

130 525 229 574 nondum
246 529 282 573 est
296 528 348 573 actu
365 537 431 588 pars,
447 524 488 573 sed
501 527 536 572 est
550 524 655 586 potentia
669 527 757 587 tolum,
771 529 798 575 ut
814 524 890 597 dicitnr
901 523 910 566 ³.-

130 594 171 645 lih.
187 597 206 644 l.
221 597 257 644 De
269 593 597 644 Generationennimnlium
610 594 673 661 (cap.
688 601 743 654 18t.
753 598 784 646 lit
793 598 845 648 idco
856 595 913 642 diui·

131 681 220 718 carnem
236 667 263 717 de
273 666 365 730 Virgine
379 666 520 730 sumpsisse,
530 667 649 729 nonqudd
661 670 756 719 materia
770 667 872 732 corporis
883 666 914 721 er·

131 738 201 790 luerit
219 744 269 789 actu
285 752 354 802 caro,
370 739 409 788 sed
423 738 517 801 sanguis
525 775 533 801 ‚
548 738 587 800 qni
605 743 642 788 est
655 740 760 802 potentia
769 755 834 791 caro.

164 812 196 861 hd
213 811 337 860 secundum
354 810 490 872 dicendum,
505 807 566 872 qndd
579 809 640 858 sicut
650 810 677 860 in
691 811 711 862 l.
729 816 796 875 parte
806 812 885 862 dictum
896 830 910 847 υ

134 881 182 945 (qu.
193 886 232 940 ιιι,
245 885 287 929 art.
302 885 325 942 ³,
334 882 362 930 ad
372 880 406 944 a),
418 882 501 940 idam,
510 879 564 941 quia
572 879 696 932 institutus
706 886 757 933 erat
765 886 793 932 ut
801 882 899 947 principi

133 951 246 1014 quoddam
263 953 368 1002 humanae
391 959 491 1011 naturae,
514 951 614 1000 hahebat
633 951 659 1001 in
676 967 721 1004 suo
737 967 837 1018 corpore
858 953 904 1000 alin

134 1021 210 1072 carnis
222 1026 244 1072 et
255 1023 323 1084 ossis,
337 1022 398 1086 quod
408 1036 451 1073 non
461 1021 795 1087 pertinehatadintegritatem
801 1024 896 1090 personui

134 1092 216 1156 ipsios,
225 1094 265 1142 sed
274 1094 345 1142 solum
355 1094 379 1142 in
394 1097 504 1156 quantum
516 1096 658 1144 eratnatmae
670 1097 780 1147 humanae
794 1095 909 1160 principia:

134 1167 158 1214 et
173 1164 250 1212 detali
263 1178 330 1214 carne
343 1164 438 1215 tornata
447 1169 483 1216 est
495 1164 577 1214 mulier
585 1165 728 1229 absqueuiri
740 1169 882 1220 detrimento.
895 1167 906 1209 i

134 1234 193 1284 nihil
210 1236 255 1286 tale
275 1236 320 1285 luit
342 1236 366 1286 in
385 1251 477 1301 corpore
498 1235 617 1299 Virginis,
639 1251 670 1288 ex
690 1253 739 1302 quo
755 1253 843 1304 corpus
859 1239 895 1287 cl:

134 1311 212 1372 posset
225 1307 318 1357 formari
330 1308 380 1357 sine
395 1308 538 1371 corruptione
554 1308 652 1359 materni
671 1311 788 1375 corporis

165 1379 199 1428 dd
219 1379 311 1429 tertium
323 1377 458 1442 dicendum,
470 1379 531 1442 qudd
548 1393 627 1429 semen
645 1381 752 1433 ioeminae
766 1396 817 1436 non
830 1387 865 1434 est
875 1395 904 1443 ue:

135 1450 219 1500 rationi
237 1455 327 1514 aptum,
344 1451 383 1502 sed
402 1455 437 1502 est
455 1451 563 1514 quiddam
584 1451 750 1515 imperfectum
763 1454 789 1504 in
808 1469 886 1519 gemme
904 1479 911 1488 =

135 1521 219 1584 minis,
234 1523 293 1588 qnod
306 1536 353 1572 non
367 1523 442 1585 potuit
465 1523 560 1587 perduci
579 1523 607 1572 ad
620 1523 755 1586 perlectum
775 1527 869 1578 seminis
885 1543 898 1571 r·

135 1588 274 1654 plementuln
288 1598 379 1658 propter
392 1593 588 1656 imperfectionem
601 1594 696 1645 uirtutis
708 1596 830 1650 immineae
843 1613 850 1645 ε
861 1605 880 1646 et
893 1598 897 1642 1

135 1663 185 1714 tale
202 1678 279 1714 semen
293 1678 338 1714 non
352 1668 387 1714 est
402 1663 496 1714 materia
509 1679 560 1728 qnae
572 1666 600 1714 de
613 1666 759 1718 necessitate
778 1671 899 1732 requiratur

137 1739 285 1796 conceptmn,
302 1734 359 1784 sicut
379 1735 532 1798 Philosophus
550 1734 605 1786 dicit
621 1735 646 1784 in
663 1737 706 1786 ιιι).
726 1739 767 1788 De
782 1741 898 1790 Generum·

137 1804 302 1854 anr'mnlr'nm.
318 1806 346 1854 Et
356 1805 407 1856 idco
422 1805 447 1855 in
461 1806 610 1869 conceptione
619 1808 725 1870 corporis
737 1811 827 1862 Christi
840 1825 898 1860 noir.

137 1874 262 1936 presertim
275 1875 329 1938 quia
340 1875 394 1926 licet
407 1876 437 1926 sil
448 1877 606 1940 imperfectum
614 1876 640 1927 in
651 1892 738 1941 genere
750 1883 863 1944 seminis,
873 1888 898 1929 tr

137 1957 189 1994 cum
204 1948 300 2008 quadam
315 1948 497 2011 concupiscentia
507 1949 637 2011 resoluitur,
652 1951 716 2000 sicut
729 1957 757 2002 et
770 1967 851 2003 semen
869 1966 904 2000 m

137 2015 164 2064 ln
178 2015 216 2064 illo
231 2022 306 2066 autem
319 2023 428 2082 conceptu
439 2018 564 2082 virginali,
574 2022 768 2085 concupiscentia
780 2024 856 2074 locum
866 2025 899 2072 hl

138 2100 184 2136 non
198 2088 280 2151 potnit.
297 2090 326 2138 et
339 2089 389 2140 ideo
408 2091 561 2140 Damascenns
574 2091 629 2141 dicit
648 2093 712 2155 qudd
725 2111 740 2141 u
761 2108 849 2159 eorpus
867 2098 895 2144 [h

138 2172 186 2210 non
200 2159 339 2210 seminaliter
352 2165 487 2224 conceptum
501 2166 544 2210 est.
565 2179 578 2210 n
597 2163 696 2226 Sanguis
710 2168 794 2215 autem
809 2173 889 2216 mensu

139 2244 206 2294 quern
228 2231 326 2282 loeminae
350 2247 391 2297 per
411 2233 512 2295 singulos
533 2246 623 2282 menses
644 2234 775 2301 emittunt,
796 2238 887 2302 impura

139 2301 261 2366 quamdam
279 2305 404 2354 naturalem
419 2305 488 2354 hahet
502 2304 668 2368 corruptionis,
683 2306 747 2357 sicut
762 2315 787 2357 et
802 2315 889 2359 caetera
906 2331 913 2342 =

138 2373 294 2434 phisitales,
312 2375 394 2438 quihus
406 2379 487 2425 natrrra
504 2389 550 2426 non
569 2375 670 2438 indiget,
683 2378 727 2427 sed
741 2391 785 2428 eas
798 2382 896 2443 expellit.

139 2443 180 2493 tali
190 2449 265 2494 autem
280 2451 396 2497 menstruo
406 2446 573 2510 corruptionem
586 2449 695 2509 habente,
711 2451 774 2512 quod
789 2456 870 2500 natura
882 2463 900 2496 rc

140 2514 204 2579 diat,
221 2529 266 2566 non
291 2517 400 2567 lcrmatnr
422 2523 559 2582 conceptns;
582 2520 621 2568 sed
644 2520 690 2569 hoc
711 2525 750 2571 est
772 2536 894 2586 purgamen

140 2589 252 2650 quoddam
266 2587 327 2638 illius
338 2589 388 2652 puri
403 2589 521 2652 sanguinis
534 2591 573 2654 qui
584 2590 713 2653 digestione
730 2595 835 2655 quadam
845 2602 878 2643 est
891 2607 902 2652 3«

139 2664 231 2721 paratus
241 2660 269 2709 ad
278 2663 422 2723 conceptum,
434 2659 501 2724 quasi
512 2660 588 2723 purior
601 2665 625 2711 et
635 2661 762 2725 perfectior
771 2665 819 2714 alio
830 2678 897 2723 sanga

140 2727 212 2780 Habet
225 2735 300 2780 tamen
315 2731 469 2794 impuritatem
482 2732 584 2782 lihidinis
598 2733 624 2782 in
635 2736 787 2798 conceptione
799 2736 894 2787 aliornn.

141 2801 241 2864 minum;
257 2801 281 2850 in
295 2806 405 2864 quantum
423 2816 452 2852 ex
468 2803 520 2865 ipsa
538 2805 700 2855 commixtione
714 2808 787 2858 maris
801 2812 827 2857 et
842 2810 874 2857 toe
884 2827 894 2853 ι·

140 2867 193 2918 tels
213 2871 306 2933 sanguis
319 2873 346 2922 ad
359 2873 434 2922 locum
449 2875 592 2936 generationi
604 2888 731 2941 congruum
746 2879 882 2929 attrahitur.
905 2893 915 2906 ,
