1917 3317
124 207 170 264 61'8
304 227 363 263 rans
379 227 420 274 ur,
437 225 530 270 onmsn.
547 226 619 274 1111,
636 225 692 263 aar.
709 225 735 261 ιι.

157 305 315 363 (Coucnusco.
326 329 358 338 -
369 305 433 351 luter
442 300 526 351 Christi
541 302 635 350 blatrem
650 305 675 350 et
686 301 768 363 tosepb
781 298 819 347 fult
830 307 890 372 vernn

121 379 144 424 et
158 375 283 436 legitimum
302 373 486 431 matrimonium,
499 386 545 422 non
556 373 648 435 quidem
658 372 719 434 qnod
730 369 872 420 consenserim
880 378 896 412 ιι

120 447 223 508 copulam
250 445 361 493 carnalem
382 444 526 506 simpliciter,
552 457 593 492 sen
615 443 771 502 concubitum,
786 441 822 490 sed
841 450 897 501 ιιιιι-

120 519 168 564 turn
188 516 215 564 ad
230 528 368 564 eonsensum
385 519 469 564 mutue
489 513 623 575 fidelitatis,
635 515 758 564 educanda
773 510 836 577 prolis
848 509 897 559 debi-

121 590 198 650 tum.)

152 659 285 722 despondeo
300 658 432 714 dicendum,
447 656 507 718 uubd
523 655 711 718 matrimonium,
726 655 774 704 cine
791 652 897 718 conjusiun

120 729 203 779 dicitur
212 744 288 778 ιιιιιι
304 743 331 780 ιι
342 731 385 777 boc
401 728 536 791 qubusdam
549 726 712 790 perfectionem
723 727 818 789 attingit.
831 726 899 787 ltuplu

120 805 155 849 est
170 807 242 850 autem
254 802 285 850 rei
299 800 424 863 perfectio,
439 799 511 862 prima
531 803 555 847 et
568 799 679 848 secunda.
696 800 770 848 Prima
783 798 863 862 quidem
878 810 899 841 ιι.

120 872 228 935 perfectio
237 873 341 921 consistit
356 871 379 919 in
393 869 442 934 ipsa
452 871 537 930 forma,
548 883 577 918 ex
591 882 636 931 uua
651 871 755 933 speciem
768 873 865 926 sodium
876 878 899 913 se

120 943 193 991 cunda
207 944 259 992 verb
275 942 384 1006 perfectio
398 941 503 992 consistit
517 940 541 990 in
553 940 687 1004 operatione
700 941 744 1004 rei,
757 953 865 1006 perquam
876 950 899 983 ce:

120 1012 246 1074 aliqualiter
259 1027 324 1063 suum
341 1014 407 1062 briem
422 1012 522 1076 attingit.
535 1013 616 1061 Forma
630 1016 708 1062 autem
722 1009 852 1062 matrimonii
864 1021 902 1055 cm

121 1084 181 1133 sistit
191 1086 213 1133 in
225 1086 321 1148 quadam
333 1085 466 1135 indivisibili
477 1085 641 1147 conjunctione
651 1084 781 1135 animorum
790 1123 796 1144 ‚
805 1097 841 1148 per
851 1098 874 1144 qu
883 1094 901 1125 a

120 1168 179 1204 uaris
189 1157 311 1219 criujugum
326 1157 495 1206 indivisibiliter
510 1155 575 1205 alteri
585 1156 653 1205 fidem
668 1169 762 1205 servare
771 1154 903 1217 tenduntu-

120 1232 196 1276 autem
213 1229 351 1278 nuatrimouii
364 1235 399 1279 est
413 1230 488 1292 proles
506 1229 635 1291 generanda
647 1231 671 1277 et
684 1229 809 1278 educanda.
823 1228 851 1276 td
862 1237 904 1287 que

121 1313 170 1349 rum
193 1301 289 1364 primum
310 1301 445 1363 peruenitur
459 1315 500 1364 per
518 1313 657 1349 consensum
678 1300 831 1363 coniugalem
843 1299 865 1345 ad
880 1309 905 1342 ιε·

121 1373 217 1420 euudum
238 1386 278 1434 per
294 1385 362 1435 opera.
380 1373 423 1422 vici
438 1378 460 1422 et
473 1373 566 1433 uxoris,
585 1373 670 1434 quibas
684 1373 728 1421 sibi
746 1372 839 1421 invicem
852 1370 905 1417 obse·

120 1449 220 1505 quantur
233 1445 260 1492 ad
275 1443 361 1506 prolem
376 1444 528 1493 nutriendam.
544 1443 662 1506 sicigitur
676 1443 799 1494 dicendum
812 1447 854 1503 est,
862 1439 891 1501 ιι

121 1521 230 1578 quantum
248 1517 274 1564 ad
289 1515 382 1579 primam
400 1515 563 1579 perfectionem
579 1514 674 1564 omnino
688 1529 769 1564 verum
787 1514 829 1563 fnit
842 1518 904 1560 matre-

121 1589 222 1637 monium
232 1587 334 1649 Virginis
345 1588 421 1636 Matris
433 1589 472 1637 Dei
485 1592 508 1636 et
521 1587 621 1649 tosepb3
632 1587 688 1650 quia
702 1591 799 1651 uterque
812 1594 890 1636 consen:

120 1656 145 1707 iu
159 1660 262 1722 copulam
277 1659 435 1722 conjugalem,
450 1672 495 1708 ιιι
509 1663 585 1707 autem
599 1658 709 1720 expresse
724 1659 748 1707 in
763 1658 857 1722 copulam
870 1668 900 1702 ιιι

123 1730 205 1785 nalem„
222 1730 265 1778 nisi
282 1731 322 1779 sub
334 1731 479 1790 conditione,
492 1730 512 1778 si
530 1732 576 1780 lieo
588 1730 700 1793 placeret.
719 1730 785 1779 Unde
797 1736 820 1779 et
831 1728 894 1788 angel.

101 1843 105 1852 .
122 1805 188 1850 vocat
198 1801 287 1849 blaciam
301 1817 314 1848 ιι
326 1801 445 1864 conjugem
456 1801 555 1863 loseph,
567 1818 580 1846 u
592 1800 672 1850 dicens
683 1800 711 1849 ad
719 1802 813 1864 loseph,
823 1802 892 1849 Multa

122 1871 144 1920 fl
160 1887 164 1918 :
179 1888 192 1918 ιι
203 1871 255 1920 Noli
271 1871 351 1920 timere
373 1873 474 1935 accipere
490 1872 582 1920 blaciam
605 1871 728 1933 conjugem
747 1875 817 1920 tuarn.
831 1888 844 1916 u
859 1872 886 1927 Qu

122 1955 239 2004 exponens
258 1942 396 2004 mugiistinus
414 1943 437 1992 iu
452 1943 491 1991 lib.
512 1944 657 2006 Deauptiz's
670 1946 697 1990 et
716 1943 897 2004 concupiscente.

124 2013 179 2062 dicit
193 2014 218 2074 l,
234 2027 284 2076 cap.
305 2017 339 2062 2:
358 2030 371 2059 u
386 2013 475 2076 Conjux
490 2018 583 2064 uocatur
604 2026 632 2062 ιι
650 2013 725 2076 prima
747 2013 887 2078 desponsatio¹

123 2085 181 2146 ilde,
197 2097 262 2148 qrram
278 2086 401 2134 concubitu
414 2099 457 2135 nee
468 2089 604 2148 coguoverat
615 2098 658 2134 nee
672 2085 747 2134 fuerat
760 2085 889 2148 cogniturus¹

124 2154 237 2212 Quantum
253 2155 305 2206 verb
320 2157 346 2205 ad
362 2157 484 2206 secundam
497 2156 674 2220 perfectionem,
688 2169 740 2219 quaa
755 2162 792 2206 est
804 2170 842 2220 per
850 2160 879 2203 ael

124 2225 279 2288 matrimonii,
299 2227 319 2276 si
336 2227 380 2277 boc
398 2229 509 2278 referatur
527 2229 553 2277 ad
575 2228 689 2276 carnalem
710 2228 897 2283 concubiturus·

123 2310 190 2360 quem
207 2298 280 2360 proles
297 2306 425 2360 generatur,
441 2312 485 2348 non
506 2297 549 2346 fuit
562 2297 615 2345 illud
630 2297 806 2347 matrimonium
819 2310 901 2347 consuat

125 2371 210 2416 rnatum
221 2384 228 2429 ;
241 2371 299 2419 unde
314 2369 444 2418 Ambrosius
458 2368 512 2418 dicit
525 2382 592 2432 super
606 2369 666 2417 Luc.
681 2385 687 2418 :
709 2369 821 2418 «Nerate
837 2381 888 2416 mu·

124 2439 184 2502 qubd
201 2441 329 2500 frequenter
348 2441 439 2488 blaciam
454 2439 569 2502 Scriptura
583 2443 648 2487 comt
659 2440 798 2502 oonjiugem3
813 2453 884 2488 noua¹

124 2509 279 2572 virginitatis·
293 2511 378 2574 ereptio
388 2548 395 2574 ‚
411 2512 449 2560 sed
468 2508 571 2573 conjugii
589 2508 736 2569 testificatio,
756 2513 782 2559 et
800 2512 885 2573 nuptiae

124 2581 247 2632 celebratio
262 2581 395 2631 declaratur.
408 2599 421 2627 u
433 2581 516 2630 llabiut
525 2586 601 2630 tamen
611 2579 668 2629 illud
679 2581 847 2631 matrimonium
858 2585 882 2627 ιι

124 2655 245 2702 secundam
255 2653 417 2716 perfectionem
428 2656 536 2715 putantum
552 2652 579 2700 ad
593 2651 664 2715 prolis
681 2653 878 2711 educationem3u

124 2724 264 2785 Augustinus
276 2724 331 2772 dicit
340 2724 364 2772 in
372 2724 411 2773 lib.
426 2725 460 2772 De
471 2725 569 2786 nuptiis
581 2725 606 2771 et
615 2725 815 2786 concupiscentia
827 2724 892 2784 (supr-'2

126 2809 140 2840 ι
153 2794 225 2844 Omne
242 2793 372 2854 nuptiarum
388 2794 471 2843 bonum
493 2793 611 2856 impletum
632 2797 668 2842 eat
684 2794 711 2842 in
727 2794 773 2844 illis
796 2794 890 2858 parenti:

125 2862 223 2936 dilicti,
240 2864 331 2925 proles,
346 2863 401 2912 fides
420 2869 444 2912 et
462 2869 649 2914 sacramentum:
668 2865 757 2928 prolem
772 2879 890 2926 cognosere

124 2939 199 2990 ipsum
220 2933 341 2982 Dominum
353 2935 442 2990 tesum;
456 2934 539 2996 fidem,
558 2934 713 2998 quianullum
726 2937 864 2986 adulterium
875 2953 900 2996 3:
