1917 3317
253 219 286 255 ns
300 219 507 257 urmnsrarrons
521 220 625 259 currem.
794 216 840 264 ⁷⁰8

47 293 187 344 humanitatis
197 293 286 357 ipsius3
300 295 360 345 unde
370 295 510 357 angustinus
521 296 575 345 dicit
585 296 610 347 in
624 298 698 362 Epist.
714 298 749 349 od
764 302 841 352 Votu-

45 366 96 413 siorr
119 380 128 413 :
142 383 156 413 «
166 366 191 414 Si
202 366 277 414 nutias
289 379 319 415 ex
332 368 427 429 panvuto
440 368 465 416 in
475 369 623 427 iuventutum
639 375 736 422 mutaret
750 376 840 439 etates,

46 437 118 486 auitos
130 437 200 497 cibos,
213 438 289 487 nultos
303 441 393 501 caperet
404 452 512 499 somnos,
528 452 604 490 nonne
616 440 745 505 opinionem
759 445 841 495 contir-

47 510 113 557 maret
124 508 219 569 erroris,
229 522 273 558 nec
285 509 403 564 bominem
416 522 496 558 uerum
508 510 553 559 uilo
567 512 635 563 ruodo
648 514 776 578 suscepisse
791 528 841 567 cre·

47 578 142 641 deretnr3
154 582 179 629 et
192 580 246 629 dum
259 580 336 630 omnia
346 579 480 630 mirabiliter
491 580 558 642 iacit,
572 582 670 635 auferret
681 587 741 649 quod
754 586 842 637 miseri·

48 649 137 701 corditer
150 652 214 701 iecit.
230 666 244 696 n

74 723 105 770 bd
121 722 221 785 primum
235 735 289 785 ergo
302 721 434 784 dicendum,
449 723 509 786 qudd
523 725 644 777 auctoritas
657 728 695 778 iila
709 728 844 792 intelligitur

47 792 72 840 de
82 794 183 843 adventu
194 793 279 843 Christi
289 793 317 843 ad
328 792 447 856 judicium,
464 795 588 847 secuudum
596 799 657 861 quod
667 800 748 850 diossa
758 800 842 851 ibidem

46 864 144 926 exponit.

73 936 103 983 hd
113 935 241 986 secundum
254 936 391 995 dicendum,
404 936 466 999 qndd
479 938 508 987 de
520 939 592 1001 gratia
602 940 641 991 bei
655 941 778 992 salvatoris
790 956 843 992 eru-

46 1004 115 1055 diendi
129 1008 197 1056 erant
208 1019 290 1056 omnes
306 1006 412 1056 homines
422 1007 451 1056 ad
465 1009 571 1071 salutaro,
582 1024 628 1060 non
642 1012 666 1061 in
678 1012 789 1077 principio
801 1026 843 1062 na·

46 1076 136 1127 tiritatis
152 1077 220 1141 ejus,
236 1079 276 1127 sed
296 1083 376 1141 postea
392 1082 495 1142 tempore
517 1082 654 1144 procedente
663 1118 671 1144 ,
688 1100 702 1130 u
724 1088 844 1146 postquam

45 1152 146 1209 operatus
159 1150 198 1199 est
207 1148 303 1198 satutem
314 1148 339 1197 iu
351 1150 427 1199 medio
435 1154 502 1201 terre
512 1189 518 1213 ,
530 1168 544 1198 n
557 1152 653 1202 Psalm.
666 1154 842 1204 nutriturae

45 1222 89 1279 post
105 1220 239 1283 passionem
258 1222 282 1268 et
299 1220 486 1271 resurrectionem
501 1236 565 1271 suam
585 1222 639 1271 dicit
651 1222 770 1287 discipulis
785 1224 842 1289 suis¹

44 1291 142 1347 dietih..
160 1290 243 1340 ultimo
257 1304 265 1339 t
283 1292 408 1351 «dentes,
419 1293 499 1343 docete
512 1306 592 1343 omnes
603 1292 718 1343 Gentes.»

70 1363 101 1411 hd
118 1364 213 1412 tertium
236 1362 369 1423 dicendum,
384 1363 446 1426 quod
468 1364 622 1429 adjudicium
643 1366 765 1429 requiritur
784 1368 846 1431 qudd

44 1434 160 1484 auctoritas
175 1433 261 1498 judicis
279 1438 444 1499 cognoscatur;
459 1440 484 1485 ct
505 1439 597 1499 propter
617 1436 661 1491 hoc
678 1442 767 1501 oportet
785 1437 846 1500 qudd

45 1504 151 1555 aduentus
167 1504 253 1555 Christi
267 1504 294 1553 ad
312 1504 423 1567 judicium
441 1506 471 1555 sit
485 1506 628 1555 manifestus.
641 1507 685 1557 Sed
702 1508 789 1571 primus
802 1508 847 1557 ad-

45 1580 122 1625 rentus
131 1576 177 1625 suit
187 1576 216 1624 ad
226 1574 329 1625 omniurn
340 1576 506 1641 salutemque
516 1576 685 1641 estpcrtidem‚
696 1591 746 1641 que
755 1578 847 1641 quidem

46 1650 75 1694 est
87 1648 116 1697 dc
130 1661 180 1699 non
195 1645 370 1709 apparentibus3
381 1650 404 1696 et
416 1648 468 1697 ideo
483 1647 568 1711 primus
583 1648 669 1698 Christi
682 1649 793 1699 adventus
808 1648 847 1699 de-
918 1663 919 1669 ¹

46 1714 87 1767 buit
104 1731 159 1769 esse
176 1717 290 1768 occultus.

343 1824 507 1875 hamedeus
523 1826 551 1874 li.

72 1948 158 1993 uerum
167 1947 289 1993 nativitas
298 1947 388 1993 Christi
402 1949 509 1993 debuerit
524 1950 643 2007 aliquibus
659 1951 821 2007 mattisestari.

74 2076 104 2123 dd
120 2074 252 2125 secundum
266 2072 302 2123 sic
315 2073 453 2136 proceditur.
465 2072 560 2123 Videtur
573 2074 633 2138 qubd
649 2074 754 2126 nativitas
766 2074 851 2127 Christi

48 2147 97 2194 anili
110 2144 220 2197 debuerit
232 2144 383 2194 manifestari.
392 2144 465 2205 Orda,
478 2148 504 2193 ut
520 2146 605 2195 dictum
623 2152 667 2208 est,
681 2148 724 2197 hoc
738 2151 785 2197 erat
796 2160 850 2197 con·

47 2228 118 2275 prum
133 2217 245 2265 bumana
256 2213 339 2274 satuti,
353 2217 378 2262 ut
389 2213 476 2276 primus
487 2214 570 2264 Christi
584 2218 693 2266 aduentus
704 2222 765 2267 esset
776 2216 852 2266 occui-

49 2289 87 2334 tus.
102 2288 147 2337 Sed
159 2286 270 2336 Cbristns
281 2288 408 2334 veneratut
417 2298 498 2335 omnes
509 2286 617 2351 salvaret,
629 2287 752 2337 secuudirm
762 2289 818 2337 iilud
830 2290 848 2338 1.

49 2357 78 2405 ud
92 2359 171 2412 Tim„
180 2357 209 2406 itt
222 2370 229 2403 :
245 2354 315 2413 «Qui
328 2360 364 2405 est
376 2357 476 2406 salvator
485 2358 585 2407 omniunt
600 2359 735 2419 hominurn,
751 2356 849 2409 monimt

49 2426 151 2479 bdelium.
167 2444 182 2475 n
198 2428 261 2489 Ergo
276 2427 384 2477 nativitas
395 2427 482 2477 Christi
496 2427 553 2478 nulii
569 2428 646 2479 debuit
658 2430 805 2481 manifestari.

74 2505 95 2550 a,
109 2502 243 2561 Praeterea,
256 2503 312 2547 ante
324 2500 464 2549 nativitatem
478 2500 560 2549 Christi
573 2500 715 2551 manifestata
725 2503 852 2552 eratbeahe

51 2569 130 2635 t'irgini
144 2578 171 2623 et
184 2572 271 2634 ioseph
285 2570 362 2619 futura
377 2571 464 2620 Christi
478 2571 593 2623 nativitas.
613 2573 663 2623 Non
679 2585 733 2635 crgo
746 2577 795 2622 erat
808 2584 854 2621 ne-

50 2644 179 2704 eessariam,
195 2642 291 2691 Christo
304 2645 377 2701 nuto,
392 2641 495 2691 eamdem
509 2642 560 2691 otiis
575 2643 726 2693 manifestari.

76 2717 96 2760 a.
113 2716 246 2773 Praeterea,
266 2713 345 2761 unitus
359 2713 450 2776 sapiens
464 2713 595 2763 manifestet
613 2714 636 2763 id
653 2727 681 2763 ex
695 2725 740 2775 quo
753 2710 853 2762 turbatio

50 2786 153 2847 nascitur,
168 2788 195 2835 et
203 2784 367 2835 detrimentum
379 2784 481 2834 aliorum.
498 2786 541 2834 Sed
555 2785 699 2834 manifestata
713 2782 798 2833 Christi
813 2796 854 2831 na·

51 2853 149 2916 brimbs,
161 2856 289 2905 subsecuta
300 2858 336 2904 est
344 2855 459 2915 turbatio;
472 2854 626 2905 diciturenim
638 2852 740 2905 Mutila..
753 2853 781 2914 ii,
793 2851 855 2915 qudd

52 2928 173 2978 «audens
200 2927 302 2977 Herodes
327 2926 429 2991 (Christi
453 2928 627 2988 nativitatem),
642 2925 746 2975 turbatus
766 2934 814 2987 est,
831 2924 855 2972 et
