1917 3317
157 140 173 185 a
262 146 370 188 securum
384 146 514 198 memma,
532 145 625 193 onnon.
642 147 742 199 ccxxix,
758 148 814 188 aar.
834 150 851 187 u.

459 333 618 384 numeneus
631 335 651 384 1.

162 460 314 523 dvmmeiva
329 460 499 507 convenienter·
510 463 636 507 dividatur
648 463 806 519 peractionem
816 468 938 510 etconten

496 526 621 582 platinam.

191 656 224 705 Ad
237 655 334 719 primum
344 657 377 706 sic
390 656 527 721 proceditur.
536 656 630 707 Videtur
639 656 700 720 quod
710 657 757 708 vita
767 658 938 709 inconvenient

160 726 272 778 dividatur
283 740 323 793 per
336 727 431 779 activam
441 733 465 778 et
474 727 681 791 contemplativam·
692 730 772 779 Anima
782 730 843 780 enim
852 734 887 780 est
895 731 938 794 pri

160 798 244 863 eipinm
260 799 311 850 vitre
325 812 443 863 persuum
457 800 595 863 essentiam
610 800 665 850 dicit
679 802 740 851 euim
754 802 922 865 Philosophus,

160 870 188 920 11.
201 871 237 919 De
247 872 334 921 anima
349 873 415 936 (tent.
429 876 477 935 tt).
492 871 552 935 quod
567 890 581 920 «
590 872 666 923 vivere
679 873 810 924 viventibus
824 877 938 923 estesse.

161 941 262 993 Actionis
269 947 375 993 autemet
382 943 581 1007 contemplationis
588 943 724 1009 principium
732 948 769 995 est
775 945 851 993 anima
858 958 898 1008 per
906 959 938 994 su

160 1014 283 1077 potentias.
299 1015 356 1078 Ergo
370 1015 460 1064 videtur
473 1014 535 1078 quod
547 1015 595 1065 vita
612 1029 657 1067 nou
671 1016 833 1067 convenienter
846 1016 938 1067 dividat

161 1098 204 1148 per
213 1086 309 1135 activam
323 1091 346 1136 et
359 1085 567 1153 contemplativam.

193 1160 217 1206 2.
237 1158 360 1221 pietaten,
373 1158 557 1208 inconvenienter
573 1159 680 1209 dividitur
692 1161 755 1225 prius
768 1174 810 1225 per
820 1159 938 1211 differenti

162 1226 300 1293 posterioris.
319 1230 436 1278 Actionem
445 1233 519 1278 autem
530 1232 555 1279 et
568 1231 801 1295 contemplativum,
813 1232 862 1282 sive
875 1246 937 1295 spec

163 1300 310 1351 totc'oomet
323 1304 481 1365 practicam,
490 1305 543 1352 suut
559 1301 691 1354 differentia
705 1304 842 1366 intellectus,
862 1308 887 1353 ut
898 1307 938 1367 pat

163 1372 266 1423 intentio
281 1375 316 1423 De
326 1374 418 1423 Animo
431 1373 504 1437 (text.
516 1376 545 1423 tc
557 1378 581 1423 et
595 1376 623 1423 ι9
633 1375 651 1436 ).
662 1374 743 1425 Vivere
757 1379 832 1425 autem
847 1380 883 1425 est
897 1374 936 1438 pri

164 1460 231 1509 qnam
245 1447 385 1511 iutelligere3
396 1459 447 1496 uam
457 1447 535 1497 vivere
546 1447 605 1497 inest
614 1448 742 1499 viventibus
750 1448 823 1513 primo
835 1450 938 1498 secundo

165 1518 263 1569 animam
272 1518 430 1581 vegetabilem,
439 1522 465 1568 nt
472 1522 535 1582 patet
543 1532 583 1583 per
590 1518 751 1584 Philosophum
761 1520 784 1569 iu
793 1520 820 1569 ii.
829 1522 859 1570 de
868 1522 938 1569 Arsin

165 1591 237 1656 (tent,
253 1595 283 1640 ti
295 1596 317 1641 et
329 1590 382 1655 59.)
394 1592 452 1654 Ergo
466 1591 655 1643 inconvenienter
668 1592 776 1643 dividitur
788 1592 837 1642 vita
850 1606 892 1656 per
905 1603 938 1640 ac*

165 1675 218 1712 vam
232 1667 255 1713 ει
269 1663 474 1727 contempracivam.

198 1740 221 1786 3.
243 1736 364 1799 Praeterea,
379 1748 463 1785 nomeu
484 1734 536 1785 vite
554 1735 662 1798 importat
681 1739 784 1795 motum,
798 1739 824 1784 ut
842 1739 904 1799 patet
921 1750 937 1799 p

166 1807 297 1872 Dionysium
313 1808 351 1857 lv.
363 1820 413 1871 cap.
426 1808 462 1856 De
473 1807 554 1856 dior'n.
565 1808 667 1857 Nomio.
678 1806 721 1856 Sed
735 1807 895 1870 contemptatio
908 1820 937 1856 co

167 1880 226 1931 sistit
240 1879 311 1943 magis
324 1880 349 1929 iu
364 1880 457 1943 quiete,
469 1878 592 1928 secuudum
606 1878 661 1927 iilud
674 1879 747 1942 Sap,
760 1879 808 1927 vlit
823 1898 829 1924 ι
846 1895 860 1925 c
873 1879 937 1927 iutra

167 1951 192 2002 in
206 1954 296 2003 domum
313 1964 387 2002 meam
400 1952 557 2015 conquiescam
571 1964 623 2000 cum
638 1950 685 2000 iiia.
699 1966 713 1996 u
728 1950 786 2013 Ergo
799 1950 889 2000 videtur
901 1965 936 2012 qu·

167 2026 213 2077 vita
222 2038 267 2075 non
275 2023 437 2075 convenienter
445 2022 558 2073 dividatur
567 2022 936 2087 peractivametmutempiativan

199 2097 244 2147 Sed
262 2101 338 2147 contra
355 2099 404 2158 est,
415 2094 474 2159 quod
492 2094 611 2158 Gregorius
627 2108 704 2158 super
712 2094 799 2143 Eecctr.
814 2094 867 2143 dicit
882 2095 936 2156 (hon

168 2171 215 2231 tt)
231 2184 237 2218 :
253 2185 267 2216 <r
282 2169 335 2218 iiue
353 2171 406 2216 sunt
418 2166 488 2227 vita,
500 2168 525 2215 in
539 2166 620 2229 quibus
634 2179 676 2215 uos
689 2165 833 2229 omnipotens
852 2166 935 2227 oensp

167 2253 255 2290 sacmm
271 2238 384 2302 eloquium
400 2237 488 2301 erudit,
502 2238 576 2287 activa
593 2237 700 2287 videlicet
714 2242 737 2287 et
749 2236 929 2300 mutempiatim.

200 2313 352 2373 (ssoneuusvo.
367 2337 399 2348 -
412 2309 463 2359 Vita
476 2307 586 2369 nominis,
602 2321 647 2372 qua
664 2320 731 2359 omne
751 2309 874 2357 humanum
888 2308 935 2356 mni

166 2388 232 2435 netm
245 2382 359 2445 studium,
376 2379 521 2444 distinguitur
530 2380 555 2430 iu
569 2380 666 2431 activam
680 2384 704 2429 et
713 2379 933 2443 contemplativam.)

195 2454 330 2519 Respondco
350 2453 483 2515 dicendum,
499 2451 558 2515 quod
571 2452 611 2502 iiia
623 2451 712 2515 proprie
728 2452 834 2501 dicuntur
850 2452 935 2500 vivente

165 2540 215 2591 qne
230 2539 259 2576 ex
272 2524 353 2589 seipsis
366 2529 483 2575 moventur
495 2537 535 2575 seu
553 2528 683 2588 operantur.
698 2522 753 2573 iliud
767 2527 843 2574 autem
860 2521 935 2571 maxia

164 2599 272 2651 convenit
284 2596 351 2647 attoni
360 2609 400 2660 peu
411 2595 525 2660 seipsum,
536 2596 595 2659 quud
607 2594 766 2658 estpropium
781 2594 816 2655 ei,
828 2598 851 2643 et
860 2594 887 2643 ad
898 2601 934 2654 qur

163 2669 262 2723 maxime
281 2670 410 2721 inclinatur.
425 2671 452 2719 Et
472 2670 524 2719 ideo
541 2670 717 2732 unumquodque
737 2668 818 2718 vivens
836 2665 934 2718 osteuom

163 2745 241 2795 vivere
255 2756 285 2793 ex
298 2741 428 2806 operatione
441 2740 486 2791 sibi
499 2739 598 2791 maxime
612 2739 717 2804 propria,
731 2740 758 2789 ad
773 2752 841 2802 quam
861 2737 934 2787 manin

162 2814 286 2867 inclinatur
296 2830 302 2864 ι
316 2814 375 2864 sicut
386 2813 514 2876 plantarum
524 2813 572 2863 vita
583 2812 665 2862 dicitur
675 2811 699 2861 iu
709 2812 754 2862 iroc
766 2810 889 2861 consistere
897 2804 934 2870 qud

163 2887 292 2938 nutriuntm
305 2890 329 2937 et
344 2888 466 2949 geneceum
478 2883 609 2935 animniinm
620 2882 675 2935 vert
688 2882 714 2933 iu
726 2883 770 2933 tuoe
782 2881 845 2946 qnod
856 2879 933 2933 sentiet
