1917 3317
121 192 169 241 aut
315 202 376 240 rans
392 202 435 246 nr,
452 202 544 247 comm.
561 200 619 249 vm,
635 202 691 241 arr.
709 204 727 239 r.

122 295 138 328 c
155 278 217 337 Quos
231 277 365 341 prescivit,
379 279 423 328 lios
436 282 460 327 et
475 277 647 342 pradestinavit
659 278 785 329 conformes
802 274 844 326 deri
854 274 900 323 ina·

121 350 183 415 ginis
195 348 248 398 lilii
258 349 308 412 sni,
322 353 349 398 ut
368 349 398 399 sit
409 350 459 413 ipse
476 348 643 412 primogenitus
655 350 680 399 in
695 349 771 399 mullis
783 347 897 398 tranum.»

121 420 227 472 Secundo
245 420 314 481 rerd,
325 420 488 485 perfectionem
505 420 573 471 habet
592 424 703 483 quantam
718 421 746 471 ad
758 418 900 485 plenitudinem

122 491 227 545 omnium
241 492 378 557 gratiarnm,
389 491 515 542 meandum
528 490 583 542 illud
594 494 699 549 foon.,l
713 508 719 541 z
733 510 748 541 o
761 490 853 543 vidimus
861 502 902 538 eun

122 564 217 627 plenum
237 564 314 627 gratio
334 566 358 613 et
370 562 489 626 ueritatis,
503 580 518 611 »
532 566 558 612 ut
572 564 641 613 etiam
659 563 729 628 sopri
750 566 855 614 ostensum
868 562 901 608 est.

121 633 212 695 Tertio,
226 634 334 684 mrtnmm
351 634 420 683 nabet
434 634 564 685 instruendi
576 636 671 698 gratiam
686 636 710 684 in
728 634 802 685 omnia
821 631 901 691 menlra

124 706 252 768 Ecclesiae,
271 704 396 755 secundum
413 704 469 754 illud
482 705 568 765 loom,
585 707 596 754 l
615 720 650 755 :u
672 707 703 756 fle
716 704 851 770 plenitudine
865 702 903 765 ejus

126 791 171 829 nos
189 790 270 828 omncs
286 776 424 839 acecpimus.
441 793 454 823 u
469 777 499 825 Et
518 777 551 826 sic
565 780 629 841 patet
645 776 705 838 qudo
724 777 824 827 Christus
835 786 906 825 conre-

126 848 218 899 nienter
230 849 313 899 dicitnr
325 848 444 897 Ecclesiae
456 851 542 911 caput.

157 922 192 970 Ad
204 921 303 986 primum
314 933 367 983 ergo
379 920 513 982 dicendum,
524 919 584 982 qodd
596 920 649 969 dare
664 919 760 983 gratiam
773 923 810 970 aut
819 918 904 983 Spiritum

126 995 230 1041 mnodum
238 992 347 1042 conuenit
359 990 448 1041 Christo
459 991 583 1041 seeundum
591 991 652 1053 quod
663 995 698 1041 est
707 993 778 1053 licus,
790 990 906 1041 auctorita·

127 1066 191 1125 ΗΜ),-
204 1065 243 1114 sed
256 1062 472 1112 intrumentoliter
482 1062 588 1112 convenit
602 1062 673 1112 eliam
684 1064 722 1125 ei,
734 1064 855 1113 secundum
864 1058 907 1123 qued

127 1141 163 1187 eat
176 1137 257 1196 homo,
275 1135 300 1183 in
313 1137 421 1197 quantum
436 1132 521 1183 seilicet
535 1134 588 1197 ejus
600 1134 733 1185 humanitas
755 1136 906 1185 instrumentum

127 1207 173 1257 fuit
190 1205 317 1256 divinitalis
338 1204 397 1268 ejus.
412 1204 441 1253 lit
455 1204 486 1253 ita
501 1204 604 1255 actiones
620 1204 694 1269 ipsius
708 1219 737 1256 cx
754 1206 835 1256 rirtme
847 1200 909 1254 diutri-

125 1278 182 1328 tatis
199 1278 292 1327 fuerunt
306 1277 372 1327 nobis
392 1275 527 1339 salutifera,
543 1276 623 1341 utpote
641 1278 738 1341 gratiam
756 1278 781 1327 in
797 1278 860 1329 nobis
869 1288 905 1325 rau-

127 1352 219 1409 aantes,
234 1350 259 1398 et
277 1362 317 1411 per
334 1347 457 1411 meritum,
472 1352 496 1397 et
513 1362 554 1412 per
572 1348 718 1399 efficientiam
738 1352 864 1413 quamdam.
875 1350 910 1397 lu·

128 1420 235 1485 gostinus
250 1425 326 1469 autem
346 1422 414 1482 negat
432 1419 560 1482 Christum,
577 1421 702 1470 seeundum
721 1422 785 1484 quod
798 1424 862 1473 homo
873 1422 910 1469 est.

129 1492 183 1543 dare
195 1492 302 1556 Spiritum
315 1495 419 1541 sanetum
432 1504 474 1555 per
487 1492 661 1555 auctoritatem
677 1492 875 1544 instrumentaliter
886 1504 910 1537 au·

128 1566 191 1627 tem‘,
204 1563 253 1614 sire
270 1562 447 1613 ministerialiter
459 1562 529 1613 etiam
545 1562 583 1612 alii
596 1564 673 1613 Sancti
693 1563 804 1615 dicuntur
814 1566 862 1615 dare
875 1560 912 1624 spi·

129 1635 199 1686 ritum
218 1640 336 1699 sanctum,
355 1635 479 1685 secundnm
498 1634 555 1685 illud
577 1634 673 1691 Gulae„
690 1636 721 1685 lll
741 1650 749 1687 ε
770 1654 785 1685 u
799 1638 842 1697 Qui
857 1636 912 1685 mur:

128 1706 196 1756 vobis
210 1707 333 1770 Spiritum,
347 1723 362 1753 n
375 1716 420 1757 eto.

163 1777 197 1827 nd
211 1778 335 1827 secondum
348 1778 486 1838 dicendum,
500 1776 561 1841 qudd
571 1776 594 1826 in
606 1777 773 1841 metaphoricis
786 1777 914 1830 locotiouil1=

131 1862 178 1901 non
191 1852 280 1912 oportet
288 1850 374 1899 attendi
382 1847 554 1899 similitudinem
565 1851 674 1913 qnantum
687 1850 820 1915 adomnia,
832 1850 864 1901 sic
872 1850 914 1899 cuir:

130 1932 178 1971 non
189 1924 254 1970 esset
267 1920 406 1984 similitudo,
421 1921 461 1970 sed
475 1920 509 1969 rei
527 1920 621 1970 veritas.
636 1919 726 1983 Capitis
740 1920 813 1985 igitur
823 1920 914 1971 natural:

131 2002 178 2043 uon
189 1996 224 2042 est
235 1995 302 2056 caput
313 1992 388 2055 aliud,
402 1992 455 2056 qnia
468 2004 551 2055 corpus
560 1992 685 2040 humanum
700 2003 749 2041 oon
764 1997 800 2043 est
812 2007 864 2057 pars
875 1992 918 2041 alta

130 2063 179 2113 rins
190 2064 299 2127 eorporis.
310 2063 355 2113 Sed
367 2076 449 2127 corpus
459 2060 643 2113 similitudinarie
656 2060 754 2124 dictum,
766 2064 789 2113 id
805 2070 846 2125 cst,
861 2064 915 2125 alipu

131 2135 253 2185 multitudo
267 2134 384 2194 ordinata,
395 2137 430 2184 est
448 2146 501 2197 pars
519 2133 610 2183 alterius
624 2132 792 2196 multitudinis,
806 2137 866 2187 sicot
879 2132 918 2185 uu‘·

131 2206 206 2255 titudo
225 2206 350 2256 domestica
368 2210 403 2256 esf
417 2218 470 2269 pars
484 2204 637 2255 multitudinis
651 2202 745 2269 civilis;
764 2212 788 2257 et
800 2208 851 2259 ideo
864 2212 919 2272 pater·

132 2276 237 2337 familias,
248 2277 289 2341 qui
303 2282 338 2327 est
350 2280 419 2341 caput
428 2275 578 2326 multitudinis
592 2276 734 2341 domesticae,
747 2279 821 2329 habet
835 2286 918 2343 sopras:

131 2351 217 2413 eaput,
234 2352 342 2398 rectorem
357 2347 465 2399 ciuitatis.
482 2348 512 2397 lit
524 2360 565 2411 per
575 2349 636 2396 huno
653 2348 746 2397 modum
761 2350 822 2400 nihil
835 2350 919 2415 prodite

132 2425 201 2485 eaput
213 2419 296 2472 Christi
313 2433 364 2471 csse
379 2420 464 2480 lienem
476 2432 528 2469 cum
544 2422 620 2469 tamen
634 2416 685 2481 ipse
698 2419 809 2471 Christus
823 2424 854 2473 sit
873 2417 919 2483 caput

133 2492 251 2543 Ecclesia.

165 2564 200 2614 ad
212 2564 303 2614 tertium
324 2562 463 2625 dicendum,
478 2561 540 2627 qudd
554 2565 622 2628 capot
635 2562 704 2613 habet
719 2565 871 2617 manifestam
883 2548 923 2614 enit

133 2635 237 2685 nentiam
249 2639 354 2699 respectu
368 2637 501 2685 caeterorum
515 2634 652 2685 exteriomm
666 2634 839 2701 membrornm3
853 2636 888 2688 sed
899 2642 920 2683 et

133 2707 204 2757 habet
216 2708 336 2770 quamdam
357 2705 500 2756 influentiam
514 2706 635 2757 occultam.
651 2707 680 2756 Et
699 2706 755 2759 ideo
770 2710 836 2759 cordi
850 2716 922 2769 canpe

132 2783 197 2829 ratur
214 2778 311 2843 Spiritus
322 2780 432 2838 sanctos,
445 2778 485 2839 qui
499 2777 644 2827 invisibiliter
662 2777 790 2829 Ecclesiam
804 2781 922 2831 vivificato

132 2850 200 2914 umit3
215 2849 287 2913 capiti
303 2852 379 2898 nomm
391 2851 536 2911 comparatur
547 2848 599 2913 ipse
616 2848 721 2899 Christos
738 2853 870 2903 secandum
883 2844 921 2899 risi

134 2920 205 2973 bilem
222 2925 339 2984 naturam,
354 2920 480 2970 secundum
494 2934 562 2983 mam
574 2921 643 2973 homo
659 2921 795 2974 hominihus
808 2922 921 3061 praferw

904 3062 920 3287 l
