1917 3317
244 219 276 258 uu
291 221 439 266 nuurmormr
454 227 596 270 neumare.
775 228 822 277 tot

55 279 114 342 (tollat.
127 289 184 354 lilv,
197 307 249 360 cap.
271 298 305 363 t),-
322 301 350 350 cle
359 301 489 356 dirersitnte
502 307 637 372 religionum
649 311 745 374 loquens
762 315 794 366 eit
811 333 817 367 ε

54 357 143 413 uenirem
164 365 275 428 eligentes
294 376 450 435 aegrotantium
466 392 559 443 curem3
575 382 613 432 ulii
632 382 820 440 intercessionem

53 437 85 484 lle
94 444 124 492 pro
134 435 224 489 miseris
238 445 307 506 atque
320 448 434 510 oppressis
449 450 600 518 impenditur,
615 463 766 524 exequentes3
782 466 821 511 aut

51 496 124 573 lontrina>
142 507 288 579 insistentes,
301 521 341 565 aut
356 520 511 586 eleemosynas
527 527 663 590 pauperibus
681 529 818 595 largientes,

50 576 90 620 uter
100 591 184 642 magnos
196 587 265 648 etque
281 601 384 640 summos
396 593 459 644 uiros
474 608 515 658 pro
534 597 617 647 attactu
636 612 677 649 suo
693 614 719 651 ao
733 603 818 665 pietate

49 640 170 702 riguerunt.»
185 655 256 720 Ergo,
269 659 329 710 sicut
340 661 369 712 ad
386 666 543 726 aegrotantium
559 683 634 719 curam
648 671 722 736 aliqua
737 675 817 738 religio

48 717 103 787 potest
112 720 206 786 institui,
221 728 254 778 ita
266 731 337 782 etiam
350 734 377 782 ad
392 736 517 790 docendum
529 742 637 805 populum
654 757 695 807 per
707 747 818 809 praedica·

48 784 120 855 trunco,
135 797 213 849 utalia
227 801 362 865 buju'smodi
377 818 453 870 opera.
637 823 641 830 '

69 857 206 922 (Corcunsro.
223 900 254 911 -
266 874 323 924 Ciam
341 880 580 933 convenientissimum
599 885 629 934 sit
641 890 668 936 ut
687 889 756 940 adea
771 904 817 942 ex-

44 927 154 1000 lltldeeuar
163 944 191 994 ad
205 945 332 997 ammarum
346 951 441 1002 salutem
456 959 560 1017 spectant
571 956 653 1021 alique
663 958 815 1013 instituantur
878 1016 882 1022 .

43 1002 144 1076 religiones,
152 1018 297 1081 perspicuum
305 1022 360 1073 binc
369 1029 404 1074 est
413 1028 440 1077 ad
448 1028 615 1090 praedicandum
626 1036 650 1082 et
659 1034 814 1088 confessiones

40 1075 149 1133 aulienlum
162 1089 221 1140 recte
237 1092 372 1156 religionem
387 1095 499 1161 institui.)

63 1147 177 1215 Respondeo
189 1162 322 1230 dicendum,
336 1167 395 1230 quod
409 1170 467 1220 sicot
480 1173 567 1224 dictum
583 1180 619 1225 est
633 1176 691 1241 (art.
703 1179 742 1242 Ξ),
757 1193 813 1232 con-

41 1220 133 1296 uenientes
142 1231 217 1295 religio
230 1235 321 1287 institui
335 1244 411 1302 potest
426 1243 454 1292 acl
467 1256 536 1308 opera
549 1246 603 1298 uita
617 1248 714 1312 active,
729 1265 832 1310 secun-0

39 1286 79 1365 ‘llll
94 1298 144 1356 quid
161 1305 295 1356 ordinantur
308 1311 336 1359 ud
354 1310 475 1362 utilitatem
497 1317 653 1378 proximomm
668 1326 692 1371 et
706 1323 732 1372 ad
747 1325 812 1376 obse-

42 1370 99 1415 qnou
109 1367 142 1419 liei
155 1376 176 1422 et
192 1379 389 1431 conservationem
403 1383 473 1434 divini
487 1388 571 1437 cultile.
587 1388 660 1452 Magis
671 1397 746 1442 autem
760 1409 812 1459 pro

42 1438 191 1507 corruentibus
201 1449 357 1512 proximorum
366 1467 440 1518 perca
447 1471 497 1520 quae
506 1459 622 1521 pertinent
631 1463 659 1511 ad
670 1463 810 1527 spiritualem

43 1509 206 1581 aninesalutem,
218 1521 286 1583 quim
302 1538 344 1588 per
353 1539 380 1576 ea
391 1541 440 1590 qrrae
456 1531 572 1592 pertinent
585 1532 613 1582 ad
627 1534 810 1588 subueniendum

43 1580 125 1646 torpenti
136 1591 274 1654 necessitati,
285 1596 370 1658 quanto
385 1599 513 1662 spiritualia
534 1605 688 1668 corporalibus
702 1612 756 1657 sont
769 1623 810 1672 po·

41 1643 237 1725 trora;ondesuprb
251 1665 384 1719 dictumest
400 1679 451 1734 (qu.
465 1678 510 1737 32,
527 1679 569 1725 art.
584 1676 621 1739 3),
637 1676 695 1741 qubcl
712 1679 809 1731 eleemo-

37 1723 87 1797 iltle
96 1724 211 1784 spirituales
222 1741 276 1786 sunt
289 1740 444 1804 corporalibus
455 1747 564 1808 potiores.
573 1747 621 1797 Hoc
632 1748 702 1798 etiam
712 1752 809 1814 pertinet

34 1798 92 1851 meets
107 1800 132 1848 ad
142 1803 269 1870 obsequium
287 1813 345 1878 Dei,
365 1815 508 1869 cuinullum
528 1820 663 1871 sacrificium
682 1825 717 1872 est
735 1824 808 1888 magis

34 1870 130 1924 esecptum
146 1877 209 1936 quim
229 1881 291 1933 zelus
311 1885 459 1950 animorum,
473 1893 500 1940 ut
517 1892 635 1955 Gregorius
655 1893 710 1943 dicit
729 1909 807 1959 super

34 1928 105 1986 Eruet.
116 1942 198 2004 (Homil.
206 1953 265 2018 llll).
275 1956 349 2020 liujus
359 1959 429 2009 etiam
438 1965 474 2011 est
486 1964 642 2027 spiritualibus
651 1965 719 2015 armis
729 1973 806 2018 contra

32 2015 103 2058 errores
116 2013 260 2075 hereticorum
275 2033 298 2078 et
320 2031 459 2083 tentationes
472 2035 615 2096 daemouum,
631 2036 708 2087 fideles
724 2039 804 2090 deleu-

35 2071 81 2138 lere,
97 2085 158 2162 quim
169 2097 317 2158 corporalibus
330 2103 401 2152 ermis
414 2105 523 2169 populum
536 2106 624 2157 fidelem
633 2109 707 2158 tueri:
720 2112 743 2159 et
753 2110 804 2161 ideo

37 2157 243 2218 ¹onrcruentissiurum
257 2176 292 2222 est
305 2173 334 2222 ad
345 2175 529 2240 predicandum,
543 2181 606 2230 etad
619 2179 662 2229 alia
673 2182 804 2245 hujusmodi

37 2229 188 2299 ‘Writeflpertiuent
198 2240 224 2290 ud
238 2244 335 2294 salutem
352 2247 493 2314 animarum,
510 2249 607 2314 aliquam
620 2252 753 2315 religionem
768 2256 803 2304 in-

41 2297 91 2340 illiue,

66 2360 89 2409 le
102 2371 187 2430 primum
198 2394 249 2446 ergo
265 2385 400 2453 dicendum,
413 2390 474 2454 qubd
489 2391 528 2443 ille
542 2393 581 2459 qui
592 2399 699 2459 operatur
714 2409 743 2446 er
754 2397 801 2448 rir-

45 2430 80 2512 ΨΘ
116 2512 120 2519 Ι
135 2443 178 2512 us,
187 2454 228 2516 agit
240 2470 280 2520 per
290 2461 384 2511 modum
395 2460 555 2526 instrumenti;
566 2466 669 2518 minister
679 2472 755 2518 autem
765 2473 801 2520 est

47 2505 91 2547 scot
101 2521 269 2578 intrumentum
283 2533 426 2598 animatum,
442 2539 492 2587 out
505 2538 655 2603 Philosophus
671 2540 724 2590 dicit
739 2542 764 2591 in
779 2543 799 2592 l.

45 2565 104 2660 tat·
118 2583 169 2653 ten.
191 2597 227 2661 a).
245 2601 308 2654 onae
328 2603 388 2668 quoe
407 2606 489 2670 aeques
507 2611 640 2662 aaronem
654 2613 798 2674 percorum

48 2646 126 2749 lf³f³¹oe¹
138 2664 165 2712 rel
177 2667 214 2720 ulia
225 2673 354 2738 hujusmodi
367 2677 445 2741 iaciat,
454 2689 501 2731 nou
515 2684 684 2746 supergreditur
697 2685 797 2750 discipu-

56 2715 93 2762 Ἦ
102 2727 131 2775 ¹01
141 2734 271 2800 subjectionis
284 2749 379 2812 gradum
394 2750 434 2814 qui
448 2755 556 2817 competit
566 2755 686 2818 religiosis.

67 2787 204 2861 ,limonium
221 2815 355 2886 dicendum,
369 2820 428 2885 qubd
445 2821 503 2874 sicut
516 2815 637 2889 religiones
656 2828 738 2892 aliqua
758 2829 795 2878 iu-

47 2855 141 2917 ⁵²st⁰¹¹llll
150 2879 170 2928 al
181 2883 329 2954 militandum,
341 2905 387 2942 non
401 2893 493 2956 quidem
506 2900 531 2946 ut
546 2897 645 2947 militent
659 2898 794 2949 anctoritate

43 2931 134 3001 'mimo
143 2949 172 2998 llll
187 2961 312 3014 obcuritate
330 2963 460 3029 principum
478 2967 516 3019 uel
529 2969 653 3033 Ecclesia,
667 2970 748 3034 quibus
763 2971 802 3020 ex'
