1917 3317
113 211 162 258 ‘tet
302 220 362 257 neae
376 218 418 269 ua,
431 219 526 263 quaese.
540 217 631 267 xxxvi,
644 218 699 254 ana.
713 216 739 253 ιι.

112 296 188 346 omnis
204 294 361 358 Hieremlpma
377 308 428 344 eum
441 294 491 343 ille.
506 308 519 339 ι
532 294 610 343 Cessit
621 292 691 341 etiam
701 290 777 341 brein
788 288 901 339 dmrimen-

114 371 162 415 tum
175 366 283 427 alierum3
295 366 348 428 quia
361 380 390 415 ex
405 366 449 413 bae
462 364 591 424 eeeasiene,
600 363 702 413 Heredes
716 380 729 409 e
742 360 823 411 oceidit
836 370 903 423 pueros

113 436 138 489 in
152 439 294 497 Bethlehem,
306 442 330 486 et
340 438 364 485 in
378 438 484 487 omnibus
495 435 580 483 finibus
589 436 658 498 ejus,
672 434 684 484 'a
699 434 784 482 bimatu
792 436 816 481 et
824 430 902 479 rute.-

113 509 173 568 Eree
188 509 292 569 ridetur,
307 509 366 571 qudd
380 521 428 557 nen
442 506 512 557 luerit
523 506 665 555 renueniens
678 504 761 554 Christi
778 502 902 553 nativitatem

114 579 229 641 aliquibus
251 579 402 629 manifestari.

144 651 188 701 Sed
203 656 284 700 centra
296 655 341 711 est,
352 651 412 714 qudd
423 648 511 699 Christi
526 647 637 697 nativitas
651 648 709 697 nulli
720 648 800 697 luisset
811 646 900 709 pretirur.

112 723 134 773 si
148 724 254 773 omnibus
270 727 334 773 esset
353 722 451 771 oeculta.
470 719 517 769 Sed
536 720 659 781 oportebat
678 720 761 769 Christi
781 718 902 768 nativitatem

113 807 166 843 esse
179 795 319 857 pretieuarrr3
334 793 435 855 aliequin
455 790 539 841 trustra
553 796 622 839 natus
641 791 735 841 luisset.
753 792 812 853 Eleu
832 790 901 837 videtu

111 865 174 927 qudd
188 866 302 927 aliquibus
315 863 458 914 manitestari
474 862 577 911 debuerit
589 862 680 910 Cbristi
691 861 808 911 nativitas.

147 936 157 997 (
163 936 417 985 Concipere-Sicut
425 947 472 985 nen
483 932 559 983 decuit
573 931 693 983 Christum
705 935 860 993 resurgentem
870 940 904 975 ni-

112 1007 222 1056 niiestum
241 1006 290 1057 lieri
306 1008 429 1068 erunibus,
444 1006 484 1055 sed
503 1008 590 1053 tantum
606 1004 708 1053 testibus
729 1002 903 1068 praeminatur

113 1077 177 1137 ltee,
197 1077 231 1126 ita
243 1090 290 1128 neu
308 1077 385 1127 debuit
398 1079 449 1140 ejus
468 1075 577 1125 nativitas
591 1075 719 1138 omnibns,
736 1076 777 1126 sed
789 1074 904 1139 quibusdan

113 1148 277 1207 manifestere,
292 1162 322 1198 ex
338 1150 421 1211 quibus
436 1148 489 1197 aliia
509 1147 725 1209 manifestaretur.)

145 1220 281 1283 Respondes
307 1221 441 1281 dicendum,
459 1218 520 1282 qudd
538 1219 598 1267 siant
619 1218 748 1281 Apostolus
767 1217 823 1267 dieit
841 1218 906 1265 Rern..

112 1288 178 1349 itur,
195 1309 209 1338 e
219 1306 270 1353 que
282 1291 296 1341 l
308 1293 354 1341 lieo
368 1294 438 1352 suut,
449 1289 552 1341 ordinata
566 1294 628 1339 sunt.
648 1304 663 1336 n
689 1289 798 1340 Pertinet
810 1292 876 1338 autem
888 1295 906 1331 al

114 1360 198 1411 diuinae
219 1363 336 1426 sapientie
349 1364 470 1425 ordinere,
492 1365 518 1411 ut
531 1361 572 1411 bei
586 1361 646 1410 duna
658 1364 685 1409 et
705 1367 795 1411 secreta
808 1357 905 1424 sapientie

111 1432 183 1495 ejus,
199 1447 245 1483 neu
265 1434 427 1497 aequaliterne
447 1446 541 1495 ornnes,
556 1432 596 1482 sed
613 1432 752 1484 immediate
774 1433 803 1483 ud
819 1430 905 1495 quesite

113 1503 258 1565 perveniant,
274 1508 298 1554 et
307 1518 348 1567 per
360 1518 400 1553 ees
410 1504 439 1553 ad
450 1504 509 1553 alies
522 1504 661 1553 deriventur.
680 1504 761 1563 Unde,
782 1508 805 1553 et
819 1508 908 1567 quantur.

113 1574 142 1623 ad
162 1575 334 1625 resurrectionis
353 1576 503 1639 mysterium,
518 1573 599 1625 dieitur
617 1574 685 1625 Act..
705 1574 745 1637 Χ,
761 1573 848 1637 qnbdr
865 1574 908 1619 [teu

112 1642 178 1693 dedit
190 1645 306 1695 Christum
318 1648 487 1707 resurgentem,
500 1643 648 1693 manifestum
663 1642 734 1703 fieri,
752 1658 800 1695 uon
815 1642 869 1693 omni
880 1652 909 1701 pr·

113 1715 176 1776 pulo,
191 1717 230 1765 sed
241 1716 336 1765 testibus
345 1715 504 1778 preordinatis
516 1714 529 1764 a
539 1717 593 1764 beo.
602 1730 616 1761 e
628 1714 697 1763 Unde
709 1719 734 1765 et
749 1717 796 1765 bec
807 1714 868 1765 etiam
879 1713 909 1758 de

38 1795 39 1798 ’
113 1783 164 1833 buit
172 1786 232 1835 eirea
242 1786 315 1849 ipsius
329 1786 471 1836 nativitatem
484 1786 608 1849 observari,
622 1788 649 1834 ut
660 1798 708 1835 nen
722 1786 834 1835 omuibus
846 1786 900 1833 dtus

112 1858 152 1975 {us
171 1858 369 1921 manifestaretur,
383 1860 424 1908 sed
437 1858 588 1921 quibusdem,
603 1870 645 1921 per
657 1871 718 1920 quos
733 1862 817 1921 pesset
829 1858 855 1906 ad
869 1854 910 1903 ali:

130 1939 232 1978 euenire.

146 1998 178 2046 bd
193 1999 291 2061 primum
305 2013 359 2063 erge
377 1999 511 2059 dicendum,
525 1997 586 2061 qudd
601 1998 661 2047 sient
681 1999 768 2050 luisset
782 1999 808 2049 in
822 1994 903 2063 prajuii

112 2067 176 2117 eiurrr
192 2069 274 2119 salutis
292 2072 414 2132 burnanae,
434 2068 455 2119 si
473 2070 580 2119 omnibus
603 2068 737 2119 bominibus
760 2070 803 2119 liei
820 2068 913 2118 natiue-

112 2136 270 2200 innetuisset‚
283 2142 314 2190 ita
327 2141 397 2190 etiam
411 2145 435 2190 et
452 2141 472 2189 si
486 2140 544 2189 nulli
557 2144 610 2189 neta
630 2140 723 2191 luisset
744 2142 848 2203 Utroque
860 2138 906 2187 eni..

114 2212 182 2260 mede
196 2212 281 2261 tollitur
294 2213 351 2262 fides
361 2249 368 2275 ,
380 2217 425 2261 tarn
438 2211 526 2260 seilicet
537 2212 630 2273 penbert
644 2211 706 2273 qudd
720 2211 810 2273 aliquid
821 2214 856 2260 est
870 2214 905 2255 tete

113 2278 168 2329 liter
180 2282 339 2344 manifestum,
351 2283 420 2346 quam
433 2282 502 2331 etiam
519 2294 559 2345 per
577 2282 621 2331 bee
634 2281 696 2343 qudd
711 2282 802 2333 anullo
811 2292 915 2343 eiquese-

114 2354 159 2414 tur,
172 2351 187 2402 b
200 2368 246 2417 que
265 2355 336 2417 pessit
354 2354 511 2405 testimenium
532 2351 621 2416 audiri;
643 2354 741 2405 «Fides
755 2353 822 2404 enim
839 2365 867 2401 ex
879 2363 914 2397 au·

38 2433 39 2438 ’
113 2421 200 2486 dite»
216 2428 242 2473 ut
256 2425 337 2475 dieitur
348 2428 431 2484 Rom,
445 2426 474 2475 Χ.

38 2493 39 2502 ’
146 2495 181 2542 td
195 2498 320 2545 seeundum
330 2497 467 2558 dicendum,
485 2494 546 2559 qudd
563 2494 633 2545 Maria
650 2499 675 2545 et
692 2496 783 2557 Jasepb
797 2495 897 2544 instrum

38 2583 39 2614 i
113 2569 180 2613 eraut
193 2566 220 2614 de
234 2566 321 2614 Cbristi
336 2566 456 2615 nativitate
469 2568 591 2628 antequam
605 2570 755 2627 nasceretur;
768 2567 825 2629 quia
841 2564 868 2611 ad
886 2574 907 2607 e<

114 2633 243 2693 pertinebat
264 2636 415 2686 reverentiam
430 2637 537 2687 exhibere
553 2637 611 2699 preli
631 2641 749 2699 concepte
772 2636 797 2685 in
812 2640 886 2687 utere.
899 2652 917 2671 r·

38 2756 39 2761 Ἰ
112 2702 185 2751 etiam
198 2706 293 2767 obsequi
310 2707 440 2755 nasciturae.
456 2708 542 2757 Earum
554 2710 631 2757 autem
644 2706 800 2757 testimoninm
807 2743 817 2768 ‚
831 2718 901 2768 prop:

114 2767 159 2817 hot
173 2773 233 2832 qudd
246 2779 296 2824 erat
312 2775 478 2837 domesticum,
495 2775 577 2825 luisset
592 2776 695 2825 habiturn
714 2780 848 2840 suspectum
866 2772 903 2820 rin

114 2841 308 2897 magnificentiam
319 2844 413 2893 Christi.
427 2846 456 2894 Et
466 2844 518 2895 ideo
527 2847 630 2908 oportuit
640 2851 666 2895 ut
678 2846 729 2897 aliis
735 2848 907 2896 manifestaret

112 2908 237 2971 extraneis,
248 2925 344 2974 queram
354 2914 511 2965 testimoninm
521 2921 656 2979 suspectum
665 2930 717 2970 esse
729 2930 775 2968 nen
785 2922 875 2981 posset.
