1917 3317
292 162 324 197 ue
340 160 430 199 nunu
447 161 556 213 merser,
572 155 625 200 iero.
817 153 863 202 ete

44 237 169 287 veritatis.
180 252 193 284 u
203 236 250 287 Sed
259 249 310 287 esse
318 237 463 300 unigenitum
472 237 486 288 l
496 239 563 289 Patre
572 275 579 302 ,
587 241 622 288 est
631 238 747 303 proprium
756 239 858 290 Christo.

45 309 114 371 Ergo
129 312 152 358 et
167 308 190 358 ei
201 309 317 372 proprioru
329 313 365 360 est
380 322 431 360 esse
440 311 535 374 plenum
547 309 624 373 gretie
637 313 660 360 et
674 310 786 361 ueritatis.

84 380 416 443 (Concipere-Plenitudo
430 380 508 444 gretie
526 385 637 444 quantum
653 382 681 431 ed
695 383 819 432 essentiam
838 387 866 436 et

47 449 134 514 gratio
146 450 255 500 uirtutem
269 451 435 515 comparatione
449 451 572 502 effectuum
581 490 589 515 ,
599 452 689 502 Christo
703 453 794 516 propria
808 457 861 517 est3

49 521 107 572 aliis
123 520 198 571 solium
212 521 320 572 tribuitur
332 526 424 586 propter
437 526 522 574 certum
541 523 695 575 intensionem
709 527 733 574 et
749 526 862 582 extensio·

49 605 107 642 nem
125 593 205 656 gratio
218 593 342 643 secundini
353 593 506 644 conditionem
518 594 644 659 subjecti.)

84 664 227 727 Respondeo
242 663 372 725 dicendum,
384 663 445 727 qrrdd
459 666 577 728 plenitudo
592 666 670 728 gratie
686 669 764 730 potest
777 666 863 718 attendi

54 733 178 798 dupliciter
193 749 200 784 ε
219 749 265 785 uno
278 737 346 786 modo
363 748 393 785 cx
408 740 472 800 purte
493 735 565 800 ipsius
579 737 671 800 gretie,
686 737 731 787 elio
751 739 863 788 modoet

51 808 119 870 parte
131 807 241 856 habentis
250 806 354 868 gretiam.
363 807 398 856 Ex
408 811 472 871 perte
482 807 572 870 quidem
583 808 656 873 ipsius
670 808 748 872 gratie
757 846 765 872 ,
777 808 861 860 dicitur

55 888 107 926 esse
119 876 241 940 plenitudo
249 878 327 941 gretie
339 891 368 928 ex
379 891 406 928 eo
421 878 481 942 quod
495 878 576 942 aliquis
587 879 695 943 pertingit
706 879 734 929 ed
747 893 860 930 summum

54 949 148 1011 gratioe,
164 952 188 998 et
204 953 314 1012 quantum
328 951 356 1000 nd
375 951 515 1014 essentiam,
529 954 552 1001 et
565 955 675 1014 quantum
687 953 717 1001 ad
734 952 859 1017 uirtutem,

58 1018 112 1083 quie
126 1019 215 1070 scilicet
228 1020 297 1070 hebet
310 1022 419 1085 gratiam,
431 1025 455 1072 et
468 1021 493 1071 in
508 1022 606 1071 murima
622 1021 754 1072 excellentia
768 1037 812 1086 qun
824 1037 866 1087 po

57 1094 105 1141 test
117 1091 196 1141 huleri
201 1128 210 1154 ,
219 1097 242 1142 et
250 1091 274 1140 in
282 1093 381 1142 maxima
392 1094 526 1144 extensione
537 1094 564 1143 ad
573 1107 654 1144 omues
667 1093 746 1157 gratie
757 1094 865 1157 effectus3

60 1165 85 1214 et
100 1162 153 1212 telis
166 1163 245 1226 gratie
265 1163 384 1227 plenitudo
406 1168 442 1216 eut
458 1166 551 1230 propria
565 1165 662 1216 Christo.
680 1167 715 1214 Ex
729 1169 794 1229 perte
810 1165 866 1216 verd

59 1235 157 1300 subiecti
171 1235 255 1284 dicitur
265 1237 342 1299 gretie
353 1237 480 1301 plenitudo,
492 1238 582 1300 quaudo
595 1238 647 1300 quis
661 1238 731 1287 hahet
740 1237 806 1301 plene
816 1250 866 1301 gro-

60 1305 117 1356 tiam
136 1306 264 1357 secundum
280 1321 344 1357 suam
364 1309 533 1371 conditionem,
549 1309 597 1359 sire
613 1307 738 1358 secundino
754 1309 866 1360 intensio·

58 1391 130 1439 nem,
145 1382 214 1443 prout
224 1378 249 1428 iu
265 1393 292 1430 eo
306 1384 341 1430 est
354 1380 445 1432 intensa
460 1381 530 1444 gretie
545 1393 617 1444 usquo
632 1381 659 1429 nd
673 1381 795 1430 terminum
808 1395 865 1446 pre·

56 1451 129 1500 linum
153 1450 177 1499 ei
195 1449 208 1500 l
223 1451 283 1512 lieo,
298 1451 422 1502 secunddm
443 1452 500 1502 illud
514 1454 616 1518 Eptes..
638 1452 667 1501 lV
685 1467 690 1500 :
708 1451 860 1515 «Unicuique

58 1521 164 1572 nostrum
188 1522 240 1571 data
265 1525 301 1572 est
325 1523 397 1586 gretie
420 1523 545 1574 secundum
576 1535 707 1574 mensurum
733 1522 862 1572 donationis

58 1593 159 1655 Chrisd;
170 1610 184 1640 u
200 1594 250 1643 sire
265 1593 332 1643 etiam
346 1593 469 1644 secundinus
483 1595 591 1646 uirtutem
601 1631 610 1658 ‚
621 1595 646 1644 in
659 1598 769 1657 quantum
780 1593 867 1644 scilicet

55 1666 127 1716 hebet
140 1664 269 1715 laenitatem
283 1665 360 1728 gretie
375 1667 403 1716 ad
418 1665 555 1729 omniaque
570 1665 686 1730 pertinent
697 1665 725 1714 ed
735 1677 799 1714 suum
810 1663 864 1714 olii·

58 1739 119 1788 dum
130 1738 182 1788 sive
190 1741 288 1798 stertunt,
299 1737 360 1788 sicut
371 1739 490 1803 spostolus
500 1739 597 1802 dicebat,
609 1737 708 1801 ldplzeo„
722 1737 768 1786 lll:
784 1753 797 1782 u
806 1735 862 1786 llihi

59 1809 163 1861 omnium
188 1813 317 1859 sanctorum
337 1809 430 1860 minimo
448 1811 500 1859 deta
524 1813 559 1860 est
581 1810 651 1872 gretie
668 1811 718 1858 haec
737 1807 867 1857 illuminare

61 1894 151 1943 omues,
161 1884 207 1932 etc.
216 1898 230 1929 u
239 1883 269 1932 lit
278 1882 330 1931 telis
337 1882 417 1945 gratioe
426 1881 544 1944 plenitudo
554 1893 601 1932 nou
612 1883 647 1930 est
658 1879 750 1944 propria
763 1878 864 1942 diruto,

61 1954 101 2003 sed
120 1953 298 2002 communicetur
311 1953 362 2002 eliis
374 1966 414 2014 per
428 1953 554 2003 Christum.

92 2023 233 2087 ndpriuuu
243 2038 297 2088 ergo
308 2024 507 2087 dicendum‚qudd
516 2025 582 2074 beata
591 2023 659 2086 Virgo
673 2023 733 2073 diota
745 2025 779 2072 est
791 2021 867 2086 plenu

66 2097 170 2158 pratia,
185 2108 232 2145 non
245 2109 275 2145 ex
290 2100 353 2159 parte
366 2095 441 2159 ipsius
454 2095 546 2160 gratiae;
559 2094 669 2163 quianon
681 2094 761 2144 habuit
772 2093 868 2157 graiium

68 2166 94 2216 in
106 2180 193 2218 summu
204 2169 337 2218 excellentia
348 2182 393 2231 qua
402 2172 478 2230 potest
489 2167 576 2227 heberi,
585 2180 628 2217 uec
642 2167 669 2216 ad
679 2179 757 2216 omnes
770 2165 868 2215 eiiectus

67 2239 154 2302 gretie.
169 2241 214 2290 Sed
228 2240 311 2290 dieitur
323 2239 395 2290 luisse
408 2241 476 2303 plena
490 2239 562 2302 gratie
577 2253 618 2302 per
632 2237 825 2302 comparationem
840 2237 869 2287 ad

67 2309 216 2376 ipsnm3quia
235 2311 324 2360 sedicet
344 2309 443 2362 habebat
461 2311 556 2372 gratinus
578 2310 719 2360 sufficienter
737 2310 764 2358 ed
787 2311 870 2358 statum

67 2382 131 2431 illurn
144 2383 172 2432 ed
183 2396 251 2446 quem
264 2386 313 2434 erat
329 2382 400 2432 electa
413 2381 426 2432 l
437 2383 500 2442 lieo,
516 2387 541 2431 ut
558 2385 620 2432 esset
630 2381 718 2432 scilicet
728 2385 798 2431 meter
811 2379 873 2429 Uni-

69 2452 140 2514 geniti
156 2454 215 2517 ejus.
235 2455 264 2504 Et
285 2453 391 2504 similiter
407 2453 542 2517 Stephanus
561 2453 642 2502 dicitur
661 2451 749 2516 plenus
767 2453 870 2516 prolia,

68 2525 120 2588 quia
136 2525 234 2575 hebehd
247 2527 342 2588 gretiam
363 2525 514 2575 sufficientem
529 2525 557 2574 ad
571 2525 615 2574 hoc
631 2524 692 2588 quod
705 2527 765 2574 esset
777 2523 871 2574 idoneus

70 2595 173 2646 minister
186 2600 209 2646 et
222 2597 288 2647 testis
298 2598 348 2660 liei,
359 2597 386 2646 ud
404 2597 463 2659 quod
475 2600 524 2646 eret
535 2597 629 2646 electus.
641 2597 668 2646 Et
679 2595 739 2646 idem
753 2595 871 2645 dicendum

71 2671 106 2719 est
117 2669 144 2718 de
157 2667 217 2720 aliis.
228 2669 313 2718 Harum
325 2672 402 2718 tamen
413 2667 580 2731 plenitudinum
592 2681 637 2718 uua
646 2670 681 2718 est
690 2664 778 2730 plenior
791 2664 870 2724 altere,

73 2740 195 2790 secundum
206 2741 265 2802 quod
276 2740 358 2803 aliquis
369 2743 404 2790 est
413 2739 522 2790 diuinitus
535 2739 701 2803 praeordinatus
714 2739 742 2787 ed
756 2737 870 2794 altiorem,
897 2741 901 2747 ·

72 2807 248 2861 uetiuieriorem
262 2815 355 2861 steten.

106 2881 274 2933 Adsecuudum
288 2882 422 2944 dicendum,
437 2882 497 2947 quod
511 2881 630 2945 Apostolus
642 2879 675 2929 tui
683 2877 783 2939 loquitur
797 2877 824 2925 de
835 2873 875 2922 ille
