1917 3317
252 198 282 240 os
296 200 411 241 russroran
427 200 532 241 cnumrr.
745 176 791 246 oth

41 288 50 323 r
56 274 158 340 patiente
173 288 281 343 corpore,
293 292 335 343 per
348 279 470 343 accidens,
484 280 508 329 in
521 282 631 343 errantum
644 282 680 331 est
692 283 793 347 corporis

43 362 60 397 s.
76 349 120 399 Sed
134 348 210 399 anima
222 362 268 400 uon
286 354 322 401 ost
336 354 400 402 actus
419 352 520 416 eorporis
531 353 657 403 secundum
670 354 795 417 quamlibet

42 433 76 468 em
95 422 164 483 elus3
182 432 236 469 nom
252 420 378 473 intellectus
395 422 480 473 nullius
495 423 596 487 corporis
617 426 682 474 actus
696 428 748 486 est,
767 428 794 475 ut

41 496 72 539 lor
92 491 118 541 in
136 491 175 543 lll.
197 491 233 541 De
253 494 350 543 anima.
365 494 424 557 Ergo
442 494 533 545 videtu
546 494 608 560 quod
628 495 733 548 Christus
747 510 794 549 non

41 562 57 609 it
70 576 155 626 passus
166 564 289 614 secundum
303 566 374 614 totam
387 566 494 615 animam.

41 636 195 696 .Praeterea‚
216 636 324 699 quaehhet
342 636 444 701 potentis
467 637 548 690 anime
569 638 653 704 patitur
666 639 680 689 h
694 653 737 691 suo
750 640 792 691 oh·

41 722 56 756 r.
77 708 123 758 Sed
145 706 270 771 superioris
291 708 363 771 perlis
383 708 477 759 rationis
493 710 608 774 objectum
624 715 678 761 sunt
695 711 794 762 rationes

44 792 95 841 nm,
111 778 198 845 quihus
217 779 367 843 inspiciendis
380 783 403 830 et
417 780 560 833 consulendis
572 783 687 843 intendit,
702 787 729 833 ut
746 786 793 833 hu·

41 850 91 901 inus
106 849 166 901 dicit
175 850 200 899 in
214 850 266 901 llll.
277 852 315 901 De
329 851 421 903 Triail.
435 852 470 901 llrr
480 853 604 904 ralionihns
617 856 694 905 aomos
704 853 795 905 eternis

42 937 71 970 un
93 922 175 987 potuit
187 922 292 973 Christus
312 924 360 987 pati
382 929 561 989 nocumentum,
578 938 630 976 cum
651 925 677 976 in
691 926 753 977 nollo
771 925 794 976 ei

41 994 194 1046 inficientur.
202 994 261 1059 Ergo
271 996 359 1046 ridetur
370 995 430 1060 quhd
439 1010 487 1047 non
495 997 565 1048 luerit
578 1012 658 1062 passus
667 999 793 1049 secundum

41 1078 54 1113 n
75 1078 193 1117 sormam.

61 1140 202 1205 Praeterea,
216 1139 307 1203 quando
320 1139 398 1204 passio
411 1139 526 1191 sensibilis
543 1153 615 1205 usquo
631 1142 660 1191 ad
682 1141 793 1191 rationem

41 1208 108 1273 legit,
124 1215 183 1261 tuno
201 1210 282 1261 dicitur
296 1212 408 1275 completa
422 1212 517 1276 passio;
534 1224 585 1275 qua
598 1211 623 1261 in
636 1210 728 1262 Christo
747 1224 794 1262 non

41 1324 42 1329 ,
56 1284 99 1333 sed
115 1284 197 1334 solum
207 1280 335 1347 propassio,
345 1287 370 1333 ut
385 1282 536 1348 Hieronymus
549 1282 613 1334 dicit.
625 1284 689 1334 Unde
703 1286 727 1334 et
740 1284 794 1335 llio·

41 1368 62 1403 rs
79 1354 139 1405 dicit
153 1354 181 1403 in
194 1367 223 1404 eo
237 1354 273 1403 od
286 1356 406 1404 Jooarzenc
421 1353 630 1418 annpelislam,
644 1353 704 1419 qndd
719 1369 795 1420 opas·

41 1440 60 1475 rs
76 1426 126 1477 sihi
140 1424 220 1476 illatas
233 1422 362 1490 patiebatur
375 1424 499 1476 secundhm
508 1425 611 1489 judicare
624 1425 706 1476 solum.
718 1442 732 1474 n
743 1427 794 1476 Non

58 1499 156 1549 ridetur
171 1496 232 1561 qudd
250 1498 352 1549 Christus
370 1498 496 1549 secuudum
513 1500 584 1549 totam
606 1497 705 1548 animam
727 1503 794 1563 pate-

54 1643 179 1693 Praeterea
185 1677 194 1704 ,
208 1640 285 1703 passio
298 1641 399 1691 dolorem
413 1644 499 1691 causat.
518 1640 563 1691 Sed
574 1640 702 1691 intellectui
713 1654 794 1705 specu·

42 1728 54 1762 o
70 1727 121 1763 non
136 1714 177 1763 est
194 1711 273 1774 dolor3
284 1712 337 1775 quia
352 1729 366 1759 «
379 1712 527 1763 delectationi
538 1725 589 1775 quae
602 1714 639 1762 est
652 1712 681 1761 ah
694 1724 722 1763 eo
735 1712 795 1775 quod

41 1786 202 1845 premerere,
217 1784 278 1833 nulle
297 1782 388 1833 tristitia
411 1784 544 1849 opponitur,
568 1801 582 1832 u
603 1786 631 1833 ut
642 1783 796 1848 Philosophus

51 1858 75 1907 in
93 1858 115 1907 l.
136 1856 301 1920 Topicornm.
316 1856 375 1919 Ergo
395 1856 484 1906 videtur
497 1856 558 1919 quod
571 1856 674 1907 Christus
690 1870 736 1908 non
755 1868 796 1921 pa-

42 1944 67 1977 nr
90 1925 225 1979 secundhm
246 1930 318 1977 lotam
334 1926 440 1977 mimam.

41 2002 58 2051 :d
82 2002 170 2053 contra
188 2002 242 2062 est,
257 1998 318 2063 quod
335 1998 359 2047 in
379 1998 448 2049 Psol.
467 2000 596 2059 dxxxvii,
610 1998 693 2050 dicitur
706 2012 734 2049 eu
745 2012 797 2063 per·

51 2074 166 2124 Christi:
182 2072 300 2135 «Replela
312 2078 348 2124 est
360 2071 424 2123 malis
436 2074 511 2122 anima
524 2085 610 2137 mea3»
625 2073 705 2123 Glossa
719 2089 733 2119 «
749 2085 797 2123 uon

41 2160 63 2209 r,
76 2146 123 2197 sed
139 2143 267 2207 doloribus,
279 2144 362 2207 quihus
375 2145 451 2195 animo
462 2143 525 2195 carni
536 2143 680 2210 compatitur3
697 2142 736 2193 uel
748 2155 797 2193 ma·

41 2219 148 2268 scilicet
169 2217 301 2280 pereuntis
323 2216 422 2281 populu]
438 2216 605 2282 compatiendo.
622 2232 636 2263 n
649 2216 700 2265 Non
720 2218 797 2265 autem

43 2294 65 2338 ct
82 2290 167 2339 anima
181 2286 233 2351 ejus
247 2286 284 2338 his
296 2286 363 2337 malis
383 2286 482 2353 repleta,
498 2287 517 2337 si
528 2300 575 2339 non
589 2285 713 2337 secundhm
727 2289 797 2336 totam

41 2374 81 2412 ¹am
94 2373 187 2427 passus
201 2362 272 2410 esset.
285 2360 345 2423 llrgo
359 2358 465 2411 Christus
482 2363 517 2410 est
531 2357 657 2410 secundhm
667 2361 737 2409 totam
748 2357 797 2406 ani·

55 2446 159 2498 passus.

41 2508 191 2557 Josmnsro.
216 2530 247 2541 -
267 2502 325 2554 Cium
344 2506 394 2554 ‘tota
418 2505 520 2553 essentia
543 2502 626 2554 animae
647 2501 798 2565 conjungatur

41 2576 84 2641 ¹iri,
103 2575 215 2629 existens
236 2574 320 2626 totam
337 2578 397 2637 toto,
417 2578 440 2625 et
465 2576 512 2624 tota
530 2572 554 2623 in
572 2574 673 2637 qualibet
697 2570 798 2635 corporis

41 2670 61 2712 :‚
77 2649 194 2713 patiente
208 2659 303 2711 corpore
321 2660 403 2711 passus
415 2644 574 2696 fuitchristus
586 2644 713 2696 secundhm
727 2645 799 2693 totam

43 2732 102 2782 am,
123 2722 150 2771 et
165 2716 293 2769 secundhm
310 2730 390 2768 omues
406 2716 455 2781 ejus
471 2716 591 2767 interiores
607 2714 735 2781 potentias,
749 2725 797 2762 nou

41 2807 54 2840 n
70 2788 212 2843 secundhm
222 2788 334 2839 rationem
346 2801 374 2839 ex
384 2792 447 2853 parte
458 2786 557 2852 objecti,
567 2787 627 2851 quod
638 2784 680 2836 luit
694 2783 726 2834 illi
738 2784 797 2834 ratio

43 2862 151 2915 tationis
166 2864 191 2913 el
210 2860 300 2927 gaudii5
318 2873 399 2925 possus
417 2859 461 2910 fuit
479 2862 556 2911 autem
569 2855 693 2909 secundhm
715 2867 796 2906 omnes

41 2936 117 2999 olias,
136 2938 165 2984 nt
179 2932 310 2985 radicantur
330 2932 355 2983 in
371 2931 468 2985 essentia
490 2930 602 2995 anime.)

661 3028 705 3081 ψ
