1917 3317
578 130 671 179 318
969 139 1092 178 rm
1128 140 1212 188 m,
1243 138 1429 184 Qum.
1461 139 1539 189 vx,
1571 121 1684 176 Ant.
1718 138 1790 183 xv.

574 218 754 269 cundae.
792 233 821 263 n
860 216 946 265 Sed
992 216 1145 266 anima
1183 215 1352 266 Christi
1392 218 1674 279 eomparatur
1718 216 1777 265 ad
1809 214 1917 267 Veri

574 302 711 340 causa
747 289 949 339 secunda
989 289 1042 339 ad
1074 287 1286 351 primam.
1334 287 1465 337 Prius
1501 300 1609 350 ergo
1651 288 1854 338 Verbum
1891 300 1917 337 e

576 361 703 411 carni
732 359 868 423 quam
890 361 1073 411 animae.

641 433 729 483 Sed
751 437 906 500 coptra
928 436 1030 495 est,
1056 431 1175 495 quod
1198 433 1503 482 Damascenus
1523 429 1636 480 dicit
1658 431 1708 481 in
1731 432 1808 482 111.
1830 432 1910 483 lib.

580 524 607 553 α
628 506 769 555 Simul
795 518 924 567 caro,
956 508 1004 553 et
1032 506 1112 556 Dei
1132 504 1271 555 Verbi
1302 505 1501 553 animata
1528 516 1633 553 caro
1652 541 1666 566 ,
1699 504 1917 555 rationali:

575 577 760 627 lectiva.
780 594 808 625 n
837 578 938 629 Non
966 590 1073 639 ergo
1104 578 1214 627 unio
1243 576 1377 627 Verbi
1407 576 1462 625 ad
1489 588 1670 625 carnem
1700 577 1917 641 praeeessi

578 649 636 700 ad
670 650 885 699 animam.

649 724 965 783 (Concuxsio.
984 719 1186 769 —Sieut
1202 720 1353 772 anima
1375 733 1466 770 non
1486 718 1615 783 prius
1638 720 1728 769 fuit
1741 720 1770 770 a
1785 721 1917 771 Verbi

580 792 718 857 quam
748 806 873 857 caro,
890 793 956 842 ita
976 806 1062 843 nec
1086 805 1190 843 οπο
1210 791 1334 857 prius
1361 790 1534 842 assumi
1562 791 1720 841 debuit
1737 791 1879 856 quam
1899 807 1917 842 a

581 879 685 915 caro
715 864 777 915 sit
808 865 835 914 a
856 865 1006 916 Verbo
1040 863 1365 928 assumptihilis
1382 902 1397 923 ‚
1422 877 1514 913 non
1539 862 1671 927 prius
1703 868 1862 913 autem
1885 866 1917 914 h

578 935 713 999 quam
740 937 935 985 animam
964 936 1227 985 rationalem
1254 935 1466 996 habeat.)

643 1008 914 1070 Respondeo
942 1008 1208 1065 dicendum,
1241 1005 1362 1069 quod
1385 1019 1491 1056 caro
1525 1006 1729 1056 humana
1758 1011 1833 1057 est
1866 1021 1917 1058 as

583 1076 610 1127 a
627 1079 804 1141 Verbo,
826 1078 1078 1128 secundum
1106 1078 1310 1128 ordinem
1349 1091 1484 1140 quem
1511 1077 1650 1126 habet
1673 1078 1731 1127 ad
1766 1079 1917 1129 anima

581 1150 688 1211 lem,
709 1150 829 1200 sicut
852 1152 906 1199 ad
926 1150 1153 1214 propriam
1179 1149 1384 1198 formam.
1399 1150 1530 1197 Hunc
1550 1154 1701 1198 autem
1719 1150 1917 1202 ordinen

583 1225 829 1284 antequam
852 1222 1004 1271 anima
1030 1222 1264 1271 rationalis
1291 1222 1332 1271 ei
1361 1222 1600 1282 adveniat,
1617 1220 1725 1284 quia
1746 1221 1891 1273 simul

584 1294 772 1343 materia
793 1296 844 1343 tit
870 1295 1052 1357 propria
1080 1294 1273 1356 alicujus
1295 1294 1476 1355 formae,
1496 1292 1655 1357 recipit
1679 1293 1808 1343 illam
1831 1294 1917 1345 fori

582 1364 632 1419 in
666 1365 824 1415 eodem
868 1365 1057 1414 instanti
1090 1366 1356 1414 terminatur
1398 1364 1634 1427 alteratio,
1676 1365 1725 1414 in
1755 1379 1854 1428 quo
1898 1368 1915 1418 i

582 1438 728 1489 forma
755 1437 1085 1488 substantialis.
1112 1437 1168 1486 Et
1193 1436 1298 1485 inde
1321 1439 1394 1486 est
1415 1435 1535 1499 quod
1558 1449 1662 1485 οπο
1686 1450 1782 1486 non
1801 1438 1917 1488 debt

585 1510 706 1560 sumi
741 1509 878 1573 quam
899 1513 1023 1559 esset
1050 1522 1152 1558 caro
1178 1510 1406 1572 humana3
1435 1508 1556 1572 quod
1581 1508 1754 1558 sactum
1779 1514 1858 1559 est
1885 1524 1912 1560 a

584 1581 678 1631 nali
708 1580 994 1632 adveniente.
1016 1582 1148 1632 Sient
1176 1581 1313 1643 igitur
1347 1580 1497 1629 anima
1528 1594 1620 1630 non
1657 1584 1730 1631 est
1751 1581 1917 1646 prius«

584 1652 693 1716 quia
731 1657 889 1702 contra
926 1657 1132 1703 naturam
1173 1651 1334 1702 auimae
1375 1657 1448 1702 est
1485 1656 1535 1701 ut
1573 1652 1703 1716 prius
1740 1653 1799 1703 sit
1837 1656 1917 1717 qui

585 1722 784 1786 uniatur,
808 1722 871 1772 ita
904 1738 1007 1774 caro
1037 1738 1126 1774 non
1164 1723 1320 1773 debuit
1351 1722 1479 1787 prius
1513 1723 1685 1772 assumi
1721 1724 1863 1788 quam
1892 1740 1917 1777 a

585 1808 676 1847 non
696 1794 821 1859 priiis
849 1798 917 1846 est
946 1810 1049 1845 caro
1069 1796 1292 1857 humana,
1325 1795 1461 1858 quam
1491 1796 1656 1846 habeat
1681 1796 1890 1848 animam
1915 1842 1917 1847 .

647 1869 714 1917 Ad
750 1868 949 1930 primum
968 1880 1076 1927 ergo
1100 1866 1353 1925 dicendum,
1375 1867 1492 1931 quod
1528 1880 1630 1918 earo
1655 1868 1863 1920 humana
1893 1885 1917 1921 s

584 1952 665 2004 per
690 1939 919 2001 animam3
950 1942 996 1987 et
1016 1938 1118 1989 ideo
1147 1942 1253 1987 ante
1277 1940 1521 1989 adveutum
1552 1938 1714 1990 animae
1747 1953 1844 1989 uon
1875 1956 1917 1992 es

585 2024 746 2070 mana,
783 2010 863 2059 sed
901 2013 1055 2073 potest
1100 2023 1198 2060 esse
1241 2010 1481 2074 dispositio
1518 2012 1572 2060 ad
1609 2024 1790 2062 carnem
1838 2014 1917 2063 hui

582 2081 881 2145 conceptione
898 2085 1055 2131 tamen
1075 2080 1241 2131 Christi
1268 2081 1463 2146 Spiritus
1487 2086 1690 2143 sanctus,
1712 2084 1796 2146 qui
1824 2090 1905 2136 est

584 2152 694 2205 nitae
734 2151 944 2214 virtutis,
968 2151 1103 2203 simul
1130 2158 1179 2203 et
1211 2153 1445 2203 materiam
1472 2154 1724 2219 disposuit,
1756 2160 1804 2205 et
1843 2159 1904 2208 ad

579 2223 809 2287 perduxit.

645 2297 712 2346 Ad
746 2296 997 2346 secundum
1038 2294 1282 2346 dicendum
1298 2334 1312 2357 ,
1354 2296 1474 2360 quod
1514 2299 1656 2348 forma
1690 2304 1801 2349 actu
1842 2300 1917 2351 dat

582 2368 774 2423 materia
796 2371 967 2429 autem,
991 2370 1208 2431 quantum
1229 2371 1300 2417 est
1330 2367 1385 2417 de
1405 2382 1472 2430 se,
1497 2370 1634 2419 estin
1661 2372 1876 2434 potentia
1897 2387 1917 2422 a

582 2440 643 2489 Et
661 2439 762 2489 ideo
790 2444 945 2489 contra
966 2438 1188 2489 rationem
1210 2439 1367 2490 formae
1386 2444 1506 2490 esset
1527 2441 1651 2505 quod
1679 2445 1917 2506 praeexiste

583 2510 783 2573 speciei,
814 2524 918 2573 quae
951 2509 1184 2575 perficitur
1219 2523 1302 2573 per
1328 2511 1544 2562 unionem
1575 2512 1678 2577 ejus
1714 2516 1773 2565 ad
1803 2512 1917 2567 mat<

584 2585 736 2631 autem
776 2586 850 2632 est
891 2586 1051 2632 contra
1079 2586 1285 2632 nat-uram
1322 2584 1526 2636 materiae
1561 2585 1685 2649 quod
1721 2590 1917 2651 praeexis

585 2652 776 2716 speciei.
805 2655 864 2714 Et
887 2654 990 2704 ideo
1020 2654 1335 2705 dissimilitudo
1361 2669 1464 2719 quae
1486 2661 1559 2708 est
1586 2658 1707 2708 inter
1740 2660 1917 2724 origine

585 2807 780 2853 vetustis
816 2809 1401 2869 exemplaribus,.tametsi
1435 2808 1540 2875 ejus
1562 2826 1656 2859 non
1683 2821 1785 2877 est,
1815 2818 1901 2863 sed

581 2870 769 2930 jusdam
789 2901 804 2931 ,
832 2875 884 2924 ut
909 2871 955 2917 in
986 2884 1071 2918 suo
1099 2874 1438 2921 Commentario
1465 2880 1514 2924 S.
1543 2878 1917 2940 Thomu-agnos
