1917 3317
226 203 258 238 nn
274 199 483 244 uonsnuunnumue
500 199 616 237 entem
775 192 816 240 tet

49 279 179 343 attentaret
192 277 299 329 Christus
315 279 384 327 Iesus
402 277 431 326 sit
450 278 518 328 hume
531 275 672 340 dominicus,
684 276 768 328 dixisse
782 293 820 330 me

53 351 119 412 uttem3
130 353 206 414 pestes
216 348 302 412 quippe
315 347 363 397 ridi
376 359 422 398 nen
434 361 488 398 esse
501 347 634 410 dieendum;
644 348 748 411 quamvis
761 363 819 399 uon-

54 421 91 468 ntta
101 421 162 484 pessit
174 419 266 470 ratione
279 418 385 482 deieudi3
399 435 413 466 u
429 419 483 482 qnia
500 419 588 468 seilicet
600 422 679 481 posset
689 418 771 482 aliquis
783 421 819 470 di-

52 505 82 540 ere
92 492 141 554 quid
153 491 237 542 dieitur
253 489 326 540 nnn
338 491 488 540 Demiaieus
502 489 591 540 ratione
603 490 707 541 hnmana
721 495 817 554 uatmae,

54 577 95 612 tiam
108 564 212 628 signifieat
230 563 275 612 hee
296 575 381 612 nomeu
394 565 485 622 demo,
498 575 546 612 nen
563 565 641 612 autem
660 561 746 614 ratiene
761 578 817 628 sup-

50 634 103 682 uuiti.

71 705 93 752 td
103 707 217 756 secundnm
229 705 367 768 dicendum,
377 703 438 768 quid
447 704 504 754 ittud
516 718 587 754 uuum
595 705 747 769 suppositum,
755 708 815 768 quod

49 781 71 820 nt
81 777 164 828 trunsum
177 781 201 827 et
216 775 303 826 divinae
321 780 416 838 naturae,
430 775 504 839 primi
516 775 609 839 quidem
621 774 665 825 iuit
678 775 762 826 divinar
775 789 817 827 nt·

60 861 96 907 aa,
109 849 188 900 scilieet
207 849 238 898 ab
255 851 356 910 uterum
372 851 452 911 pastea
471 851 549 897 autem
562 859 592 896 ex
604 850 707 911 tempere
723 860 764 910 per
777 848 815 896 tn·

61 920 167 971 mationem
187 921 276 971 iactum
289 923 324 970 est
342 919 485 984 suppositum
502 920 608 969 humanae
622 921 718 968 naturae.
730 918 759 968 [tt
772 920 817 968 hae

63 989 106 1041 iare
114 992 190 1042 dicitur
201 992 383 1046 humanatum,
397 1003 442 1040 neu
458 988 513 1053 quia
526 988 676 1052 assumpserit
689 989 814 1048 huminem,

60 1066 68 1106 t
80 1061 254 1126 reassumpsit
271 1063 395 1111 humanam
405 1063 529 1110 maturam.
543 1060 593 1110 Nun
607 1062 683 1110 eutem
700 1059 735 1109 sie
754 1060 816 1111 este

60 1145 137 1196 rueme,
153 1133 217 1198 quid
231 1130 375 1196 suppositum
391 1134 498 1181 humanm
517 1133 604 1197 naturae
619 1131 767 1192 assumpserit
777 1131 816 1180 di-

64 1213 99 1248 mn
113 1209 225 1256 namnam.
236 1203 300 1254 iinde
318 1215 366 1254 nen
377 1206 453 1267 petest
466 1202 514 1254 diei
531 1205 605 1252 tome
624 1201 759 1265 deificatus
777 1201 814 1252 ret

60 1279 167 1327 'ranzanus

68 1345 89 1390 td
100 1347 179 1396 tertium
191 1346 331 1403 dicendum,
339 1345 400 1410 qndd
412 1348 458 1396 hee
471 1358 555 1397 nemen
565 1346 684 1396 divinum
696 1347 816 1396 censuerit

61 1415 130 1466 dnm
144 1419 214 1469 etiam
230 1419 259 1468 de
275 1417 311 1467 his
323 1417 352 1468 de
360 1416 445 1482 'quibus
457 1418 594 1482 praedieetur
604 1416 758 1468 essentialiter
770 1418 815 1467 hee

65 1499 103 1534 rum
112 1489 188 1552 Deum
201 1487 301 1540 dicimus
311 1487 373 1538 euim
387 1487 447 1552 qndd
456 1505 469 1537 a
477 1488 555 1540 diuina
564 1487 665 1539 essentia
675 1490 712 1537 est
720 1489 814 1548 Deus»

63 1554 105 1605 ime
116 1559 275 1620 ieiunitatis,
290 1563 314 1609 et
327 1558 388 1624 qudd
400 1577 414 1608 e
423 1560 525 1611 essentia
537 1564 574 1610 est
585 1559 626 1609 ltei
638 1557 688 1607 sive
701 1557 787 1619 divina,
799 1575 813 1604 n

67 1643 75 1687 p
83 1633 108 1678 ter
120 1631 233 1684 diversum
244 1631 337 1682 medum
350 1631 508 1695 significandi,
523 1636 547 1682 et
562 1631 671 1682 Verbum
684 1628 813 1685 divinam.

52 1712 77 1743 ‘u
90 1704 152 1753 tamen
164 1705 267 1754 Verbum
283 1703 313 1752 sit
324 1704 395 1767 Deus3
413 1707 436 1753 et
451 1701 555 1754 similiter
570 1702 666 1752 dicimus
681 1715 814 1764 persenam

63 1772 143 1832 uuam,
155 1774 216 1824 sicut
230 1777 255 1823 et
267 1785 390 1836 persenam
406 1774 518 1833 Platonis,
528 1777 620 1836 prepter
630 1771 745 1822 diversum
761 1783 814 1822 me-

62 1853 76 1886 n
88 1844 230 1902 significandi.
248 1844 293 1894 Sed
305 1845 451 1894 Dominicaas
464 1857 509 1894 nou
518 1844 602 1893 dieitur
609 1844 637 1893 de
646 1841 684 1891 his
695 1841 723 1892 de
733 1841 815 1905 quibus

58 1913 133 1962 minae
144 1916 294 1978 predicatum
312 1927 358 1966 nun
372 1914 433 1965 euim
446 1913 566 1966 censuerit
579 1913 640 1976 diei,
653 1914 713 1977 qued
733 1911 815 1975 aliquis

62 1993 100 2043 itt,
111 1986 147 2048 qui
162 1990 199 2036 est
211 1985 330 2048 deminus,
340 1985 369 2035 sit
381 1987 542 2035 Durniuieus.
554 1985 599 2035 Sed
610 1985 667 2034 iliud
683 1983 743 2046 qued
757 1996 813 2046 qua-

59 2066 156 2118 uir'utnque
167 2061 204 2110 est
216 2056 321 2118 Domini,
330 2056 498 2106 Domimeum
507 2055 603 2116 dicitur,
613 2055 672 2105 sieut
682 2054 814 2104 derninieu

62 2122 140 2188 tratas,
155 2129 193 2178 vel
206 2126 340 2176 doma'ntcu
354 2141 456 2182 munera,
477 2126 516 2177 vei
533 2126 663 2176 dominica
678 2127 772 2189 passio.
786 2125 815 2175 tta

67 2203 76 2237 u
88 2194 127 2256 ipse
141 2199 211 2250 hume
230 2197 338 2248 Christus
346 2233 354 2260 ,
369 2197 409 2260 qui
424 2201 460 2248 est
479 2196 600 2260 deminus,
619 2211 667 2248 neu
679 2199 755 2262 petest
770 2196 815 2246 diei

65 2267 171 2334 rutatum
180 2271 221 2320 sed
231 2272 309 2333 petest
320 2282 372 2320 care
383 2268 433 2332 ejus
442 2269 487 2320 dici
498 2284 558 2318 aare
570 2269 717 2328 dominica,
729 2271 753 2318 et
761 2280 815 2332 pas·

63 2336 114 2396 ‘itus
127 2344 200 2403 petest
213 2339 264 2391 diat
276 2343 363 2404 pusato
379 2339 510 2390 dominica
522 2339 566 2404 (t).

73 2449 87 2506 ¹)
99 2458 152 2506 Oued
162 2465 244 2506 autem
256 2459 285 2504 ad
294 2459 428 2517 praedictum
441 2459 544 2517 Dionysii
555 2458 697 2503 ieeutienem
707 2462 807 2513 spectat,

69 2515 90 2555 asi
101 2519 278 2568 dteiaimimum
291 2523 374 2568 desum
389 2522 542 2579 appellantis,
555 2526 581 2565 nt
600 2521 738 2577 interpretes
759 2521 813 2565 red·

62 2581 92 2626 aa,
103 2583 138 2627 ent
150 2590 229 2641 petest
244 2585 411 2630 convenienter
427 2590 453 2629 ut
466 2582 504 2628 irie
517 2583 641 2640 explicari,
651 2583 722 2628 atium
732 2588 811 2628 tamen

66 2647 111 2684 ”itm
125 2647 193 2700 μεθὸ
215 2647 292 2702 teuit,
309 2659 379 2704 quem
397 2658 444 2691 nen
467 2647 575 2703 exprimit
596 2646 668 2690 tutiua
682 2656 742 2701 uox,
757 2643 809 2689 edm

76 2705 199 2762 diremptas
214 2709 318 2767 appellet
329 2711 397 2765 quaet
405 2708 668 2767 primordialiuimam
679 2707 765 2756 neum,
774 2707 812 2751 vet

77 2785 107 2814 ‘¹⁸⁰
122 2780 251 2834 meditem
274 2781 440 2838 principata:
462 2791 505 2826 seu
524 2779 659 2837 simplieiter
677 2789 707 2821 ex
728 2775 814 2819 Budare

59 2846 153 2885 premunt
163 2855 257 2888 sesemen
270 2857 299 2887 ue
318 2843 492 2904 principium,
505 2847 573 2900 preut
585 2841 648 2911 ἀρχὴ
663 2838 701 2884 eet
711 2837 815 2894 priuci-

68 2911 95 2946 rm
105 2909 133 2954 tei
143 2915 316 2972 principatum
329 2911 454 2972 signifieat.
