1917 3317
221 174 224 178 ·
257 165 289 203 ns
303 163 371 204 nono
386 161 510 225 alumnis
525 161 628 204 caman.
796 135 843 204 stt

334 350 494 403 iuuentus
510 351 551 400 llt.

74 475 172 548 Uinium
189 475 268 532 passio
277 474 367 520 Christi
379 477 478 533 operato
488 475 518 520 sit
528 487 569 532 per
577 475 672 520 modum
685 473 803 530 socn'jtoii.

57 601 100 652 Ad
114 601 218 652 tortium
236 601 270 652 sio
285 602 413 666 proceditur
427 601 472 666 (l).
483 598 578 652 Videtur
593 599 653 665 ‹pudd
667 599 743 665 passio
757 597 844 650 Christi

25 686 80 725 ron
94 673 128 722 sit
146 677 243 737 operula
258 674 401 736 permodunr
415 672 529 723 saorilioii.
542 673 630 724 Veritas
643 673 703 722 enirn
716 671 785 722 debet
798 683 844 721 nos-

25 745 139 809 pondere
150 745 241 808 ligura.
252 745 296 794 sod
307 745 330 793 in
340 744 547 795 ucnfioiisretaris
556 744 623 808 legis,
631 757 681 808 quae
691 746 755 794 orant
765 743 843 808 figuras

25 817 143 880 Christi,
155 831 274 880 nunquam
288 817 424 867 offerebatur
437 829 490 866 caro
507 817 621 881 hnmana3
634 816 735 880 quinimo
750 817 799 867 hoto
810 827 845 866 sa·

25 888 124 940 urilloia
135 889 257 938 immunda
271 892 294 940 ol
305 889 402 939 nefanda
416 889 562 950 baubantur,
575 888 697 938 secundum
707 887 763 938 illud
773 887 844 937 Psol.

25 963 74 1011 CV
87 977 94 1010 :
111 977 126 1007 «
136 959 275 1011 Effuderunt
288 959 421 1024 sangninem
431 960 589 1021 innocentem,
603 959 735 1024 sanguinum
747 959 844 1011 filiorum

25 1045 134 1083 suorum
148 1037 173 1082 et
193 1031 293 1080 illarum
306 1044 414 1095 suarum,
429 1043 486 1096 quas
501 1031 681 1082 sacrificaverunt
702 1031 843 1096 sculptilibus

27 1105 172 1155 chanaam.
187 1119 201 1150 u
216 1103 273 1166 Ergo
282 1101 374 1152 ridetur
390 1101 451 1166 qudd
463 1102 540 1168 passio
551 1101 636 1152 Christi
649 1103 784 1154 saonidoium
800 1103 844 1152 dioi

29 1189 89 1227 non
99 1175 187 1240 possit.

70 1252 99 1300 2.
125 1249 258 1310 Proeteroa,
281 1247 420 1312 Augustinus
441 1245 497 1297 dicit
516 1247 540 1296 in
562 1247 591 1296 ll.
612 1247 648 1296 De
668 1247 778 1298 Ciuitate
801 1249 845 1297 Dei

31 1322 42 1386 (
56 1333 113 1385 cap.
127 1322 166 1383 til,
179 1319 241 1384 quod
255 1335 270 1367 u
283 1318 421 1369 saoriddnm
434 1317 539 1379 visibile,
554 1317 676 1369 invisibilis
691 1318 795 1369 saonfidi
808 1331 845 1369 sa-

34 1396 202 1453 cramentum,
215 1391 239 1441 id
257 1394 300 1454 ost,
315 1403 404 1440 saornrn
418 1390 510 1453 signum*
520 1393 564 1440 ost.
579 1406 592 1437 u
607 1389 653 1440 Sed
667 1390 745 1455 passio
757 1389 845 1440 Christi

37 1476 91 1514 non
105 1465 143 1513 ost
156 1463 260 1526 signnm,
276 1463 315 1512 sod
326 1461 398 1525 magis
411 1461 524 1524 signatum
534 1473 576 1525 per
585 1461 629 1511 alia
643 1461 717 1525 signa.
735 1461 794 1524 Ergo
808 1461 844 1509 ui·

37 1535 112 1585 detur
126 1533 188 1598 quod
201 1533 277 1597 passio
289 1532 372 1583 Christi
385 1545 430 1584 nun
451 1532 480 1583 sit
495 1531 638 1582 sacrificinm.

77 1611 103 1656 t.
117 1608 243 1667 listerus,
256 1605 392 1669 quicunque
407 1603 472 1654 offert
491 1604 627 1654 saorilloiunr
639 1642 645 1664 ,
659 1604 747 1666 aliquod
759 1615 847 1654 sacrum

42 1677 117 1738 laoit,
130 1680 157 1727 ut
176 1677 252 1742 ipsum
273 1688 358 1726 nomon
378 1673 486 1726 sacrificii
504 1675 654 1726 domonstrat.
669 1674 705 1725 llli
719 1678 794 1724 autom
806 1675 846 1739 qui

43 1748 165 1798 Christum
181 1747 325 1807 occiderunt,
339 1759 386 1805 non
398 1747 502 1797 looornnt
516 1745 606 1810 aliquod
624 1759 726 1806 sacrum,
741 1747 781 1797 sod
800 1759 846 1796 rna·

45 1831 118 1882 nam
131 1819 238 1869 malliam
250 1820 446 1883 perpetraverunt.
455 1819 515 1883 lingo
528 1817 606 1882 passio
620 1817 705 1869 Christi
716 1819 846 1882 potidsfuit

47 1891 183 1940 maledoinrn
196 1889 265 1954 qutun
282 1889 427 1940 sacrificium.

81 1961 128 2012 Sed
136 1967 209 2013 contra
219 1966 270 2025 est,
281 1963 342 2026 quod
352 1963 473 2026 Apostolus
484 1961 539 2012 dioit
551 1963 680 2028 Epdes.,ll
700 1978 706 2012 r
720 1979 734 2011 u
746 1961 848 2012 Tradidit

52 2033 198 2098 semetipsum
209 2047 250 2098 pro
263 2033 330 2085 nohis
345 2033 484 2085 oblationem
497 2037 521 2084 ol
533 2035 630 2084 hostiam
643 2035 704 2098 lleo,
714 2034 739 2084 in
755 2035 847 2086 odorem

52 2105 177 2157 suauitatis.
188 2123 202 2154 n

89 2177 472 2242 (Coronosro.-Cl1mcliristns,
484 2177 613 2242 passionom
627 2191 690 2228 suam
701 2179 845 2242 sustinendo,

56 2263 115 2316 opus
125 2251 169 2300 ileo
180 2249 360 2315 aoooptissimurn
374 2248 460 2313 lucent,
473 2263 553 2300 rorum
566 2249 642 2300 extitit
654 2249 815 2315 sacrilioiuut.)

89 2323 215 2386 despondeo
228 2323 362 2383 dicandum,
375 2320 437 2385 quod
450 2319 586 2372 sacrificium
603 2321 694 2386 proprii
708 2323 789 2374 dieitur
801 2323 848 2374 ali-

60 2393 113 2458 quid
123 2393 203 2443 laetum
220 2393 245 2443 in
258 2395 367 2444 honoram
380 2391 472 2456 proprid
487 2393 533 2444 llao
551 2391 650 2445 debitum
658 2431 666 2457 ‚
682 2394 710 2444 ad
724 2407 775 2444 eum
795 2395 849 2458 pla·

61 2465 159 2515 undum.
174 2466 203 2514 Et
220 2465 274 2516 indo
284 2472 320 2515 ost
333 2465 393 2528 quod
411 2464 553 2526 Augustinus
570 2464 623 2514 dioil
639 2465 663 2515 iu
676 2466 706 2515 ll.
724 2465 761 2515 De
774 2465 848 2516 Ciui-

64 2539 114 2585 tate
127 2537 169 2586 Dei
180 2536 243 2600 (cap.
257 2537 282 2603 6)
294 2553 300 2587 :
318 2536 427 2586 «Varum
442 2535 577 2585 sacrificium
591 2540 626 2586 est
640 2549 706 2588 ornus
716 2549 775 2602 opus
787 2539 848 2600 quod

64 2607 133 2671 agitur
149 2610 172 2657 ut
186 2612 263 2659 sancta
282 2607 391 2659 sooiomo
411 2606 565 2658 inharoamus
578 2608 641 2674 Deo,
655 2610 750 2660 relatum
763 2609 849 2662 scilicet

99 2767 126 2831 (ll
141 2771 169 2815 llo
179 2771 213 2816 tls
224 2772 295 2816 etiarn
308 2771 378 2830 inlrd,
393 2783 434 2827 qu.
443 2768 483 2830 ld,
499 2777 541 2818 art.
551 2770 580 2830 d,
594 2773 618 2816 iu
627 2783 705 2828 aurp,
722 2777 745 2816 ot
754 2783 795 2831 qu.
807 2772 847 2833 ⁷3,

70 2840 109 2880 art.
121 2834 184 2880 ollam
195 2833 224 2893 d,
238 2841 286 2880 tum
300 2835 324 2881 in
340 2847 416 2893 oorp.,
431 2839 479 2880 lum
493 2836 521 2880 ad
532 2834 564 2889 33
580 2841 654 2892 atqu.
672 2831 712 2894 83,
727 2840 771 2881 aut.
783 2833 806 2896 t,
822 2836 845 2881 in

68 2908 140 2955 σοι-μς
152 2902 174 2943 at
185 2895 284 2955 opusc„
296 2899 347 2960 tx,
361 2909 415 2955 cap.
430 2895 469 2957 ts,
484 2899 530 2944 ool.
542 2896 566 2942 d.
