1917 3317
259 199 304 236 br
321 197 379 238 mar
394 197 603 238 dommulum.
808 192 839 242 lb

60 272 218 340 trimembri,
231 278 259 326 ut
275 288 307 325 en
322 276 367 325 boo
377 274 599 326 manuducereturiu
609 277 690 327 ileum.
704 278 768 330 Unde
785 280 840 331 alibi

53 347 102 408 dicit,
120 349 213 398 Produc.
230 348 331 399 cxllt:
349 346 492 398 ulleditatus
508 361 557 397 sum
571 347 595 397 iu
612 349 717 400 omuibus
733 351 839 415 operibus

52 418 104 481 luis,
118 420 252 472 eliniactis
265 432 375 470 manuum
389 423 478 470 tuarum
492 419 630 470 meditabar·
625 423 744 486 ,expandi
757 437 838 476 manus

51 492 201 542 uenandis.»

74 564 228 614 ldsscuudunr
244 563 385 623 dicendum,
400 562 460 624 qubd
474 576 503 613 ex
512 564 695 616 consideratione
708 538 840 619 divinornm

50 632 165 694 iudiciorum
177 633 343 684 manuducitur
353 634 439 684 bomo
433 649 458 683 ru
468 635 681 698 contemplationem
695 637 796 689 diviua'
787 653 840 703 pus·

53 703 107 754 titia.
119 706 146 755 Er
159 706 347 758 consideratione
361 709 436 756 auum
446 705 573 756 diviuomm
583 708 743 758 benedictorum
755 715 778 760 et
786 724 839 775 pro

51 775 152 827 missorum
160 777 326 828 manuducitur
335 778 403 826 bomo
417 776 442 825 in
456 778 610 840 coguitionem
619 779 701 830 divinar
711 780 837 833 misericor·

49 847 83 898 ιιι
91 862 128 900 seu
140 849 266 909 bonitatis,
281 848 348 912 quasi
361 861 403 911 per
411 849 506 898 edoctus
515 849 631 900 erbibitos
641 852 677 901 rel
688 851 837 905 exhibendos.

74 921 102 970 ld
111 922 200 972 tertium
210 921 350 980 dicendum,
362 919 421 983 quod
434 933 475 983 per
488 920 528 970 illa
542 934 584 971 ser
596 922 743 984 designantur
754 927 837 988 gradus

46 991 117 1053 quibus
128 1007 167 1057 per
176 996 297 1043 creaturas
308 991 333 1040 in
346 991 386 1041 lici
393 992 614 1054 contemptationem
625 994 763 1046 ascenditur.
779 997 837 1047 Nam

46 1063 66 1112 iu
81 1065 146 1128 primo
160 1065 233 1129 gradu
243 1062 340 1128 ponitur
353 1064 470 1128 perceptio
479 1062 583 1127 ipsomm
596 1065 752 1129 sensibilium
768 1067 792 1116 iu
802 1081 839 1119 se·

46 1137 111 1186 cundo
124 1135 177 1187 iord
198 1136 271 1198 gradu
282 1135 375 1198 ponibrr
385 1148 518 1198 progressus
531 1135 696 1186 asensioiltbus
709 1138 738 1186 ad
752 1138 837 1190 intolli-

45 1207 124 1269 gibilia3
140 1209 163 1258 iu
184 1209 256 1258 tertio
271 1206 328 1257 verb
344 1206 414 1270 gmdn
433 1207 525 1270 ponitur
544 1208 677 1272 dijudicatio
697 1211 838 1262 sensibilium

45 1280 156 1330 secundum
172 1279 344 1340 intelligibilia3
361 1279 386 1327 iu
396 1283 474 1340 ouamo
485 1279 539 1329 verb
553 1281 622 1341 gradu
630 1279 723 1343 ponitur
736 1277 839 1334 absoluta

49 1352 187 1403 consideratio
204 1349 383 1412 intelligibilium
404 1349 426 1398 in
441 1363 493 1413 quae
506 1364 547 1414 per
562 1350 677 1401 sensibilia
693 1353 835 1418 pervenitur3

48 1422 148 1486 iuquinto
163 1422 223 1475 verb
236 1423 308 1486 gradu
320 1421 412 1484 ponitur
424 1423 584 1486 contemplatio
596 1422 772 1488 intelligibilium
786 1439 839 1488 quo

46 1507 80 1556 per
95 1497 211 1548 sensibilia
230 1493 332 1544 inveniri
349 1506 395 1544 uon
413 1498 523 1557 possunt,
542 1495 583 1545 sed
600 1508 643 1558 per
660 1496 771 1546 rationem
789 1497 840 1562 capi

51 1572 144 1631 possuut3
161 1569 188 1618 in
206 1571 275 1617 sexto
294 1566 365 1628 gradu
386 1565 477 1629 ponitur
496 1566 644 1616 consideratio
664 1566 840 1630 intelligibilium

50 1649 92 1698 qna
103 1641 154 1691 ratio
166 1655 216 1691 nec
234 1637 340 1688 invenire
354 1651 397 1688 neo
408 1649 488 1701 capere
505 1642 593 1702 potest3
606 1653 655 1703 quae
666 1640 754 1689 scilicet
769 1639 840 1703 porti·

48 1713 95 1760 nect
110 1715 134 1763 ad
150 1713 278 1764 sublimem
294 1709 510 1772 contemplationem
524 1710 608 1762 diviua
625 1711 742 1774 tentatis,
754 1711 779 1761 ιιι
795 1725 839 1776 qua

47 1780 443 1847 dualitercontemplatioperficitur
513 1808 517 1814 ·

73 1855 101 1904 td
110 1860 217 1918 martum
228 1855 360 1916 dicendum,
371 1852 432 1917 quod
444 1855 524 1904 ultima
539 1853 649 1918 perlectio
661 1854 755 1904 humani
771 1855 840 1905 intel-
866 1891 891 1912 ν

47 1925 108 1976 lectis
118 1934 153 1978 est
166 1928 259 1980 veritas
271 1928 364 1988 diviua3
380 1927 430 1977 alia
448 1931 524 1976 autem
544 1926 654 1978 sodates
670 1926 811 1991 perdcinnt'
805 1940 840 1976 rn-

46 1998 172 2050 tellcctum'
165 2013 192 2050 ru
209 1997 291 2050 ordine
305 1999 334 2048 ad
350 1997 470 2049 vcriutem
482 1998 591 2048 divinam.

338 2178 498 2230 articulos
512 2179 540 2227 V.

53 2309 124 2358 Utrum
143 2315 196 2358 utto
219 2309 419 2366 contemplativo,
437 2308 564 2354 monadum
583 2311 672 2353 stolum
689 2307 762 2363 bnjur
779 2308 840 2364 vitu,

138 2376 204 2433 possi
206 2378 216 2419 t
225 2373 361 2431 pertimere
370 2373 402 2418 ad
410 2370 525 2416 visionem
534 2369 620 2415 divino
628 2371 740 2415 essentia.

82 2505 105 2555 td
121 2505 230 2572 quntum
248 2505 283 2556 sic
298 2503 437 2569 proceditur.
452 2503 546 2554 Videtur
563 2502 624 2567 quod
642 2502 689 2553 vita
702 2503 842 2567 contempla-

57 2572 102 2634 tu.
114 2578 244 2630 secuudum
254 2580 339 2628 statum
349 2576 420 2639 bujus
433 2575 502 2636 nitu,
512 2575 584 2640 possit
596 2573 725 2638 pertingere
736 2575 764 2624 ad
773 2573 841 2624 risio·

57 2657 97 2696 ncu
109 2650 191 2701 duna
205 2648 321 2700 mentia
336 2646 394 2707 Quia
408 2651 434 2696 ut
447 2649 542 2698 babetur
556 2647 650 2702 Gener„
665 2647 761 2707 xxxii,
773 2645 842 2696 Jacob

57 2716 120 2770 dixit:
134 2739 148 2770 c
162 2721 217 2772 tili
232 2721 305 2772 Deum
317 2718 375 2770 lacis
389 2720 415 2770 ad
428 2719 523 2780 taciem,
535 2723 558 2769 et
570 2719 631 2768 salva
645 2717 703 2768 iacta
719 2721 754 2768 est
767 2717 842 2768 anima

60 2801 105 2840 usa
120 2794 191 2845 »ssd
210 2792 272 2844 visio
290 2791 358 2842 lactei
372 2791 410 2841 llei
425 2795 462 2842 est
475 2791 533 2841 nisio
550 2789 632 2839 diviua
648 2790 761 2840 essentia
782 2790 842 2849 Ergo

60 2859 763 2930 riitittripubdaliouispercontemplatioueminprasentiuita
772 2858 844 2922 possit

65 2939 202 2990 *mordere
214 2940 243 2992 ed
252 2937 378 2990 ridendum
391 2939 462 2990 ileum
473 2949 514 3002 per
524 2933 655 2988 essentiam.
