1917 3317
228 227 258 267 nn
273 228 422 268 mmnmouu
438 230 541 269 summm.
737 222 783 272 tut

255 445 421 516 demitto
438 446 517 511 XLI.

59 588 85 634 tte
99 591 214 635 tantotiens
230 588 340 641 certate,
354 591 384 635 iu
398 592 505 647 quotum
516 591 635 637 articulos
648 590 738 637 diviso.

56 741 116 790 eiude
129 738 309 791 considerandum
322 742 356 790 est
371 740 398 789 de
412 739 537 791 tentatione
551 741 646 792 christi.

59 818 64 860 t
77 814 134 861 cirea
153 813 193 863 hoc
206 814 337 875 queruntur
349 814 445 875 quatuor
458 828 464 859 :
481 816 508 861 1⁰
524 812 603 863 Uirium
616 813 685 865 tuerit
704 827 788 865 conue-

56 900 64 933 s
77 884 183 934 Christum
193 882 282 934 tentari.
294 887 320 931 2⁰
334 884 365 934 ite
376 884 427 934 loeo
440 884 582 937 tentationis.
593 889 619 935 3⁰
628 886 660 936 lte
674 889 786 951 tempore.

55 964 69 1006 to
83 957 147 1007 modo
163 958 184 1007 et
196 953 273 1006 ordine
288 954 429 1006 tentationis.

292 1134 453 1187 ARTICULUS
469 1137 488 1185 t.

103 1262 189 1307 vestm
205 1262 344 1307 conveniens
353 1261 433 1317 fuerit
451 1260 575 1308 christum
584 1262 682 1307 unium.

66 1388 165 1453 primum
179 1388 213 1437 sic
226 1386 354 1451 proceditur
368 1386 411 1453 (1).
426 1386 521 1437 Videtur
530 1386 590 1451 qnid
603 1387 718 1438 Christum
736 1391 789 1440 ten·

56 1475 84 1511 on
100 1458 261 1511 conveniebat.
271 1458 367 1509 Tentare
382 1459 443 1509 enim
454 1462 491 1509 est
500 1458 681 1521 experimentum
690 1473 789 1525 sumere;

59 1534 154 1597 quidem
169 1544 215 1581 non
228 1530 253 1581 tit
263 1531 309 1581 nisi
324 1532 351 1581 de
371 1546 395 1583 re
406 1533 494 1597 ignota.
508 1529 554 1581 Sed
563 1531 633 1581 virtus
647 1531 732 1581 Christi
743 1533 792 1583 erat

55 1606 123 1655 etiam
144 1602 301 1668 demonibus3
316 1602 473 1655 diciturenim
494 1606 563 1658 Lao,
585 1603 631 1666 tt,
644 1601 705 1666 quid
720 1616 792 1656 onon

55 1682 69 1726 rt
86 1679 206 1727 daemones
220 1674 297 1738 loqui,
311 1675 364 1738 qnia
380 1675 484 1725 sciebant
502 1687 554 1725 eum
570 1688 620 1726 esse
634 1675 759 1725 Christum.
775 1691 790 1724 n

55 1750 149 1798 uidetur
163 1745 226 1811 qu'od
240 1758 288 1797 nnn
299 1746 399 1799 decuerit
407 1747 523 1797 Christum
536 1746 628 1797 tentari.

56 1822 175 1871 Praeterea
187 1856 193 1881 ,
206 1816 310 1868 Christus
323 1818 352 1867 ed
369 1819 413 1869 hoo
423 1819 518 1868 venerat
530 1822 556 1867 ut
568 1831 637 1881 opera
650 1818 732 1871 diaboli
745 1820 793 1873 dis-

56 1899 91 1953 rt,
113 1888 248 1941 secundini
262 1890 317 1939 iilud
338 1890 356 1940 t.
371 1893 471 1949 tonsum,
487 1891 535 1940 111:
557 1908 571 1937 u
588 1890 614 1940 in
632 1892 674 1942 hoo
689 1893 793 1957 apparuit

62 1964 123 2025 Dei,
141 1966 170 2013 ut
187 1962 299 2012 dissoluat
313 1974 381 2025 opera
395 1960 486 2013 diaboti.
498 1978 512 2009 n
524 1962 569 2013 Sed
583 1976 629 2013 non
640 1967 676 2014 est
687 1965 793 2028 ejusdem

56 2048 100 2085 ¹oue
118 2047 195 2099 opera
210 2032 308 2097 alicujus
322 2037 346 2082 et
361 2046 387 2083 eu
407 2033 465 2097 pati.
481 2034 510 2083 Et
524 2036 555 2082 tta
577 2034 666 2084 uidetur
683 2033 794 2085 inconne-

56 2108 137 2157 tnisse
154 2103 222 2169 quod
233 2104 338 2154 Christus
350 2108 464 2167 pateretur
477 2118 502 2154 se
513 2104 596 2154 tentari
608 2104 728 2157 idiabolo.

56 2184 171 2229 ’ureterea
183 2215 190 2237 ,
205 2175 289 2240 triplex
301 2180 337 2227 est
348 2176 453 2237 tentatio,
465 2176 553 2226 seilicet
564 2176 577 2226 a
588 2190 665 2239 carne,
675 2177 792 2240 inmundo,

57 2251 137 2301 moto.
150 2248 201 2300 Sed
212 2246 318 2299 Christus
331 2261 378 2298 nnn
392 2248 435 2297 tuit
448 2251 550 2298 tentatus
559 2260 602 2299 nec
612 2248 625 2299 i
635 2261 717 2311 earne,
729 2249 795 2301 need

56 2363 59 2371 .
78 2323 149 2385 Ergo
167 2332 215 2370 nec
227 2319 296 2370 etiam
311 2319 389 2369 debuit
402 2318 486 2369 tentari
498 2319 622 2370 idiabolo.

64 2396 156 2443 eontra
184 2395 239 2447 est.
254 2388 315 2455 quid
334 2390 414 2442 dieitur
434 2391 539 2450 Morti„
556 2392 586 2441 tv
601 2408 607 2441 :
625 2393 738 2442 «Ductus
760 2394 797 2444 est

56 2486 59 2515 r
83 2464 188 2529 Spiritu
203 2464 229 2512 in
244 2462 377 2525 desertum,
391 2467 417 2512 nt
426 2462 575 2513 tentaretura
588 2462 687 2514 diabolo.
702 2480 716 2511 n

56 2548 175 2587 ucnnsro.
189 2561 223 2572 -
234 2534 340 2585 Christus
352 2538 378 2583 nt
388 2535 454 2585 nobis
468 2540 546 2585 contra
559 2535 698 2586 tentationes
716 2548 796 2585 exem·

59 2614 67 2656 t
90 2606 225 2657 auxilium
242 2609 372 2671 praestaret,
387 2610 410 2657 et
424 2607 521 2671 qualiter
533 2620 573 2658 ees
587 2619 695 2671 superare
710 2608 797 2658 valere·

56 2682 175 2730 strueret
189 2716 197 2739 ‚
214 2677 302 2729 tentari
314 2676 417 2741 uoluit..)
832 2729 837 2759 ⁶

57 2752 149 2803 ondeo
166 2748 309 2809 dicendum,
324 2748 384 2813 qndd
399 2750 505 2800 Christus
517 2750 601 2801 tentffl
615 2748 688 2800 voluit
702 2763 708 2799 ε
724 2747 798 2813 primi

62 2864 71 2888 ,
93 2828 125 2874 ut
150 2820 230 2874 nobis
250 2824 330 2872 eontra
347 2821 485 2873 tentationes
505 2822 614 2873 auxilium
635 2821 722 2883 terret;
738 2822 798 2871 unde

60 2963 136 3009 einis
151 2962 239 3009 etiam
256 2960 358 3019 opero„
370 2962 423 3021 Lx,
437 2973 489 3019 cap.
506 2958 546 3005 11.
