1917 3317
124 125 170 171 tto
303 132 363 171 ems
378 133 418 183 ιιι,
435 131 530 177 onam.
545 130 619 183 xum,
633 130 687 169 ιιι.
706 129 743 168 ιι.

124 216 175 260 cata
189 209 282 258 humani
296 208 398 272 generis,
412 222 454 271 pro
469 209 553 271 ouibus
565 208 720 257 satisfaciebat
732 205 843 270 patiendo3
853 203 913 252 unde

125 296 152 332 ea
162 282 226 344 quasi
238 282 281 331 sihi
294 282 386 330 ascribit
399 281 478 330 dicens
488 282 512 329 in
525 280 595 330 Psad.
604 280 658 330 XXI
670 296 677 329 ι
689 280 779 328 «derha
788 278 912 327 dehetnrum

125 367 244 415 meorum3
260 368 274 399 υ
290 352 404 414 seeundo,
422 353 552 415 specialiter
566 366 634 401 casus
653 352 779 401 ludaeorum
791 355 813 399 et
824 350 912 398 atiorue

125 424 149 473 in
165 426 216 486 ejus
234 430 305 474 morte
318 424 516 486 delinquentium,
531 427 556 473 et
568 423 686 486 praecipue
700 423 864 486 disrupturum,
882 435 905 480 q·-

125 497 257 545 scandatum
273 497 335 560 passi
347 502 401 545 suut
417 497 439 545 iu
453 496 542 546 Christi
554 496 678 559 passionc3
691 495 768 556 tertid,
779 494 842 543 etiam
856 506 913 540 arnau

126 569 160 617 sio
175 569 228 617 uitae
245 569 367 630 corporalis
380 582 430 631 quae
443 570 575 618 naturaliter
588 572 624 617 est
641 568 758 617 horrihitis
770 568 867 615 humanae
880 577 909 609 m·

126 644 190 689 turae.
206 640 324 700 Secuodd,
341 645 416 703 potest
432 640 564 702 magnitudo
577 640 663 688 doloris
681 639 733 700 ejus
747 635 908 688 considerarim

126 712 314 773 perceptibilitate
332 712 455 773 patientis,
470 715 494 759 et
507 710 637 759 secundum
653 710 754 758 animam
767 715 790 759 et
802 707 904 757 secundis

128 797 221 847 corpus3
232 791 316 833 namet
330 784 455 833 secundhm
467 797 551 845 corpus
563 788 613 833 erat
626 782 715 847 optime
730 781 903 845 complexionem

128 871 178 904 com
190 871 271 919 eorpus
285 858 336 918 ejus
350 857 418 905 tuerit
434 859 557 905 formatum
578 854 716 905 miracutost
730 855 854 917 operatione
870 851 907 909 Sp-

129 928 184 976 ritus
199 934 280 990 sanctu
292 930 352 978 sicut
362 932 386 976 et
397 929 441 977 alia
455 942 506 991 qua
518 939 559 990 per
570 928 683 976 miracuta
698 927 758 975 tacta
771 924 897 982 southern·

129 999 180 1047 aliis
194 1001 294 1061 potiora,
313 1004 337 1048 ut
351 1000 530 1062 chrysostomus
540 998 598 1047 dicit
612 999 682 1047 Hom.
698 998 757 1059 XX,
774 998 800 1045 io
817 996 884 1043 deun,
895 992 907 1037 1-

129 1070 157 1118 de
172 1071 225 1118 vino
234 1108 241 1130 ‚
251 1071 273 1118 iri
282 1071 341 1133 quod
351 1072 455 1120 Christus
464 1083 545 1132 uqiram
560 1069 678 1118 conuertit
689 1069 715 1117 iu
725 1069 826 1131 nuptiis;
835 1071 854 1115 et
863 1064 906 1111 idm.

129 1141 153 1189 in
166 1153 194 1189 eo
206 1141 303 1191 muniunt
318 1142 393 1205 viguit
407 1155 489 1190 sensus
503 1145 637 1201 tactus,e1
650 1142 723 1202 cujus
736 1139 871 1203 perceptione
883 1146 908 1180 sr-

129 1212 205 1272 quitur
216 1213 287 1262 dotor.
301 1214 381 1261 tnima
397 1214 466 1261 etiam
482 1211 609 1261 secunddm
623 1212 686 1261 uires
696 1212 819 1261 interiores
826 1209 900 1259 etun-s

130 1283 186 1332 sime
205 1286 354 1347 apprehendit
371 1298 451 1333 omnes
470 1297 550 1333 causas
564 1284 673 1333 tristitiae.
698 1283 888 1344 Tornomagus

129 1353 212 1404 doloris
226 1356 311 1404 Christi
330 1357 437 1419 patientis
451 1359 527 1418 potest
540 1355 683 1405 considerari
698 1368 730 1403 ex
749 1355 861 1404 doloriset
876 1357 909 1396 'ci--

131 1424 187 1474 titia
202 1427 315 1488 puritate3
333 1441 384 1476 nam
397 1429 419 1475 in
439 1428 491 1477 aliis
504 1426 647 1489 patientibus
662 1426 784 1488 mitigatm
797 1423 877 1474 tristitie
888 1425 904 1466 u

132 1496 209 1557 terior,
220 1501 243 1545 et
254 1498 321 1545 etiam
337 1498 399 1547 dotor
416 1498 515 1548 exterior
529 1511 559 1546 ex
573 1497 650 1560 aliqua
666 1496 850 1546 consideratione
860 1491 889 1540 riu
898 1515 913 1526 --

132 1566 183 1626 nis,
198 1582 239 1631 per
251 1570 371 1631 quamdam
384 1569 546 1619 derivationem
560 1582 602 1617 seu
615 1568 795 1618 redundantiam
812 1568 907 1626 usupra*

132 1638 195 1687 ribus
208 1641 293 1688 viribus
303 1641 331 1689 ad
346 1640 481 1703 interiores3
495 1640 556 1702 quod
569 1640 594 1688 in
605 1640 699 1689 Christo
714 1641 816 1703 patiente
828 1632 902 1687 neutri:

132 1711 187 1772 quia
197 1729 210 1759 «
221 1712 342 1775 unicuique
355 1712 435 1761 uirium
444 1712 550 1777 permisit
559 1725 627 1775 agere
637 1712 699 1775 quod
713 1717 751 1762 est
762 1713 785 1762 ei
794 1711 908 1776 propriaue

133 1780 194 1829 sicut
208 1784 361 1832 damascenus
371 1784 435 1832 dicit.
447 1783 547 1845 Quarto,
559 1789 636 1847 potest
648 1783 793 1833 considerari
808 1779 903 1844 ιιιιςιιιιιΙΙ

133 1849 217 1900 dotoris
232 1852 317 1901 Christi
332 1853 452 1915 patientis,
468 1865 499 1903 ex
519 1854 563 1901 hoc
577 1852 638 1915 quod
659 1853 739 1915 passio
753 1854 794 1902 itta
812 1857 834 1901 et
846 1852 911 1899 dote.

134 1922 226 1973 Christo
239 1922 331 1972 fuerunt
340 1930 456 1987 assumpta
467 1924 595 1975 voluntarie
610 1929 704 1988 propter
716 1926 787 1975 tinem
799 1923 913 1974 unemun-

133 1992 253 2045 hominum
270 1996 402 2059 dpeccatm
419 2002 443 2045 et
460 1997 511 2046 idco
526 2001 615 2045 tautam
633 1998 790 2059 quantitatem
805 1996 880 2047 doloris
892 2012 909 2038 s:

134 2067 301 2130 sumpsitque
312 2072 372 2117 esset
389 2070 561 2131 proportionata
570 2068 726 2131 magnitudini
739 2069 826 2119 tructus
835 2067 871 2131 qui
879 2067 897 2113 in

133 2139 376 2198 neocesariensium
398 2141 467 2203 igitur
481 2140 588 2189 omnihus
604 2140 682 2189 causis
702 2139 773 2189 simul
793 2139 917 2189 considers:

135 2209 255 2260 manifeste
271 2216 374 2275 apparet,
384 2213 444 2275 qudd
457 2213 521 2261 dolor
536 2212 625 2262 Christi
636 2212 706 2261 tuerit
720 2212 844 2261 maximus.

165 2281 199 2328 dd
213 2282 311 2344 primum
322 2296 376 2347 ergo
394 2284 524 2344 dicendum,
534 2283 593 2345 qudd
608 2283 667 2333 ratio
681 2284 721 2332 itla
737 2284 840 2347 procedit
850 2297 876 2332 ex
887 2296 909 2327 u.

134 2359 223 2404 tantum
238 2357 409 2419 predictorum,
425 2355 512 2405 sedicet
530 2368 559 2405 en
574 2355 671 2406 laesione
692 2357 821 2419 corporali,
837 2371 882 2418 que
895 2376 913 2400 e

136 2440 204 2475 eausa
218 2428 332 2476 sensibilis
344 2428 437 2478 datoris.
453 2427 499 2477 Sed
512 2440 541 2477 ex
551 2428 604 2477 atiis
619 2427 698 2477 causis
707 2427 779 2477 mutto
793 2429 865 2490 magis
874 2427 902 2473 di,

135 2498 222 2546 Christi
236 2500 343 2560 patientis
354 2505 457 2562 augetur,
468 2505 493 2549 ut
507 2500 592 2549 dictum
606 2506 653 2550 est.

167 2570 200 2617 dd
218 2571 342 2618 secundum
354 2570 486 2634 dicendum,
498 2570 559 2633 quod
570 2571 646 2623 uirtus
664 2571 761 2623 moratis
774 2570 839 2621 ahter
851 2571 909 2627 mih..

135 2638 251 2688 tristitiam
263 2640 409 2705 interiorem,
421 2646 445 2691 et
455 2644 521 2693 aliter
534 2644 672 2695 exteriorem
681 2644 784 2694 dolorem
797 2641 909 2691 sensibile:

135 2706 261 2757 'iristitiam
276 2711 336 2759 enim
358 2712 490 2764 interiorem
503 2714 612 2764 diminuit
631 2713 733 2776 directe,
750 2715 775 2764 in
789 2726 819 2763 ea
838 2711 922 2761 medici

134 2780 306 2844 constituendo,
318 2783 377 2833 sicut
386 2784 411 2833 io
423 2786 516 2849 propria
528 2786 634 2836 materia.
645 2788 747 2838 Medium
761 2786 869 2837 antemio
882 2796 924 2846 pis-

134 2846 237 2899 sionihus
248 2852 322 2903 virtus
335 2855 427 2907 moratis
437 2858 567 2922 constituit,
577 2862 604 2909 ut
612 2860 639 2910 in
649 2860 680 2911 ΙΙ.
694 2860 763 2910 Parte
776 2858 874 2908 hahitm
885 2863 922 2912 eii,
