1917 3317
274 235 304 274 nr
318 233 435 275 ramroror
448 233 551 276 omrem
766 227 812 276 toll

13 314 74 365 drus
86 316 138 375 est,
149 311 194 364 alia
202 311 293 376 quidem
304 314 393 365 ratione
404 317 513 378 mantum
524 313 553 365 ad
563 313 713 365 intentionem
725 314 815 367 ludane-

13 400 78 449 rnm,
92 385 137 435 elia
150 384 205 436 rerd
218 389 327 447 quantum
340 387 367 436 ad
377 385 418 436 liei
431 385 608 437 ordinationem⁴
622 386 735 444 Quantum
754 385 816 437 enim

13 459 44 507 ad
57 457 207 507 intentionem
221 456 366 521 Judaornm,
377 458 433 509 duos
448 458 548 509 latrones
563 457 677 520 utrimque
695 459 815 508 erueidxe-

13 531 77 592 runt,
92 528 152 578 sieut
163 527 219 578 dieit
231 527 404 593 chrysostomus
422 527 499 594 (Hom.
514 529 653 592 Llllllllss,
665 529 692 578 io
700 529 813 598 Mettio),

14 617 32 647 (ι
46 604 71 650 ut
90 612 167 650 eorum
180 599 319 663 suspicionis
331 600 396 650 deret
409 600 530 665 particeps.
549 600 595 651 Sed
612 613 658 652 norr
671 600 705 650 ita
720 600 812 666 euenit,

14 685 70 721 nam
82 672 109 722 de
120 671 166 721 illis
176 671 233 722 uilril
245 670 337 734 dieitur,
349 672 418 737 hujus
428 677 504 723 anum
517 672 602 736 ubique
613 685 669 724 crux
682 673 815 724 honoratur.

15 745 92 806 Reges
105 742 232 793 diademata
246 744 401 807 deponentes,
418 748 538 794 assumunt
555 757 644 796 emnem
656 745 681 794 in
696 743 816 810 purpuris,

16 815 44 864 in
62 814 236 876 diadematibus,
246 814 270 864 in
281 815 358 878 armis,
370 815 395 864 iu
408 828 488 866 mensa
502 823 602 880 saerata;
613 816 696 880 utrique
707 820 817 866 terrarum

14 900 75 935 ernx
89 886 179 936 emieat.
192 902 207 933 ιι
222 887 337 944 Quantum
347 885 402 936 vend
417 887 445 937 ad
460 887 502 937 liei
516 886 697 951 ordinationem,
712 887 818 938 Christus

15 969 71 1006 eum
85 957 212 1008 latronibus
220 956 342 1007 erneitixus
350 961 385 1007 est
394 973 400 1007 :
410 957 484 1023 primd
495 958 556 1022 quia,
566 960 593 1007 ut
603 959 752 1024 Hieronymus
762 957 818 1008 dicit

15 1042 96 1092 super
107 1030 200 1078 Metto.
217 1029 278 1093 (rap.
292 1027 348 1092 23),
364 1028 444 1080 orient
455 1042 497 1093 pro
509 1029 575 1080 nobis
587 1030 729 1080 maledictum
744 1029 817 1080 erneis

15 1100 96 1149 taetus
107 1103 144 1149 ost
153 1097 270 1163 Christus,
279 1099 313 1150 sie
322 1113 364 1164 pro
378 1100 477 1150 omnium
492 1101 564 1152 salute
578 1100 636 1151 inter
649 1099 744 1164 noxios,
754 1101 819 1165 quasi

16 1171 103 1222 noxius
117 1171 266 1235 erueidgitnr.
280 1187 294 1218 n
309 1171 412 1222 Seeumd
422 1211 429 1232 ,
439 1176 464 1222 nt
474 1172 531 1222 dicit
542 1172 588 1224 Leo
600 1175 661 1236 Papa
673 1171 699 1221 ln
714 1181 818 1222 sermone

17 1245 58 1294 De
76 1244 194 1293 Parrtorre
207 1243 297 1306 (Serui.
312 1243 341 1292 llt
351 1245 369 1306 ),
386 1245 459 1294 «dno
476 1245 575 1296 latrones
589 1257 648 1294 nnus
662 1245 691 1294 ad
704 1244 820 1294 dexteram

17 1320 45 1365 et
57 1314 117 1366 allos
130 1316 159 1364 ad
173 1315 290 1365 sinistram
305 1315 476 1378 ernoidguntnr,
492 1319 518 1365 ut
532 1316 556 1366 iu
568 1317 618 1380 ipsa
631 1315 725 1380 patibuli
745 1313 820 1378 speeie

19 1389 187 1437 monstraretur
199 1387 298 1451 illaque
310 1387 336 1438 in
346 1387 434 1451 jndicio
445 1388 527 1452 ipsius,
537 1387 639 1439 omnium
653 1386 771 1438 hominnm
785 1383 820 1434 ta-

19 1459 103 1508 cienda
115 1462 150 1508 est
163 1459 277 1510 diseretio.
288 1476 302 1507 ιι
320 1447 502 1523 llt'ltugnstinus
513 1460 568 1510 dieit
580 1473 657 1523 snper
670 1459 742 1508 Joao.
757 1455 791 1522 (1)
810 1471 818 1504 .·

24 1547 39 1577 ιι
56 1531 107 1594 lpsa
119 1543 185 1594 erur,
196 1531 217 1580 si
229 1532 344 1594 attendas,
358 1531 459 1580 tribuual
470 1531 527 1595 tuit3
540 1530 565 1580 iu
581 1531 655 1582 medio
671 1528 731 1580 enirn
743 1527 821 1592 judice

22 1603 159 1663 constituto,
171 1615 231 1652 unus
245 1602 285 1664 qui
304 1601 412 1665 eredidit,
424 1602 549 1666 liberatus3
561 1602 618 1652 alter
635 1601 674 1665 qui
688 1599 821 1662 insultavit,

24 1673 144 1723 damnatus
157 1676 206 1737 est3
219 1674 267 1736 jam
285 1673 427 1738 significabat
439 1674 495 1738 qnid
512 1673 613 1724 tacturus
627 1680 663 1724 est
682 1674 710 1724 de
729 1671 789 1722 viris
801 1673 825 1722 et

24 1745 136 1804 mortuis,
151 1745 209 1796 allos
230 1745 345 1810 positurus
363 1746 392 1795 ad
415 1746 530 1796 dexteram
538 1782 547 1808 ,
564 1746 621 1796 alios
638 1743 692 1796 verd
709 1745 738 1794 ad
755 1743 824 1794 sinis·

24 1820 93 1865 tram.
101 1831 115 1863 ιι
122 1815 214 1879 lertid,
227 1817 352 1867 monnddm
367 1817 476 1867 Hilarium
490 1818 552 1882 (ean.
562 1819 660 1879 lllllllll,
670 1819 696 1868 io
709 1815 822 1880 Mattio),

25 1889 96 1939 uduo
113 1888 214 1939 latrones
236 1888 299 1940 lere
318 1903 344 1939 ao
366 1889 451 1940 dextre
469 1888 600 1953 altignntrir,
622 1901 712 1940 omnem
729 1888 827 1938 hnmani

24 1959 116 2024 generis
125 1961 296 2014 universitatem
307 1960 382 2012 sonari
395 1963 424 2012 ad
434 1964 598 2012 sacramentum
610 1961 724 2012 Passionis
734 1958 825 2011 Domini

25 2031 184 2083 ostendentes,
194 2030 302 2098 Sedqma
317 2047 358 2098 per
373 2033 527 2085 diversitatem
535 2032 639 2084 'fidelium
652 2047 678 2082 ae
690 2031 825 2095 infidelium,

25 2102 54 2152 tit
75 2103 178 2153 omnium
189 2105 314 2156 seenuddm
325 2105 442 2155 dexteram
453 2106 615 2168 sinistramque
625 2103 716 2165 divisio,
728 2113 788 2152 unus
798 2113 827 2152 err

28 2175 119 2226 duobos
132 2178 160 2226 ad
171 2178 285 2228 dexteram
301 2177 353 2241 ejus
362 2177 437 2238 situs,
450 2177 504 2228 lidei
512 2176 674 2242 justilleatione
688 2177 797 2226 salvator.
811 2189 826 2222 n

27 2247 114 2307 Quarto
121 2285 130 2313 ,
140 2249 194 2313 qnia
206 2253 232 2299 ut
244 2250 305 2300 Beda
318 2249 374 2300 dicit
389 2265 466 2315 snper
482 2251 572 2306 More,
588 2266 602 2297 ιι
614 2249 712 2300 latrones
724 2248 762 2314 qui
774 2259 826 2297 enm

28 2319 126 2371 ltomino
145 2321 246 2371 erueidxi
261 2325 316 2372 sunt
330 2322 461 2386 significant
478 2334 518 2372 eos
534 2321 573 2384 qni
589 2320 631 2370 snb
644 2319 689 2370 lide
701 2323 724 2370 et
736 2319 827 2370 rooles-

29 2391 95 2442 sione
109 2391 195 2442 Christi
206 2394 243 2444 vel
257 2406 352 2455 agonem
367 2393 468 2458 martyrii
476 2430 486 2456 ‚
501 2391 539 2444 vel
551 2391 658 2456 qnalibet
671 2391 772 2442 arctioris
782 2389 828 2440 dis·

29 2461 121 2526 eipline
127 2464 233 2514 instituta
243 2465 350 2514 subeunt.
358 2464 403 2515 Sed
415 2465 555 2529 quihocpro
562 2467 647 2514 eterna
656 2463 727 2528 gloria
739 2464 829 2524 gerunt,

29 2534 104 2584 dextri
119 2536 213 2587 latronis
225 2536 269 2586 lide
283 2536 446 2601 designantur3
464 2536 504 2599 qui
516 2535 571 2586 verd
588 2537 693 2585 humanae
706 2533 779 2583 laudis
794 2531 830 2580 in·

29 2607 107 2670 tuito,
121 2608 208 2658 sinistri
226 2607 321 2658 latronis
334 2613 432 2658 mentem
448 2607 566 2657 imitantur
577 2610 601 2658 et
609 2611 680 2656 aetus.
692 2622 706 2653 ιι

62 2678 97 2729 ld
113 2679 212 2742 primum
231 2693 285 2743 ergo
303 2679 437 2744 dicendum,
453 2679 514 2742 quod
533 2679 593 2729 siout
610 2679 712 2728 Christus
730 2673 830 2725 debitum

31 2750 112 2801 mortis
125 2763 172 2803 uon
189 2752 281 2816 habuit,
299 2752 339 2803 sed
352 2757 448 2803 mortem
460 2749 587 2802 voluntarie
601 2749 682 2813 subiit,
694 2751 720 2800 ut
734 2759 774 2797 soa
785 2745 831 2796 rir-

65 2906 98 2972 (t)
112 2909 190 2954 Traet.
201 2909 285 2967 xxxl,
301 2907 343 2952 suli
352 2907 430 2964 duem,
445 2907 486 2952 uiri
499 2907 614 2952 tllrristum
628 2903 763 2964 premittit,
779 2915 829 2955 ooo

31 2969 60 3016 od
72 2971 160 3029 imptis
173 2970 321 3022 domoon,
334 2970 375 3015 red
388 2981 444 3015 reru
456 2970 543 3029 impiis
551 2967 706 3026 proterrere.

144 3081 177 3120 vl.
692 3066 722 3112 dd
