1917 3317
156 137 201 181 686
337 143 396 181 nans
413 144 454 190 m,
470 143 565 187 puisse.
582 144 659 194 xxxv,
676 144 730 181 nnn.
746 140 769 177 n.

155 221 264 270 ineflabili
278 223 340 269 motu
358 219 447 268 semina
462 221 544 267 cuneta
563 218 682 281 vivificet,
696 222 721 268 ut
732 212 809 267 nonsit
821 208 905 260 onnrrnata

155 306 207 341 cum
221 291 318 353 genitis,
331 291 370 339 sed
385 290 456 337 vitam
475 291 569 351 prastet
589 289 640 353 ipsa
659 286 773 353 gignendis
786 280 908 346 :nannetis

154 364 203 412 hae
216 362 239 411 in
251 368 316 412 utero
330 360 461 425 passibilem
476 361 597 410 materiam
608 362 636 410 ad
648 376 703 411 usus
713 374 763 411 snus
772 360 910 414 tornaturapr‘·

154 434 252 496 venen't‚
265 447 333 482 uuam
348 432 403 481 lacit
417 445 494 480 sanum
508 444 558 481 esse
570 446 693 495 personam
709 434 757 496 ejus
766 431 806 489 rei,
817 440 870 491 quan
884 436 906 470 r:

156 506 257 553 eamdem
272 507 360 552 constat
376 503 460 551 nabere
473 502 635 551 substantiam.
655 504 685 551 Et
705 503 730 551 fit
747 503 843 565 operante
854 498 900 544 anina

156 579 178 625 et
192 576 294 637 patiente
308 574 416 632 materia,
429 586 457 623 ex
468 572 558 621 duabus
572 572 707 623 substantiis
719 574 850 622 uuuslromo.
861 568 894 615 tin

156 646 255 696 animam
270 646 333 694 nasei
349 645 447 695 latemur
460 657 489 693 ex
508 648 589 701 utero,
604 658 649 694 non
664 645 719 707 quia
739 652 850 707 antequam
865 650 896 685 ns->

153 722 223 778 retur,
241 715 349 780 quantiam
365 717 392 764 ad
412 728 436 766 se
455 716 553 777 attinet,
571 714 621 779 ipsa
641 716 737 779 penitus
756 729 798 765 non
811 714 900 763 fnisset·

154 803 217 851 erpo,
227 788 273 838 inno
285 787 418 848 sublimius,
429 791 497 835 natus
512 791 547 835 est
559 786 587 835 de
604 790 674 836 matre
689 788 763 836 Filius
779 783 817 835 liei
829 784 888 833 serua

154 859 316 921 hominem,eu
331 863 399 921 paeto
413 870 457 920 qun
467 870 518 905 uum
531 869 627 919 corpore
641 858 707 906 nasni
719 859 808 907 docetur
818 859 839 905 et
849 864 904 901 anm·

154 942 201 978 non
212 930 265 992 quia
276 930 392 992 utriusque
405 929 436 977 sit
449 940 496 976 una
510 926 653 986 substantia,
669 930 712 978 sed
725 929 779 991 quia
789 942 814 978 ex
825 932 893 984 nnana

156 1014 200 1049 nna
212 1014 317 1064 persona.
327 1001 377 1049 Non
389 1003 464 1048 tamen
477 998 505 1047 alt
515 998 580 1047 initio
594 999 670 1047 narnis
680 998 803 1063 incoepisse
813 992 896 1047 divinat

155 1072 252 1131 Filium,
265 1084 293 1120 ne
303 1071 452 1135 temporalem
462 1070 540 1119 eredat
551 1068 633 1132 aliquis
644 1069 770 1135 ‹leit-atem3
783 1084 825 1121 nou
835 1068 858 1116 atr
867 1073 894 1114 at:

155 1142 207 1191 Filii
223 1142 263 1191 [tei
280 1142 386 1192 norimus
400 1154 506 1201 carnem,
525 1153 554 1190 ne
568 1153 614 1189 non
629 1140 757 1193 veritatem
779 1140 860 1191 numani
871 1150 900 1193 ut

156 1212 195 1274 nis,
211 1215 249 1263 sent
263 1215 383 1275 quantiam
393 1226 445 1261 eum
454 1212 583 1274 suscepisse
597 1214 709 1274 putemus
722 1215 848 1277 imaginem.
857 1226 866 1254 n

166 1291 169 1298 '
188 1285 220 1333 lid
234 1286 357 1334 sennodum
371 1285 501 1347 dicendum,
511 1284 570 1345 quod
583 1284 632 1333 naen
645 1283 689 1332 tuit
705 1286 768 1336 ratio
781 1283 872 1338 Nestorii
881 1295 894 1339 τῇ

156 1354 224 1405 solvit
239 1356 334 1419 cyrillus
352 1355 377 1404 in
401 1356 497 1417 quadam
523 1356 624 1417 Epistola
647 1354 731 1407 (linens
748 1373 755 1406 :
771 1375 785 1403 u
797 1358 841 1406 Non
861 1354 891 1400 liu

156 1426 214 1489 quod
229 1427 299 1474 Filius
314 1426 353 1474 liei
372 1425 496 1487 indiguerit
509 1424 640 1475 necessario
656 1432 756 1490 propter
770 1440 795 1478 se
815 1424 891 1476 smirnii

156 1497 244 1547 tiritate
253 1501 305 1561 post
318 1510 367 1545 eam
382 1509 432 1560 qua
443 1509 472 1546 ex
485 1498 548 1545 Patre
559 1500 606 1558 est3
620 1500 655 1545 est
667 1498 733 1547 enim
747 1500 832 1549 iatnum
846 1501 865 1545 et
877 1496 887 1539 i:

155 1573 204 1617 turn
222 1568 355 1618 existentem
375 1571 427 1617 ante
441 1567 517 1617 omnia
537 1568 619 1617 saecula
630 1570 654 1615 et
672 1570 874 1633 consempiternum
890 1564 893 1592 ¹

155 1639 257 1702 indigere
270 1638 344 1689 dicere
356 1638 423 1688 initio
433 1677 438 1698 ‚
448 1642 475 1687 ut
490 1638 521 1687 sit
536 1638 644 1689 secundo.
658 1640 779 1696 Quoniam
792 1644 859 1690 autern
868 1651 891 1699 pn

156 1723 199 1759 nos
210 1714 232 1759 et
247 1713 340 1773 propter
355 1714 456 1758 nostram
466 1708 573 1771 salutem,
584 1708 668 1758 uniens
679 1708 725 1759 sini
740 1711 860 1761 sennanim
873 1708 895 1754 sr'

156 1781 254 1828 tentiam
273 1782 334 1843 quod
357 1784 393 1830 est
411 1782 548 1843 humanum,
569 1779 682 1843 prooessit
697 1794 732 1829 ex
751 1782 858 1844 muliem3
870 1778 890 1825 ul

157 1850 237 1900 dieitur
249 1852 312 1901 nasei
326 1852 453 1901 carnaliter.
472 1868 486 1899 n

188 1923 222 1972 nd
238 1924 329 1973 tertium
346 1922 479 1982 dicendum,
491 1920 551 1985 quod
563 1921 671 1971 nativitas
690 1930 730 1973 est
746 1937 850 1989 persona
869 1926 904 1968 ut*

156 1995 228 2057 jeuti,
245 1998 331 2045 naturae
345 1998 420 2042 autern
436 1995 463 2042 ut
475 1993 576 2043 termini.
594 1994 708 2043 Possibile
721 2002 761 2045 est
773 2001 850 2046 autem
862 2007 905 2041 uu·

155 2067 219 2130 jecto
233 2067 309 2129 plures
326 2064 528 2127 transmutatipnes
548 2064 638 2125 inesse,
654 2077 715 2126 quas
729 2070 814 2118 tamen
828 2077 898 2115 necess·

157 2135 281 2187 seeundum
296 2136 403 2186 terminos
422 2135 513 2184 variari.
529 2136 592 2193 Quod
615 2139 694 2185 tamen
711 2151 765 2189 non
781 2140 883 2189 dicimus.
894 2159 901 2183 r

158 2213 242 2259 aterne
256 2210 364 2259 nativitas
379 2210 409 2260 sit
422 2209 581 2259 transmutatio
596 2212 635 2259 aut
652 2213 753 2275 mutua,
771 2215 814 2264 sed
830 2212 896 2275 qnia:

154 2280 236 2329 linatur
249 2295 290 2344 per
305 2282 396 2332 modum
413 2280 546 2331 mutationis
558 2282 598 2329 aut
611 2280 698 2331 motuis.

186 2353 219 2400 ld
233 2352 345 2414 tonantum
356 2353 475 2403 dicendum
481 2389 490 2415 ,
504 2351 564 2415 quod
578 2350 683 2402 Christus
697 2356 784 2416 potest
798 2354 844 2405 diei
856 2352 884 2402 lr'u

155 2423 277 2472 seeundum
292 2424 348 2472 duas
367 2424 507 2473 nativitates.
525 2422 587 2473 Sicut
598 2423 659 2472 enim
670 2424 762 2473 dieitur
770 2426 809 2475 tris
818 2437 878 2475 eurre
888 2442 903 2467 a

155 2494 223 2541 currit
238 2494 325 2543 duobus
338 2495 489 2558 temporibus,
500 2495 531 2543 ita
545 2498 620 2559 potest
633 2494 681 2543 diui
694 2495 732 2544 tris
748 2498 829 2558 nasci,
844 2496 877 2556 qui
891 2506 898 2536 s

153 2564 254 2613 nascitur
269 2564 293 2613 in
313 2566 455 2628 eternitate,
468 2568 493 2614 et
511 2566 582 2615 semel
599 2565 622 2613 in
638 2568 766 2630 tempor-03
785 2568 842 2631 quia
856 2574 904 2615 aevuv

153 2638 176 2685 et
191 2639 282 2698 tempus
299 2636 371 2686 multi
389 2636 462 2698 magis
489 2636 597 2685 diffemnt
616 2635 685 2699 quim
704 2636 754 2687 duo
780 2642 895 2703 tempora.

151 2711 228 2756 mmeu
241 2711 362 2769 utrumque
376 2708 481 2768 ¹designet
490 2718 619 2758 mensuram
634 2707 781 2759 durationis.
