1917 3317
133 200 163 236 os
178 199 321 238 omncrsnos
337 199 436 248 monae,
450 200 466 236 s
482 199 584 237 cunrsro
600 200 742 237 respueris.
792 191 837 238 tlt

79 275 203 339 Respondet)
218 275 338 326 dicendum
343 311 352 337 ,
365 274 424 338 quid
438 275 498 325 sieut
507 275 595 325 dietrrm
612 278 648 327 est
660 277 714 339 (art.
727 281 751 338 5,
763 277 791 326 ad
803 278 837 340 3),

56 345 157 396 delectatio
171 345 255 396 divinae
269 345 480 409 contemplationis,
493 345 526 395 ita
539 359 580 409 per
593 347 786 410 dispensationem
799 349 840 397 di·

57 416 102 465 u'ne
118 417 208 468 virtutis
221 417 361 468 retinebatur
374 416 398 466 in
411 420 487 468 ments
504 417 606 479 Christi,
617 417 677 481 qudd
691 432 738 468 uon
751 418 841 470 derisa·

58 485 109 536 latur
120 488 144 537 ad
158 489 218 540 uires
231 487 367 550 sensilium,
381 491 407 536 nt
416 501 456 552 per
468 489 513 539 hoe
526 489 589 540 dolor
607 489 722 540 sensibilis
734 490 841 541 exclude·

57 562 112 608 retur.
125 559 187 610 Sient
198 563 276 610 nutem
293 560 358 610 dolor
371 558 486 609 sensibilis
504 560 575 609 estin
593 561 696 624 appetitu
712 561 838 625 sensitivo,

58 629 81 677 ita
97 635 116 680 et
131 632 232 682 tristitia.
245 632 294 684 Sed
316 633 353 680 ost
370 630 498 681 differentia
516 631 640 682 secundnm
661 631 772 681 motivum
788 634 838 684 sive

60 700 151 762 olpeetnm
164 719 171 752 :
183 716 240 753 nam
250 703 367 767 objectum
377 706 400 752 et
411 703 522 752 motivum
534 703 630 763 doloris,
642 707 679 752 est
691 704 756 753 laesio
769 717 840 754 sensu

59 777 113 822 tactos
120 779 239 839 percepta,
252 775 313 824 siem
325 772 467 836 cumuliquis
478 774 750 838 numerumnunerum
761 778 839 826 autom

57 845 73 888 rt
83 845 180 896 notirnm
195 845 296 896 tristitias
302 881 312 908 ,
328 847 366 894 est
379 844 486 895 nocivum
500 859 542 894 seu
551 844 635 895 malum
646 844 743 895 interitus
756 858 839 909 appre-

57 927 131 965 ueusnm
149 917 199 967 siue
213 915 394 980 perustionem,
407 914 457 966 sire
470 929 513 979 per
523 916 708 979 imaginationem
721 916 756 981 (ut
769 918 796 968 in
807 917 837 968 ll.

54 990 102 1036 laos
117 988 217 1041 habitum
232 989 284 1050 est)
297 987 347 1050 (1),
362 987 421 1037 sieut
434 1001 486 1037 eum
506 986 588 1049 aliquis
608 988 710 1037 tristatur
723 989 752 1038 de
767 989 840 1038 amis-

52 1059 101 1108 sione
111 1060 186 1122 gratim
197 1059 237 1109 rel
249 1059 363 1122 pecumae.
378 1059 457 1109 Potuit
469 1062 546 1108 anton
555 1057 631 1108 anima
644 1059 731 1108 christi
743 1057 839 1110 interids

57 1131 205 1189 pprelrendere
218 1129 306 1193 aliquid
321 1132 348 1179 ut
366 1129 488 1194 nocivum,
506 1132 530 1178 et
545 1132 656 1192 quantum
674 1131 703 1180 ad
723 1143 765 1193 se,
780 1130 840 1180 sient

56 1203 111 1251 msto
119 1207 211 1254 etmors
223 1201 276 1266 ejus
286 1201 333 1251 tuit
339 1237 349 1263 ‚
364 1205 388 1252 et
397 1205 508 1264 quantum
518 1201 546 1251 ad
558 1201 633 1264 alim,
644 1201 705 1251 sicut
717 1205 841 1264 peecatum

60 1271 212 1337 inpleturum,
227 1273 268 1324 vel
286 1273 356 1323 etiam
379 1273 507 1324 iudaeorum
530 1271 681 1322 oraidentinm
706 1272 793 1336 ipsum.
809 1273 841 1324 Et

57 1342 59 1376 5
66 1343 98 1402 leo,
108 1345 164 1396 sieut
176 1346 203 1396 in
216 1344 312 1396 Christo
325 1343 402 1408 potuit
415 1357 465 1394 esse
480 1357 549 1394 rems
559 1344 632 1405 dolor,
645 1343 678 1393 ita
691 1343 767 1407 potuit
776 1343 800 1392 in
810 1356 840 1394 eo

52 1427 90 1462 :sse
105 1429 155 1467 sera
171 1417 283 1479 tristitia3
297 1415 342 1466 alio
355 1419 430 1466 tamen
442 1417 509 1467 modo
520 1414 588 1478 quim
600 1415 624 1464 in
637 1415 702 1466 nobis
715 1413 840 1465 seeundlrm

53 1485 81 1533 lla
88 1488 126 1537 tria
135 1502 188 1552 qnae
199 1500 271 1552 supra
279 1486 392 1551 assignata
404 1490 457 1537 sunt
466 1488 520 1550 (art.
533 1485 568 1550 t),
584 1484 637 1535 edm
650 1485 803 1537 summonitor
810 1487 839 1536 de

53 1559 179 1614 iussionibus
194 1558 279 1608 anime
291 1558 378 1608 Christi
389 1558 543 1622 loqueremur.

76 1628 582 1694 ldprimumergodiuendum,quddtristitia
589 1626 843 1678 removetnrtcllristo

51 1701 158 1752 <ennodium
180 1701 315 1767 passionem
335 1700 474 1766 perlectam3
494 1701 537 1751 luit
553 1705 632 1749 umen
654 1698 679 1747 in
705 1711 733 1750 eo
751 1697 843 1748 initiata

50 1773 157 1824 -eeundirm
171 1774 359 1839 propassionem
373 1773 434 1824 unde
444 1772 527 1822 dieitur
540 1773 643 1826 Mults„
657 1771 729 1821 XXVI
741 1786 748 1820 :
763 1789 778 1818 a
790 1772 844 1821 cm·

51 1843 74 1888 ¹it
84 1844 212 1896 mutristari
228 1849 253 1894 et
267 1848 360 1894 mmstus
374 1856 434 1894 esse.
453 1861 468 1892 o
486 1843 552 1894 Aliud
566 1843 628 1893 enim
646 1845 682 1892 ost
700 1841 841 1905 contristari,

61 1914 98 1962 :iud
110 1917 214 1981 insipere
225 1914 367 1978 contristari,
381 1918 408 1965 ut
420 1915 572 1978 Hieronymus
585 1914 671 1964 ibidem
684 1913 746 1964 dicit.

74 1986 101 2035 ld
112 1989 242 2038 seeundum
255 1985 386 2048 dioeudum,
397 1985 457 2048 quon
467 1985 526 2036 sieut
536 1984 678 2046 Augustinus
685 1983 741 2033 diets
748 1982 774 2032 in
780 1984 842 2033 xlv,

51 2057 77 2102 tle
89 2059 165 2110 Cioit.
180 2059 234 2108 Dei
247 2057 316 2121 (erp.
332 2056 377 2120 8),
390 2071 432 2121 pro
444 2057 517 2108 tribum
522 2055 742 2120 perturbationibus,
754 2055 844 2106 seilicet

61 2129 155 2188 upiditate
161 2167 172 2195 ,
184 2128 269 2179 laetitia
278 2133 302 2178 st
315 2128 397 2178 timore
403 2164 412 2191 ,
426 2128 500 2179 Stoiei
512 2132 560 2177 tres
571 2126 691 2191 eupatlrias
705 2126 749 2189 (θ),
761 2126 785 2176 id
796 2129 843 2187 est,

56 2216 110 2249 aluos
124 2203 274 2266 passiones,
291 2199 316 2249 in
336 2199 413 2250 animo
426 2198 538 2263 sapientis
550 2200 689 2262 posuerunt,
703 2197 790 2248 scilieet
801 2209 844 2261 pro

52 2272 156 2330 spiritate
174 2271 352 2331 voluntatem,
361 2285 403 2334 pro
414 2271 493 2321 laetitia
505 2270 645 2335 pendium,
655 2283 697 2333 pro
711 2272 775 2318 metu
784 2283 845 2318 eou-

55 2342 136 2394 ‘iooem
155 2345 206 2395 Sed
227 2355 271 2406 pro
291 2341 383 2392 tristitia
401 2344 541 2405 negauerunt
553 2353 604 2392 esse
625 2355 694 2406 posse
714 2339 799 2404 aliquid
819 2337 845 2388 in

54 2415 111 2464 nino
121 2414 249 2481 sapientis3
264 2413 319 2477 quia
330 2413 426 2463 tristitia
439 2413 468 2463 de
482 2413 543 2464 malo
557 2416 594 2462 est
606 2413 728 2476 quodiam
744 2409 842 2473 amodit3

62 2483 121 2535 trullum
130 2491 208 2539 numm
219 2485 305 2535 mmnm
314 2484 448 2536 existimant
455 2497 524 2548 posse
533 2485 635 2534 accidere
642 2483 751 2547 sapienti.
760 2484 790 2533 Et
800 2484 846 2533 hoo

57 2549 158 2622 lopun
170 2571 223 2610 non
233 2555 358 2607 credebant
371 2554 456 2620 aliquid
470 2569 523 2607 esse
539 2555 624 2606 bonnm
639 2554 684 2605 nisi
700 2556 842 2616 honestum,

82 2706 106 2767 ll)
118 2713 208 2772 nempe
224 2710 249 2770 1,
263 2710 289 2768 2,
303 2723 344 2768 qn.
355 2707 397 2772 ³5,
411 2715 456 2755 art.
470 2708 496 2768 ἰ,
510 2722 540 2755 ex
555 2708 663 2767 professo
677 2706 730 2753 erim
743 2706 843 2752 tristitia

56 2779 77 2810 ἃ)
88 2772 164 2824 doloris
177 2775 309 2824 discrimen
327 2773 466 2831 explicatur.

83 2842 110 2904 (ἓ)
122 2851 156 2896 Ex
165 2861 246 2908 mo
259 2843 388 2912 εὐπάθεια,
403 2844 465 2904 quod
478 2844 564 2892 monos
580 2844 735 2903 pusionem,
748 2841 784 2885 vel
804 2840 847 2884 bo·

58 2924 99 2958 non
108 2921 221 2974 passionis
235 2919 349 2966 attentum
361 2915 484 2977 signifieat.
832 2911 839 2924 '
