1917 3317
192 133 223 170 BE
238 130 315 170 ῦΑῦΙᾸ
328 131 468 170 mim
483 131 604 172 FASBIOMS
618 132 721 172 umen.
810 125 857 172 877

32 209 127 272 detur,
136 208 261 261 monaco
273 209 426 273 cognoscitur.
441 211 501 272 Ergo
512 209 585 260 Junci
599 213 770 274 cognoscentes
781 210 857 262 Chris·

34 284 118 343 turn,
133 294 165 332 ex
181 294 249 331 causa
261 280 309 332 odii
321 281 344 332 ei
356 281 489 346 pmsionenn
504 281 638 332 intuterant.

79 357 106 402 a.
126 355 261 415 Fretum,
274 352 300 403 in
312 353 411 416 quodam
425 366 530 405 sermone
541 355 657 419 ,Enhcsini
671 353 766 404 concilii
776 354 859 406 dicitur

39 428 92 487 <ut
105 426 159 489 jam
175 424 273 489 snprit:
286 424 373 475 «Sicut
386 425 424 490 qni
436 427 536 476 chartam
547 425 688 490 imperialem
699 425 858 490 discerpserit,

37 501 164 560 munnam
175 497 317 562 imperatoris
327 497 471 562 disrumpens
478 498 572 549 verbnm
585 499 613 548 ad
623 499 718 548 mortem
732 498 857 560 addicitur,

39 568 84 620 sic
102 569 244 633 crucifigens
261 569 354 620 indens
366 583 434 632 quem
447 569 551 633 viderat,
563 582 642 634 poenas
655 569 719 619 dabit
732 607 737 628 ‚
750 573 858 634 unquam

39 640 73 691 in
85 639 165 705 ipsum
179 642 249 692 Deum
259 642 358 691 Verbum
372 643 560 707 praeumptiones
568 641 686 706 injiciens.
697 657 711 688 u
721 642 770 693 Hoc
781 646 859 693 autem

42 725 99 762 non
115 716 189 776 esset,
199 713 280 764 mcum
288 727 340 764 esse
351 713 393 763 noi
402 714 483 763 tilium
493 727 540 765 non
547 712 716 778 cognovissent,
728 714 782 778 qnia
792 715 859 778 ignu-

42 785 129 835 rantia
143 798 185 836 eos
196 789 337 836 excusasset.
354 786 412 848 Ergo
428 785 520 837 videtur
533 785 593 848 quoa
610 785 685 836 iudei
697 786 860 850 crucifigentes

42 857 188 917 Christum,
203 856 350 920 cognoverint
360 871 413 907 eum
423 869 473 906 esse
486 856 570 906 Filium
582 857 632 908 liei.

85 929 132 980 Sed
143 932 221 979 mntm
230 932 275 991 est,
285 930 344 992 quod
357 928 440 980 dicitur
454 929 473 979 1.
489 929 524 978 od
538 930 607 989 Cor,
619 930 655 979 11:
673 929 725 978 «Si
738 929 859 993 cognovis

9 1058 10 1065 ,
46 1003 125 1060 sent,
135 1013 251 1064 nunquam
265 1001 387 1050 Dominum
399 1000 477 1063 gloriar
491 999 690 1050 crucifixissent»
701 1002 731 1050 nt
743 1001 808 1058 Act„
818 1003 859 1065 111,

47 1070 112 1123 dicit
129 1072 213 1122 Petrus
235 1071 320 1123 iudeis
336 1073 455 1135 loquens:
478 1089 492 1119 u
509 1070 561 1122 Scio
579 1073 633 1134 qnia
653 1085 694 1135 per
708 1072 860 1134 ignorantiam

48 1142 153 1203 fecistis,
166 1143 225 1192 sicut
235 1148 259 1194 et
271 1143 387 1208 principes
398 1144 478 1194 vestri.
489 1159 503 1190 »
518 1145 547 1193 Et
560 1142 669 1193 Dominus
686 1143 710 1191 in
722 1157 787 1194 cruca
798 1157 859 1208 pen-

9 1274 10 1277 ,
50 1219 115 1268 dous
131 1215 208 1266 dicit:
227 1217 330 1278 «Potor,
342 1216 430 1266 dimitte
446 1215 507 1277 iilis,
522 1228 568 1266 non
586 1213 650 1265 enim
664 1214 740 1264 sciunt
756 1214 810 1279 qnid
827 1217 860 1268 ta·

9 1296 10 1303 ’
51 1289 132 1340 ciunt.
142 1305 157 1336 n

90 1359 384 1425 (corausto-timores
391 1360 521 1412 Indicorum
529 1371 658 1422 quanquam
668 1359 771 1410 noverint
782 1362 859 1412 tesam

52 1433 130 1484 fuisse
145 1431 251 1482 Messium
265 1433 290 1482 in
304 1431 354 1494 lege
368 1432 505 1495 promissum
513 1467 521 1494 ,
535 1431 697 1495 ignoraverunt
711 1433 786 1482 tannen
806 1445 859 1484 euna

51 1503 131 1555 fnisse
152 1504 224 1553 ticum
246 1516 341 1566 verum,
359 1516 455 1566 qnorum
475 1502 603 1566 ignorantia
622 1500 784 1553 inexcusabilis
799 1504 858 1567 iuit3

54 1575 160 1627 minores
175 1573 231 1625 vert
247 1587 294 1624 non
311 1580 467 1639 cognoverunt
484 1575 549 1624 ittam
568 1575 638 1625 fuisse
652 1573 735 1624 Filium
747 1573 803 1636 Dei,
818 1590 860 1628 nec

54 1647 184 1709 Messinm.)
247 1686 258 1707 ,

92 1719 226 1784 Respondeo
247 1718 384 1778 dicendum,
404 1717 466 1782 qnod
490 1718 550 1782 apud
570 1718 663 1768 turcos
684 1715 775 1780 quidam
795 1723 860 1770 erant

57 1791 174 1855 majores,
186 1794 209 1841 et
218 1789 311 1853 qnidam
321 1788 428 1841 minores.
439 1790 646 1853 Maioresquidcm
658 1788 697 1853 qni
708 1801 787 1840 eorum
796 1791 860 1854 prin·
949 1825 950 1830 =

58 1861 123 1925 cipes
134 1863 309 1925 cicomacum
321 1860 404 1912 dicitur
421 1862 446 1912 in
455 1862 496 1914 lib.
513 1863 649 1924 Qumrtr'on.
664 1863 754 1912 veterio
768 1865 793 1912 et
802 1865 860 1914 noui

62 1935 179 1992 Tectum„
192 1935 250 1985 sicut
261 1937 284 1984 ct
297 1933 428 1995 demones,
440 1938 596 1996 cognoverunt
617 1947 669 1984 oum
681 1947 731 1985 esse
745 1934 860 1986 Christum

59 2005 194 2070 promissum
216 2007 241 2056 in
255 2007 324 2068 lege3
338 2005 414 2056 ornnia
433 2005 495 2056 enim
512 2007 577 2069 signa
595 2005 702 2056 videbant
715 2006 739 2056 in
756 2019 792 2068 co,
807 2021 859 2071 qum

60 2076 165 2128 dixerunt
186 2079 262 2128 futura
279 2077 403 2140 prophetae.
418 2075 551 2140 Mysterium
570 2081 646 2127 autem
662 2077 788 2128 divinitatis
810 2081 860 2143 ejus

59 2148 209 2211 ignorabaut3
223 2151 247 2198 et
260 2148 311 2198 iden
325 2147 447 2211 anamotus
462 2147 534 2198 dicit:
552 2147 638 2206 <contri
652 2149 671 2198 si
687 2149 858 2211 cognovissent,

61 2233 176 2284 nunqnam
190 2219 310 2272 Dominum
328 2219 404 2282 gloria
421 2219 595 2270 crucifixissent.
615 2235 628 2266 a
643 2218 764 2272 Sciendum
782 2224 860 2272 tamen

63 2291 125 2355 qnid
134 2305 210 2343 eornm
220 2292 346 2356 ignorantia
356 2304 402 2342 non
415 2303 456 2342 eos
471 2292 595 2342 excusabat
605 2291 618 2341 a
627 2291 721 2342 crimine
729 2329 736 2353 ,
744 2291 798 2356 quia
811 2295 860 2343 erat

63 2365 224 2428 quodammodo
247 2364 376 2427 ignorantia
394 2363 500 2414 affectata
516 2379 522 2413 z
540 2363 647 2414 videbant
663 2363 724 2414 enirn
746 2363 860 2415 evidentia
944 2398 947 2407 ,

65 2435 356 2500 signativinitatisipsius;
372 2436 410 2486 sed
426 2449 454 2486 ex
465 2434 517 2485 odio
528 2434 646 2485 etinvidia
659 2435 753 2498 Christi,
769 2447 858 2498 caper·

64 2508 188 2571 vertetnnt,
198 2510 222 2558 et
235 2507 311 2559 verbis
326 2508 378 2571 ojus
387 2507 470 2570 quibus
484 2520 510 2558 so
524 2507 565 2557 Dei
575 2506 658 2557 Filium
671 2507 793 2568 fatebatur,
811 2520 861 2556 cre·
876 2557 879 2562 ,
942 2555 943 2560 ,

68 2580 119 2630 dere
131 2580 258 2630 noluemnt.
273 2579 338 2630 Unde
351 2579 402 2643 ipsa
415 2579 444 2629 de
460 2577 495 2628 eis
506 2578 569 2642 dicit,
583 2580 665 2637 loon„
678 2579 717 2630 XV
732 2593 738 2628 z
756 2577 860 2629 «Sinon
940 2583 943 2628 t

67 2650 173 2702 recusem
186 2654 209 2700 et
223 2649 312 2700 locutus
322 2650 358 2700 eis
370 2663 417 2700 non
429 2650 541 2713 summm,
553 2654 671 2715 peccatura
682 2662 727 2700 non
741 2648 858 2713 habacuc

69 2736 128 2774 nunc
138 2725 212 2772 comm
227 2722 397 2774 excusationem
418 2735 463 2773 nou
479 2723 564 2773 hahent
581 2723 610 2774 de
623 2724 717 2786 peccam
732 2733 785 2772 sno.
802 2737 816 2768 u
831 2721 860 2772 Et

68 2795 144 2860 postor
160 2792 237 2844 smdit
256 2808 263 2843 :
285 2794 335 2846 «ui
349 2807 418 2859 opera
435 2793 603 2846 commossem
622 2792 710 2854 ineis,
724 2805 776 2856 quc
792 2805 860 2846 nemo

68 2863 193 2931 murrata
204 2867 324 2934 peccatum
335 2878 383 2921 non
392 2865 574 2926 interemant
584 2864 770 2932 sicerperonm
780 2877 860 2920 uerum
937 2859 939 2868 ’
