1917 3317
222 209 254 247 ore
267 207 336 247 rrono
351 205 473 248 omissus
489 205 593 248 sunrsrr.
762 195 806 244 ddi

22 284 132 336 rcriiiciis
143 283 270 336 visibilibus
283 285 423 349 figuralibus.
433 287 463 337 ot
475 284 545 336 etiam
557 283 608 348 ipsa
619 281 698 346 passio
711 282 809 347 Christi,

21 359 63 408 :et
77 357 108 407 sit
119 356 202 421 aliquid
221 357 334 421 signatum
346 372 388 422 per
402 359 446 409 alia
464 355 574 408 sacrificia
588 355 705 420 figuralia,
722 358 758 405 est
774 358 810 405 ta-

21 442 64 480 ,en
82 429 172 494 signum
191 426 288 492 alicujus
300 430 333 480 rei
343 427 512 480 obseruandaed
525 426 604 489 nobis,
616 425 740 477 secundior
754 425 809 476 illud

40 503 127 561 Pete„
142 501 171 550 iv
188 516 194 549 ε
212 518 225 549 d
238 500 329 553 Christo
341 501 410 566 igitur
422 513 491 566 passo
507 499 531 550 in
546 511 629 562 carue,
641 507 665 548 et
674 510 716 548 uos
731 497 811 549 eadem

20 572 150 636 ›gitatioue
164 572 297 637 armamini;
309 573 364 636 quia
377 573 417 637 qui
434 585 515 637 passus
533 573 567 621 est
580 570 605 620 in
623 583 707 632 carue,
723 568 811 620 desiiti

20 643 127 705 eccatis,
138 647 164 694 ut
176 644 223 708 jam
237 657 283 695 non
296 642 413 694 homiuum
430 642 564 704 desideriis,
577 642 617 692 sed
633 639 745 693 uoluntati
760 638 810 703 bei,

19 716 72 766 uod
86 714 195 778 reliquum
206 718 242 765 est
251 714 277 763 in
288 727 356 764 carue
370 715 434 764 uiuat
447 712 564 777 temporis.
580 728 594 760 u

36 787 78 837 Ad
92 787 183 837 tertium
197 787 332 849 dicendum,
346 785 405 850 quod
424 786 502 850 passio
515 783 608 849 Christi,
623 787 729 848 exparte
753 782 812 834 oeci·

19 857 115 911 entium
127 859 217 923 ipsum,
230 859 274 908 duit
284 857 432 921 maleficium
447 858 488 908 sed
502 871 532 907 ex
544 859 607 922 parte
621 855 702 920 ipsius,
712 868 742 906 ex
756 855 811 906 oba·

24 933 79 980 tate
100 930 221 994 pauentis,
238 929 282 980 tuit
302 928 445 980 sacrificium.
466 929 531 979 Unde
547 930 591 980 boc
609 927 743 978 sacrificium
762 927 811 990 ipse

21 1001 117 1054 hristus
130 1001 238 1053 obtulisse
249 1001 340 1064 dicitur,
354 1013 401 1052 non
414 1004 490 1051 autem
503 999 536 1050 iiii
549 999 589 1064 qui
602 1012 653 1050 eunr
669 998 809 1050 occiderunt.

306 1177 466 1232 rabiosos
479 1177 518 1228 w.

36 1305 128 1351 Uirrim
141 1305 220 1362 passio
237 1305 326 1350 Gbeiati
342 1310 439 1364 operatu
454 1307 487 1351 sit
504 1307 613 1350 nostram
626 1303 727 1348 sulutem
740 1313 784 1359 per

253 1369 349 1415 modum
363 1369 538 1426 redemptionis.

39 1495 78 1547 Ad
92 1497 196 1557 quartum
209 1494 242 1546 sic
255 1495 382 1560 proceditur
394 1495 437 1561 (ι).
449 1494 544 1546 Videtur
559 1491 619 1557 qubd
632 1491 709 1556 passio
724 1489 810 1542 Christi

22 1582 62 1620 on
78 1567 109 1617 sit
125 1570 218 1631 operata
236 1570 336 1619 nostram
357 1568 452 1619 satutem
467 1580 509 1630 per
527 1567 617 1616 modurn
640 1563 812 1628 redemptionis.

18 1639 95 1690 iulius
106 1638 168 1690 euim
184 1639 240 1690 emit
251 1639 288 1690 vel
301 1638 392 1690 redimit
404 1639 465 1703 quod
475 1651 543 1688 suum
554 1650 606 1688 esse
616 1649 662 1688 nou
676 1635 751 1686 desiit.
767 1635 813 1686 Sed

19 1709 120 1763 ,omines
133 1723 249 1774 nunquam
268 1710 383 1762 desierunt
396 1723 446 1761 esse
459 1709 500 1760 bei
507 1745 516 1772 ,
533 1705 657 1760 secundino
670 1706 725 1758 illud
742 1707 811 1756 Psoi.

18 1781 87 1833 lxiii
102 1796 109 1830 ι
126 1798 139 1829 «
152 1781 243 1832 bonini
258 1786 294 1832 est
307 1786 365 1832 terra
379 1785 403 1832 et
416 1781 534 1844 plenitudo
549 1779 614 1844 ejus,
629 1778 690 1831 orbis
703 1782 812 1828 terrarum

19 1860 30 1904 t
51 1852 154 1902 uniuersi
168 1853 207 1915 qui
219 1853 323 1903 habitant
336 1852 361 1903 in
375 1866 412 1903 eo.
427 1852 514 1916 »Ergo
531 1851 621 1902 uidetur
636 1849 698 1914 qubd
709 1849 813 1900 Christus

22 1938 60 1976 on
75 1924 194 1975 redemerit
206 1937 248 1975 uos
262 1937 303 1974 sua
319 1923 435 1988 passione.

44 1997 73 2042 2.
97 1995 223 2058 Prudens,
243 1994 302 2045 sicut
329 1995 469 2058 Augustinus
495 1994 550 2045 dicit
573 1993 632 2044 Xlil.
662 1994 697 2043 De
722 1993 811 2043 Trinit.

24 2079 84 2128 cap.
101 2065 132 2128 i).
146 2065 248 2117 diabolus
262 2066 276 2117 b
288 2067 377 2118 Christo
388 2064 481 2130 justitid
494 2066 634 2130 superandus
647 2065 699 2114 tuit.
712 2064 757 2114 Sed
767 2065 813 2114 boc

20 2137 88 2201 xigit
102 2136 207 2202 justitia,
222 2142 247 2187 ut
256 2137 294 2188 ilie
307 2138 347 2202 qui
359 2137 444 2188 inussit
455 2137 533 2188 dolose
542 2150 589 2186 rem
604 2135 717 2195 alienam,
729 2135 812 2186 debead

18 2208 101 2260 »rivari
118 2221 159 2271 ea;
175 2208 228 2271 quia
240 2227 254 2259 d
264 2210 326 2261 draus
340 2214 363 2260 et
377 2209 442 2260 dolus
456 2208 543 2259 nemini
555 2208 621 2259 debeb
632 2206 784 2272 patrocinari,
798 2222 812 2254 u

18 2287 35 2332 rt
50 2279 122 2330 etiam
136 2279 189 2343 jura
207 2281 306 2331 humana
326 2281 412 2332 dicunt.
426 2279 484 2330 Cim
499 2293 552 2344 ergo
571 2279 674 2332 diabolus
688 2281 813 2328 creaturam

18 2353 70 2414 tei,
82 2351 168 2402 scilicet
181 2353 310 2418 bominem,
330 2352 408 2404 dolose
421 2351 536 2415 deceperit
558 2355 581 2401 et
593 2349 637 2401 sibi
650 2349 813 2414 subjugaverit,

18 2427 105 2476 *idetur
117 2423 179 2488 quod
192 2438 238 2475 uon
249 2425 353 2476 debuerit
367 2426 436 2476 bomo
454 2437 494 2488 per
505 2423 597 2475 modum
610 2421 773 2486 redemptionis
785 2421 814 2472 ab

18 2499 65 2562 jus
79 2494 137 2559 eripi
149 2499 272 2560 potestate.

45 2573 72 2617 3.
89 2568 215 2633 Praetcrea‚
227 2570 365 2634 quicumque
378 2570 434 2622 enuit
444 2574 485 2620 aut
498 2568 589 2620 redimit
603 2566 702 2631 aliquid,
718 2564 815 2628 pretium

18 2639 85 2693 ‚olvit
100 2639 122 2690 ei
140 2639 179 2704 qui
196 2641 335 2706 possidebat.
354 2642 397 2693 Sed
410 2641 514 2692 cbristus
528 2653 574 2690 nou
595 2639 662 2690 soluit
680 2635 815 2700 sanguinem

47 2812 82 2876 (i)
98 2815 130 2859 De
141 2811 178 2860 bis
189 2815 258 2862 etiam
271 2816 389 2875 iniri,tpu.
399 2815 439 2874 19,
452 2819 496 2861 art.
508 2814 522 2857 2
533 2833 539 2870 ς
550 2818 574 2859 ει
584 2815 615 2873 ΙΙ,
626 2813 703 2860 Sesti,
713 2810 767 2856 disi.
775 2807 814 2869 do,

18 2885 63 2988 ιὲιι.
72 2878 107 2984 ²6³.
118 2882 143 2923 ct
153 2879 201 2938 111,
211 2878 350 2932 Sesat.,dist.
363 2879 402 2939 19,
415 2884 460 2924 art.
469 2878 495 2934 1,
508 2883 533 2923 ει
541 2876 641 2935 Ορειεευ
650 2875 700 2932 Lx,
712 2885 764 2931 sup.
777 2871 816 2932 18,
