1917 3317
259 132 291 170 nn
305 130 364 170 mun
380 130 582 170 communen.
789 119 820 168 Ἀ

58 202 196 258 uniformitatem
209 209 341 271 perueniat,
353 209 453 271 exigitur
460 208 521 272 quod
530 207 614 271 duplex
627 207 680 271 ejus
689 205 823 259 difformitas

55 284 163 330 amoveatur.
177 279 252 330 Primb
260 279 368 343 quidem,
377 280 415 328 illa
427 293 476 342 qne
490 283 526 330 est
536 293 566 329 en
578 279 711 329 diuersitate
721 279 821 330 exuemu-

54 360 88 396 rnrn
99 363 173 413 mmm,
182 355 248 414 prout
260 351 350 402 scilicet
361 350 469 413 relinquit
483 349 602 400 exteriora.
617 351 645 399 Et
656 351 700 399 boc
712 354 748 399 est
760 351 822 413 quod

52 418 105 478 primb
119 423 174 484 ponit
186 423 210 472 in
227 427 290 472 motu
308 422 415 472 circulari
429 423 524 482 animae,
540 438 554 469 u
570 421 689 472 introitum
708 422 782 485 ipsius
795 422 823 472 ab

51 492 170 544 exterioribus
179 495 207 543 ad
222 494 354 558 seipsam.»
368 493 472 544 Secumdb
489 498 563 543 autem
572 497 661 557 oportet
673 492 733 557 qnbd
743 508 822 545 remc-

53 567 113 612 rentnr
125 567 216 616 mcunda
228 566 372 626 dillormitas,
382 569 479 628 quaeest
489 578 529 629 per
541 566 668 615 discursum
676 565 782 616 rationis.
794 567 823 616 tto

54 631 87 680 loc
97 633 142 684 idem
157 637 267 700 contingit
277 637 404 688 secundinus
418 635 477 699 qutun
492 649 572 686 ommes
584 636 727 700 operationes
742 637 823 688 animm

54 705 158 756 reducuntur
172 709 199 758 ad
216 708 344 772 simplicem
361 708 577 771 contemplationem
592 707 741 770 intelligibilis
757 709 822 759 seni-

51 775 95 826 tntis.
105 777 128 828 tt
137 781 176 830 lucc
186 783 221 831 est
235 781 297 842 quod
312 779 414 831 secundb
424 779 487 843 dicit,
496 779 557 844 qnbd
568 780 714 830 «necessaria
728 783 764 830 est
773 779 824 830 uni-

48 845 107 898 turnis
118 852 243 902 courntunic
253 851 444 902 intellectualium
458 851 567 901 uirtutum
578 850 665 914 ipsins3
679 851 823 903 nutscilicct
857 857 862 874 ·

46 924 126 971 cessante
134 922 246 986 discursu,
261 925 343 986 ligatur
357 923 409 986 ejus
417 923 513 974 intuitus
519 923 542 972 in
551 923 740 987 contemplatione
752 924 822 974 unius

45 988 132 1052 simplicis
140 995 249 1044 uenturis,
266 996 295 1044 Et
306 995 330 1044 in
340 994 523 1057 hacoperaticne
539 995 621 1045 anime
638 1007 686 1044 non
702 1001 737 1044 cst
749 1007 820 1051 error,

45 1061 91 1108 sicut
100 1069 153 1125 patet
164 1066 223 1129 qubd
240 1067 303 1116 circa
316 1066 456 1116 intellectum
468 1066 591 1128 primorum
603 1065 764 1128 principiorum
773 1078 822 1115 non

44 1136 173 1199 cursimque
182 1137 285 1202 simplici
296 1137 382 1187 intuitu
395 1136 561 1198 cognoscimus.
571 1138 600 1186 ut
610 1141 664 1186 tunc
676 1136 728 1186 istis
737 1137 824 1187 duobus

44 1208 154 1272 premissis,
166 1209 234 1261 terti'u
252 1210 348 1272 munitur
366 1207 507 1258 unilcrmitas
524 1209 648 1260 conlormis
667 1207 767 1271 angelis,
782 1222 823 1259 se-

45 1276 124 1328 cunlirm
139 1280 195 1343 qubd
215 1280 381 1344 praetermissis
398 1281 504 1331 omnibus
523 1281 548 1330 in
561 1282 609 1331 sela
627 1282 667 1330 llel
684 1280 823 1344 contempla-

44 1345 89 1398 tione
100 1353 197 1414 persistit.
213 1355 244 1404 Et
257 1355 302 1403 boc
315 1353 423 1416 estquod
441 1352 512 1402 dicit:
529 1370 543 1400 u
557 1352 643 1402 lteinde
658 1351 692 1402 sic
703 1351 824 1402 uuitcnmis

44 1416 164 1486 secernite,
179 1426 203 1475 id
218 1429 257 1476 est
272 1425 419 1475 conformiter
431 1423 502 1474 unitis
515 1423 640 1474 uirtutibus
649 1461 656 1487 ,
665 1424 694 1473 ad
704 1423 823 1488 pulchrum

45 1492 62 1534 tl
71 1490 137 1544 bouum
152 1496 322 1547 manuducitur.
334 1512 347 1542 u
359 1495 433 1545 bintus
445 1499 521 1546 autem
532 1500 608 1546 rectus
618 1495 642 1544 inu
652 1494 739 1558 angelis
751 1494 823 1558 accipi

48 1571 80 1607 uon
90 1570 151 1625 potest
162 1565 294 1618 secumdum
305 1567 329 1617 id
338 1568 399 1630 quod
410 1567 434 1616 in
443 1567 608 1618 considerando
621 1567 729 1635 procedat
736 1568 766 1617 ab
774 1579 822 1617 unc

44 1628 61 1676 in
74 1634 132 1698 aliud,
145 1641 182 1690 set
193 1638 272 1690 solium
284 1637 409 1689 secundum
424 1637 525 1688 ordinem
541 1652 588 1690 snae
605 1639 770 1703 providentie,
787 1652 823 1689 sc-

40 1704 118 1756 nnnrtim
127 1710 212 1762 scilicet
226 1709 291 1774 quud
305 1711 399 1773 angelus
410 1711 513 1775 superior
524 1710 644 1761 interiores
654 1710 768 1760 illuminat
782 1723 823 1774 pen

41 1778 116 1829 unctius.
126 1782 152 1831 ttt
165 1784 210 1834 hcc
229 1783 343 1844 estquod
360 1782 430 1842 dicit,
445 1779 505 1844 qubd
521 1781 689 1834 «indirectum
703 1786 823 1832 monentur

40 1851 111 1912 onorii,
122 1855 210 1917 qnando
223 1854 353 1919 procedunt
367 1855 394 1904 ad
406 1854 558 1918 subjecturum
569 1854 734 1918 prouidentiam
743 1891 751 1917 ‚
760 1857 822 1904 recta

38 1922 98 1971 *omnin
110 1927 286 1986 transeuntes»
300 1924 363 1974 idest
374 1923 532 1976 secunddmea
540 1939 591 1988 qum
600 1924 724 1977 secuudum
734 1928 822 1975 rectum

39 1992 119 2044 ordinem
130 1998 293 2062 disponuntur.
308 1995 353 2046 Sed
367 1999 464 2046 rectum
479 1999 578 2049 motum
589 1996 653 2060 ponit
663 1996 687 2046 in
698 1996 774 2046 anima
787 2010 823 2047 se·

39 2063 115 2115 onnntrn
126 2069 167 2120 boc
180 2069 245 2134 quod
260 2067 292 2117 ab
303 2067 453 2117 exterioribus
467 2064 613 2118 sensibilibus
625 2067 727 2132 procedit
744 2069 772 2117 ad
785 2069 822 2118 im·

39 2132 164 2195 telligibilium
180 2139 348 2204 cognitionem.
364 2137 502 2202 Obliquum
515 2144 592 2190 autem
603 2144 702 2190 motum
717 2140 782 2203 ponit
794 2139 820 2190 iu

41 2208 101 2277 ‘litto
115 2212 268 2276 compositum
281 2223 309 2260 cx
328 2213 390 2262 ructo
402 2214 426 2262 et
443 2210 561 2275 cuculum,
575 2211 601 2262 in
615 2215 722 2276 quantum
736 2225 820 2262 secun-

42 2289 77 2323 rum
85 2283 299 2348 mutemplationcm
307 2281 654 2346 lteiiuterioribuspronidet.ln
662 2281 737 2332 anima
745 2287 821 2336 autem
835 2289 839 2300 “

48 2347 186 2404 tonitruorum
195 2354 331 2420 obliquum
332 2390 343 2416 ,
351 2353 455 2403 similiter
462 2368 492 2404 ex
499 2358 560 2406 recte
566 2359 590 2405 et
597 2354 702 2406 circulari
709 2354 822 2419 composi·

51 2413 149 2484 bttprout
160 2426 253 2477 scilicet
264 2423 468 2476 illuminationibus
478 2425 563 2476 diuinis
575 2426 730 2478 ratiocinando
739 2427 819 2476 utitur.

68 2491 182 2548 tiburtium
194 2497 338 2558 dicendum,
354 2495 415 2558 quod
434 2496 479 2548 illm
491 2497 634 2548 diversitates
650 2501 818 2561 motuumque

44 2560 152 2622 ³·slliuutuu
168 2567 300 2620 secundum
315 2567 467 2618 dillerentiam
487 2569 538 2633 ejus
553 2569 614 2632 quod
626 2574 662 2620 est
677 2573 821 2621 consumet

45 2627 140 2697 donorum,
155 2641 330 2692 dextrorsum
343 2644 365 2690 et
374 2640 567 2698 sinistrorsum,
579 2645 638 2692 cote
652 2645 770 2702 electro,
783 2654 820 2692 se·

46 2707 116 2758 curulium
124 2712 225 2766 diuersos
239 2713 367 2774 circuitus,
379 2724 458 2762 omnes
468 2712 612 2764 continentur
625 2713 742 2764 submotu
756 2715 816 2763 recto

48 2779 164 2850 l''lftltiqu05
173 2799 229 2836 nam
238 2798 281 2850 per
290 2797 373 2836 ommes
381 2783 512 2847 designatur
519 2785 634 2835 discffl
642 2785 746 2836 rationis.
755 2783 819 2844 Quod

51 2851 111 2901 luam
119 2857 138 2906 si
146 2857 176 2910 sit
185 2857 200 2910 t
209 2869 299 2924 genere
313 2855 344 2908 ad
355 2854 468 2922 speciem,
483 2855 520 2908 rel
529 2856 548 2908 a
558 2860 607 2909 uto
619 2858 650 2910 ad
658 2862 761 2921 partem,
773 2854 819 2907 crit
