<?xml version="1.0" encoding="UTF-8"?>
<!DOCTYPE html PUBLIC "-//W3C//DTD XHTML 1.0 Transitional//EN"
    "http://www.w3.org/TR/xhtml1/DTD/xhtml1-transitional.dtd">
<html xmlns="http://www.w3.org/1999/xhtml" xml:lang="en" lang="en">
 <head>
  <title>
</title>
<meta http-equiv="Content-Type" content="text/html;charset=utf-8" />
  <meta name='ocr-system' content='tesseract 3.04.00' />
  <meta name='ocr-capabilities' content='ocr_page ocr_carea ocr_par ocr_line ocrx_word'/>
</head>
<body>
  <div class='ocr_page' id='page_1' title='image "./summatheologica02nicogoog_0074.png"; bbox 0 0 1917 3317; ppageno 0'>
   <div class='ocr_carea' id='block_1_1' title="bbox 118 159 810 215">
    <p class='ocr_par' dir='ltr' id='par_1_1' title="bbox 118 159 810 215">
     <span class='ocr_line' id='line_1_1' title="bbox 118 159 810 215; baseline 0.01 -9"><span class='ocrx_word' id='word_1_1' title='bbox 118 159 140 200; x_wconf 67' lang='grc' dir='ltr'><strong>Μ</strong></span> <span class='ocrx_word' id='word_1_2' title='bbox 149 163 274 210; x_wconf 66' lang='lat' dir='ltr'><strong>militm·</strong></span> <span class='ocrx_word' id='word_1_3' title='bbox 288 169 322 210; x_wconf 70' lang='lat' dir='ltr'><strong>Al&gt;</strong></span> <span class='ocrx_word' id='word_1_4' title='bbox 337 171 431 214; x_wconf 65' lang='lat' dir='ltr'><strong>simi!</strong></span> <span class='ocrx_word' id='word_1_5' title='bbox 446 171 559 213; x_wconf 62' lang='grc' dir='ltr'><strong>ΡΜ·</strong></span> <span class='ocrx_word' id='word_1_6' title='bbox 574 173 601 213; x_wconf 77' lang='grc'><strong>11</strong></span> <span class='ocrx_word' id='word_1_7' title='bbox 614 172 737 215; x_wconf 65' lang='lat' dir='ltr'><strong>colmi-</strong></span> <span class='ocrx_word' id='word_1_8' title='bbox 780 167 810 213; x_wconf 67' lang='grc'><strong>01</strong></span> 
     </span>
    </p>
   </div>
   <div class='ocr_carea' id='block_1_2' title="bbox 50 235 815 960">
    <p class='ocr_par' dir='ltr' id='par_1_2' title="bbox 60 235 812 384">
     <span class='ocr_line' id='line_1_2' title="bbox 63 235 812 317; baseline 0.008 -20"><span class='ocrx_word' id='word_1_9' title='bbox 63 235 169 306; x_wconf 68' lang='lat' dir='ltr'><strong>fllfllmtd</strong></span> <span class='ocrx_word' id='word_1_10' title='bbox 180 247 310 312; x_wconf 72' lang='lat' dir='ltr'><strong>cuicumque</strong></span> <span class='ocrx_word' id='word_1_11' title='bbox 324 261 401 299; x_wconf 90' lang='lat' dir='ltr'><strong>eorum</strong></span> <span class='ocrx_word' id='word_1_12' title='bbox 414 263 462 302; x_wconf 91' lang='lat' dir='ltr'><strong>nou</strong></span> <span class='ocrx_word' id='word_1_13' title='bbox 473 254 528 301; x_wconf 86' lang='lat' dir='ltr'><strong>sont</strong></span> <span class='ocrx_word' id='word_1_14' title='bbox 542 251 654 315; x_wconf 87' lang='lat' dir='ltr'><strong>perfecti,</strong></span> <span class='ocrx_word' id='word_1_15' title='bbox 667 251 715 302; x_wconf 90' lang='lat' dir='ltr'><strong>sint</strong></span> <span class='ocrx_word' id='word_1_16' title='bbox 724 252 812 317; x_wconf 86' lang='lat' dir='ltr'><strong>topeo-</strong></span> 
     </span>
     <span class='ocr_line' id='line_1_3' title="bbox 60 313 640 384; baseline 0.014 -21"><span class='ocrx_word' id='word_1_17' title='bbox 60 313 182 380; x_wconf 74' lang='lat' dir='ltr'><strong>tlittoortali,</strong></span> <span class='ocrx_word' id='word_1_18' title='bbox 195 323 302 384; x_wconf 74' lang='lat' dir='ltr'><strong>nuquam</strong></span> <span class='ocrx_word' id='word_1_19' title='bbox 318 321 459 374; x_wconf 77' lang='lat' dir='ltr'><strong>simulatores</strong></span> <span class='ocrx_word' id='word_1_20' title='bbox 472 327 496 374; x_wconf 91' lang='lat' dir='ltr'><strong>et</strong></span> <span class='ocrx_word' id='word_1_21' title='bbox 507 324 640 374; x_wconf 84' lang='lat' dir='ltr'><strong>mendaces.</strong></span> 
     </span>
    </p>

    <p class='ocr_par' dir='ltr' id='par_1_3' title="bbox 50 383 815 960">
     <span class='ocr_line' id='line_1_4' title="bbox 79 383 813 459; baseline 0.019 -26"><span class='ocrx_word' id='word_1_22' title='bbox 79 385 95 428; x_wconf 85' lang='lat' dir='ltr'><strong>t.</strong></span> <span class='ocrx_word' id='word_1_23' title='bbox 105 383 205 451; x_wconf 84' lang='lat' dir='ltr'><strong>Preteres,</strong></span> <span class='ocrx_word' id='word_1_24' title='bbox 219 391 331 456; x_wconf 71' lang='lat' dir='ltr'><strong>perfectio</strong></span> <span class='ocrx_word' id='word_1_25' title='bbox 346 395 468 444; x_wconf 88' lang='lat' dir='ltr'><strong>secundum</strong></span> <span class='ocrx_word' id='word_1_26' title='bbox 486 395 620 446; x_wconf 76' lang='lat' dir='ltr'><strong>eruentem</strong></span> <span class='ocrx_word' id='word_1_27' title='bbox 634 395 770 459; x_wconf 66' lang='lat' dir='ltr'><strong>assumtum</strong></span> <span class='ocrx_word' id='word_1_28' title='bbox 785 399 813 447; x_wconf 89' lang='lat' dir='ltr'><strong>nt</strong></span> 
     </span>
     <span class='ocr_line' id='line_1_5' title="bbox 55 454 815 530; baseline 0.022 -27"><span class='ocrx_word' id='word_1_29' title='bbox 55 454 103 516; x_wconf 84' lang='lat' dir='ltr'><strong>sopri</strong></span> <span class='ocrx_word' id='word_1_30' title='bbox 111 457 194 512; x_wconf 84' lang='lat' dir='ltr'><strong>lubitum</strong></span> <span class='ocrx_word' id='word_1_31' title='bbox 205 469 241 516; x_wconf 90' lang='lat' dir='ltr'><strong>est</strong></span> <span class='ocrx_word' id='word_1_32' title='bbox 256 466 315 528; x_wconf 83' lang='lat' dir='ltr'><strong>tert.</strong></span> <span class='ocrx_word' id='word_1_33' title='bbox 329 465 369 528; x_wconf 82' lang='lat'><strong>1).</strong></span> <span class='ocrx_word' id='word_1_34' title='bbox 381 466 425 516; x_wconf 86' lang='lat' dir='ltr'><strong>Sed</strong></span> <span class='ocrx_word' id='word_1_35' title='bbox 437 467 604 530; x_wconf 84' lang='lat' dir='ltr'><strong>perfectissimo</strong></span> <span class='ocrx_word' id='word_1_36' title='bbox 614 467 711 518; x_wconf 75' lang='lat' dir='ltr'><strong>charitas</strong></span> <span class='ocrx_word' id='word_1_37' title='bbox 724 468 815 520; x_wconf 86' lang='lat' dir='ltr'><strong>videtur</strong></span> 
     </span>
     <span class='ocr_line' id='line_1_6' title="bbox 55 528 814 602; baseline 0.021 -28"><span class='ocrx_word' id='word_1_38' title='bbox 55 528 117 600; x_wconf 78' lang='lat' dir='ltr'><strong>esseio</strong></span> <span class='ocrx_word' id='word_1_39' title='bbox 133 536 269 598; x_wconf 72' lang='lat' dir='ltr'><strong>martyribus,</strong></span> <span class='ocrx_word' id='word_1_40' title='bbox 285 537 409 588; x_wconf 86' lang='lat' dir='ltr'><strong>secundom</strong></span> <span class='ocrx_word' id='word_1_41' title='bbox 426 537 480 587; x_wconf 90' lang='lat' dir='ltr'><strong>illud</strong></span> <span class='ocrx_word' id='word_1_42' title='bbox 501 539 586 593; x_wconf 74' lang='lat' dir='ltr'><strong>loom,</strong></span> <span class='ocrx_word' id='word_1_43' title='bbox 599 539 639 589; x_wconf 82' lang='lat' dir='ltr'><strong>xl</strong></span> <span class='ocrx_word' id='word_1_44' title='bbox 653 553 659 588; x_wconf 79' lang='lat' dir='ltr'><em>z</em></span> <span class='ocrx_word' id='word_1_45' title='bbox 675 556 689 586; x_wconf 82' lang='lat' dir='ltr'><strong>o</strong></span> <span class='ocrx_word' id='word_1_46' title='bbox 704 540 814 602; x_wconf 85' lang='lat' dir='ltr'><strong>ldejorem</strong></span> 
     </span>
     <span class='ocr_line' id='line_1_7' title="bbox 57 593 814 676; baseline 0.029 -37"><span class='ocrx_word' id='word_1_47' title='bbox 57 593 160 676; x_wconf 76' lang='lat' dir='ltr'><strong>dilectionem</strong></span> <span class='ocrx_word' id='word_1_48' title='bbox 172 619 235 660; x_wconf 90' lang='lat' dir='ltr'><strong>nemo</strong></span> <span class='ocrx_word' id='word_1_49' title='bbox 245 607 316 659; x_wconf 87' lang='lat' dir='ltr'><strong>habet</strong></span> <span class='ocrx_word' id='word_1_50' title='bbox 331 622 398 671; x_wconf 84' lang='lat' dir='ltr'><strong>qnam</strong></span> <span class='ocrx_word' id='word_1_51' title='bbox 408 612 432 659; x_wconf 89' lang='lat' dir='ltr'><strong>ut</strong></span> <span class='ocrx_word' id='word_1_52' title='bbox 442 608 542 658; x_wconf 86' lang='lat' dir='ltr'><strong>animam</strong></span> <span class='ocrx_word' id='word_1_53' title='bbox 555 618 619 658; x_wconf 84' lang='lat' dir='ltr'><strong>suom</strong></span> <span class='ocrx_word' id='word_1_54' title='bbox 630 615 701 672; x_wconf 89' lang='lat' dir='ltr'><strong>ponat</strong></span> <span class='ocrx_word' id='word_1_55' title='bbox 711 611 763 674; x_wconf 85' lang='lat' dir='ltr'><strong>quis</strong></span> <span class='ocrx_word' id='word_1_56' title='bbox 772 623 814 675; x_wconf 91' lang='lat' dir='ltr'><strong>pro</strong></span> 
     </span>
     <span class='ocr_line' id='line_1_8' title="bbox 57 675 813 743; baseline 0.029 -33"><span class='ocrx_word' id='word_1_57' title='bbox 57 676 112 719; x_wconf 87' lang='lat' dir='ltr'><strong>aoros</strong></span> <span class='ocrx_word' id='word_1_58' title='bbox 121 675 174 740; x_wconf 81' lang='lat' dir='ltr'><strong>snis3</strong></span> <span class='ocrx_word' id='word_1_59' title='bbox 188 695 201 726; x_wconf 84' lang='lat' dir='ltr'><strong>o</strong></span> <span class='ocrx_word' id='word_1_60' title='bbox 213 683 238 730; x_wconf 88' lang='lat' dir='ltr'><strong>et</strong></span> <span class='ocrx_word' id='word_1_61' title='bbox 250 693 321 743; x_wconf 89' lang='lat' dir='ltr'><strong>super</strong></span> <span class='ocrx_word' id='word_1_62' title='bbox 337 679 392 730; x_wconf 89' lang='lat' dir='ltr'><strong>illud</strong></span> <span class='ocrx_word' id='word_1_63' title='bbox 400 681 435 730; x_wconf 79' lang='lat' dir='ltr'><strong>orl</strong></span> <span class='ocrx_word' id='word_1_64' title='bbox 446 681 531 736; x_wconf 64' lang='lat' dir='ltr'><strong>Hebe,</strong></span> <span class='ocrx_word' id='word_1_65' title='bbox 545 682 602 731; x_wconf 85' lang='lat' dir='ltr'><strong>illl:</strong></span> <span class='ocrx_word' id='word_1_66' title='bbox 613 699 628 730; x_wconf 81' lang='lat' dir='ltr'><strong>c</strong></span> <span class='ocrx_word' id='word_1_67' title='bbox 639 682 743 731; x_wconf 88' lang='lat' dir='ltr'><strong>Nondum</strong></span> <span class='ocrx_word' id='word_1_68' title='bbox 751 682 813 732; x_wconf 88' lang='lat' dir='ltr'><strong>enim</strong></span> 
     </span>
     <span class='ocr_line' id='line_1_9' title="bbox 57 745 814 814; baseline 0.007 -17"><span class='ocrx_word' id='word_1_69' title='bbox 57 745 134 814; x_wconf 69' lang='lat' dir='ltr'><strong>usonem</strong></span> <span class='ocrx_word' id='word_1_70' title='bbox 145 751 312 814; x_wconf 65' lang='lat' dir='ltr'><strong>sauguinem»</strong></span> <span class='ocrx_word' id='word_1_71' title='bbox 326 757 382 812; x_wconf 81' lang='lat' dir='ltr'><strong>eto,</strong></span> <span class='ocrx_word' id='word_1_72' title='bbox 397 752 452 802; x_wconf 89' lang='lat' dir='ltr'><strong>dicit</strong></span> <span class='ocrx_word' id='word_1_73' title='bbox 467 753 547 802; x_wconf 83' lang='lat' dir='ltr'><strong>Glossa</strong></span> <span class='ocrx_word' id='word_1_74' title='bbox 561 767 592 800; x_wconf 80' lang='lat' dir='ltr'><strong>:a</strong></span> <span class='ocrx_word' id='word_1_75' title='bbox 601 752 724 802; x_wconf 82' lang='lat' dir='ltr'><strong>Perfectior</strong></span> <span class='ocrx_word' id='word_1_76' title='bbox 733 753 756 802; x_wconf 92' lang='lat' dir='ltr'><strong>io</strong></span> <span class='ocrx_word' id='word_1_77' title='bbox 771 754 814 803; x_wconf 84' lang='lat' dir='ltr'><strong>bae</strong></span> 
     </span>
     <span class='ocr_line' id='line_1_10' title="bbox 56 813 814 889; baseline 0.016 -25"><span class='ocrx_word' id='word_1_78' title='bbox 56 813 85 858; x_wconf 72' lang='lat' dir='ltr'><strong>llll</strong></span> <span class='ocrx_word' id='word_1_79' title='bbox 94 815 141 867; x_wconf 86' lang='lat' dir='ltr'><strong>nota</strong></span> <span class='ocrx_word' id='word_1_80' title='bbox 150 820 234 874; x_wconf 88' lang='lat' dir='ltr'><strong>dilectio</strong></span> <span class='ocrx_word' id='word_1_81' title='bbox 248 827 286 874; x_wconf 91' lang='lat' dir='ltr'><strong>est</strong></span> <span class='ocrx_word' id='word_1_82' title='bbox 299 836 341 886; x_wconf 87' lang='lat' dir='ltr'><strong>ea,</strong></span> <span class='ocrx_word' id='word_1_83' title='bbox 362 825 390 874; x_wconf 88' lang='lat' dir='ltr'><strong>ad</strong></span> <span class='ocrx_word' id='word_1_84' title='bbox 406 837 472 886; x_wconf 85' lang='lat' dir='ltr'><strong>qnam</strong></span> <span class='ocrx_word' id='word_1_85' title='bbox 487 824 559 874; x_wconf 82' lang='lat' dir='ltr'><strong>sancti</strong></span> <span class='ocrx_word' id='word_1_86' title='bbox 571 825 681 889; x_wconf 77' lang='lat' dir='ltr'><strong>Martyres</strong></span> <span class='ocrx_word' id='word_1_87' title='bbox 699 837 814 886; x_wconf 83' lang='lat' dir='ltr'><strong>perrene-</strong></span> 
     </span>
     <span class='ocr_line' id='line_1_11' title="bbox 50 888 812 960; baseline 0 -16"><span class='ocrx_word' id='word_1_88' title='bbox 50 888 97 944; x_wconf 85' lang='lat' dir='ltr'><strong>root,</strong></span> <span class='ocrx_word' id='word_1_89' title='bbox 108 889 139 949; x_wconf 81' lang='lat' dir='ltr'><strong>tui</strong></span> <span class='ocrx_word' id='word_1_90' title='bbox 148 897 218 943; x_wconf 82' lang='lat' dir='ltr'><strong>contra</strong></span> <span class='ocrx_word' id='word_1_91' title='bbox 230 897 349 958; x_wconf 79' lang='lat' dir='ltr'><strong>peecatum</strong></span> <span class='ocrx_word' id='word_1_92' title='bbox 362 909 433 958; x_wconf 78' lang='lat' dir='ltr'><strong>usone</strong></span> <span class='ocrx_word' id='word_1_93' title='bbox 446 896 473 945; x_wconf 88' lang='lat' dir='ltr'><strong>ad</strong></span> <span class='ocrx_word' id='word_1_94' title='bbox 486 896 619 960; x_wconf 75' lang='lat' dir='ltr'><strong>sanguinem</strong></span> <span class='ocrx_word' id='word_1_95' title='bbox 632 899 812 946; x_wconf 71' lang='lat' dir='ltr'><strong>cenaverunt.»</strong></span> 
     </span>
    </p>
   </div>
   <div class='ocr_carea' id='block_1_3' title="bbox 49 940 934 1031">
    <p class='ocr_par' dir='ltr' id='par_1_4' title="bbox 49 940 934 1031">
     <span class='ocr_line' id='line_1_12' title="bbox 49 940 934 1031; baseline 0.015 -26"><span class='ocrx_word' id='word_1_96' title='bbox 49 951 91 1014; x_wconf 83' lang='lat' dir='ltr'><strong>Ergo</strong></span> <span class='ocrx_word' id='word_1_97' title='bbox 101 957 174 1012; x_wconf 81' lang='lat' dir='ltr'><strong>ridetur</strong></span> <span class='ocrx_word' id='word_1_98' title='bbox 186 967 244 1027; x_wconf 88' lang='lat' dir='ltr'><strong>qnod</strong></span> <span class='ocrx_word' id='word_1_99' title='bbox 263 965 339 1028; x_wconf 78' lang='lat' dir='ltr'><strong>magis</strong></span> <span class='ocrx_word' id='word_1_100' title='bbox 358 966 439 1016; x_wconf 83' lang='lat' dir='ltr'><strong>debeat</strong></span> <span class='ocrx_word' id='word_1_101' title='bbox 457 966 606 1031; x_wconf 89' lang='lat' dir='ltr'><strong>perfectionis</strong></span> <span class='ocrx_word' id='word_1_102' title='bbox 627 970 701 1016; x_wconf 83' lang='lat' dir='ltr'><strong>stetos</strong></span> <span class='ocrx_word' id='word_1_103' title='bbox 720 966 814 1016; x_wconf 75' lang='lat' dir='ltr'><strong>attribui</strong></span> <span class='ocrx_word' id='word_1_104' title='bbox 860 987 863 991; x_wconf 92' lang='lat'><em>·</em></span> <span class='ocrx_word' id='word_1_105' title='bbox 932 940 934 997; x_wconf 63' lang='grc' dir='ltr'>Ῑ</span> 
     </span>
    </p>
   </div>
   <div class='ocr_carea' id='block_1_4' title="bbox 34 1030 891 2972">
    <p class='ocr_par' dir='ltr' id='par_1_5' title="bbox 46 1030 553 1102">
     <span class='ocr_line' id='line_1_13' title="bbox 46 1030 553 1102; baseline 0.036 -32"><span class='ocrx_word' id='word_1_106' title='bbox 46 1030 163 1095; x_wconf 75' lang='lat' dir='ltr'><strong>martyribus,</strong></span> <span class='ocrx_word' id='word_1_107' title='bbox 175 1049 243 1100; x_wconf 83' lang='lat' dir='ltr'><strong>quam</strong></span> <span class='ocrx_word' id='word_1_108' title='bbox 257 1037 372 1099; x_wconf 72' lang='lat' dir='ltr'><strong>religiosis</strong></span> <span class='ocrx_word' id='word_1_109' title='bbox 387 1042 409 1088; x_wconf 89' lang='lat' dir='ltr'><strong>et</strong></span> <span class='ocrx_word' id='word_1_110' title='bbox 423 1038 553 1102; x_wconf 82' lang='lat' dir='ltr'><strong>Episcopis.</strong></span> 
     </span>
    </p>

    <p class='ocr_par' dir='ltr' id='par_1_6' title="bbox 43 1097 818 1674">
     <span class='ocr_line' id='line_1_14' title="bbox 69 1097 809 1175; baseline 0.008 -22"><span class='ocrx_word' id='word_1_111' title='bbox 69 1097 100 1148; x_wconf 87' lang='lat' dir='ltr'><strong>Sed</strong></span> <span class='ocrx_word' id='word_1_112' title='bbox 109 1110 173 1155; x_wconf 88' lang='lat' dir='ltr'><strong>contra</strong></span> <span class='ocrx_word' id='word_1_113' title='bbox 182 1112 228 1170; x_wconf 88' lang='lat' dir='ltr'><strong>est,</strong></span> <span class='ocrx_word' id='word_1_114' title='bbox 237 1109 300 1175; x_wconf 86' lang='lat' dir='ltr'><strong>qnbd</strong></span> <span class='ocrx_word' id='word_1_115' title='bbox 310 1109 429 1174; x_wconf 73' lang='lat' dir='ltr'><strong>llioopsins</strong></span> <span class='ocrx_word' id='word_1_116' title='bbox 437 1111 462 1160; x_wconf 89' lang='lat' dir='ltr'><strong>io</strong></span> <span class='ocrx_word' id='word_1_117' title='bbox 472 1124 524 1174; x_wconf 87' lang='lat' dir='ltr'><strong>cap.</strong></span> <span class='ocrx_word' id='word_1_118' title='bbox 534 1111 561 1159; x_wconf 87' lang='lat' dir='ltr'><strong>V.</strong></span> <span class='ocrx_word' id='word_1_119' title='bbox 573 1109 663 1159; x_wconf 80' lang='lat' dir='ltr'><strong>ldeetes.</strong></span> <span class='ocrx_word' id='word_1_120' title='bbox 675 1109 809 1166; x_wconf 75' lang='lat' dir='ltr'><strong>deieraret..</strong></span> 
     </span>
     <span class='ocr_line' id='line_1_15' title="bbox 45 1170 815 1246; baseline 0.022 -31"><span class='ocrx_word' id='word_1_121' title='bbox 45 1170 122 1246; x_wconf 75' lang='lat' dir='ltr'><strong>sltriboit</strong></span> <span class='ocrx_word' id='word_1_122' title='bbox 135 1180 296 1242; x_wconf 81' lang='lat' dir='ltr'><strong>perfectionem</strong></span> <span class='ocrx_word' id='word_1_123' title='bbox 310 1181 430 1244; x_wconf 83' lang='lat' dir='ltr'><strong>Episcopis</strong></span> <span class='ocrx_word' id='word_1_124' title='bbox 444 1186 553 1245; x_wconf 84' lang='lat' dir='ltr'><strong>tanquam</strong></span> <span class='ocrx_word' id='word_1_125' title='bbox 566 1181 770 1246; x_wconf 75' lang='lat' dir='ltr'><strong>perfectioribus.</strong></span> <span class='ocrx_word' id='word_1_126' title='bbox 785 1181 815 1233; x_wconf 85' lang='lat' dir='ltr'><strong>Et</strong></span> 
     </span>
     <span class='ocr_line' id='line_1_16' title="bbox 43 1243 816 1317; baseline 0.004 -17"><span class='ocrx_word' id='word_1_127' title='bbox 43 1253 60 1286; x_wconf 80' lang='lat'><strong>¹¹1</strong></span> <span class='ocrx_word' id='word_1_128' title='bbox 68 1243 89 1289; x_wconf 71' lang='lat' dir='ltr'>W</span> <span class='ocrx_word' id='word_1_129' title='bbox 102 1259 144 1311; x_wconf 52' lang='grc' dir='ltr'><strong>περ.</strong></span> <span class='ocrx_word' id='word_1_130' title='bbox 157 1251 258 1314; x_wconf 85' lang='lat' dir='ltr'><strong>ejusdem</strong></span> <span class='ocrx_word' id='word_1_131' title='bbox 271 1253 323 1302; x_wconf 88' lang='lat' dir='ltr'><strong>libri</strong></span> <span class='ocrx_word' id='word_1_132' title='bbox 336 1252 439 1302; x_wconf 85' lang='lat' dir='ltr'><strong>attribuit</strong></span> <span class='ocrx_word' id='word_1_133' title='bbox 449 1252 612 1316; x_wconf 89' lang='lat' dir='ltr'><strong>perfectionem</strong></span> <span class='ocrx_word' id='word_1_134' title='bbox 627 1251 749 1316; x_wconf 81' lang='lat' dir='ltr'><strong>religiosis,</strong></span> <span class='ocrx_word' id='word_1_135' title='bbox 758 1265 816 1317; x_wconf 79' lang='lat' dir='ltr'><strong>qnos</strong></span> 
     </span>
     <span class='ocr_line' id='line_1_17' title="bbox 44 1318 815 1389; baseline 0.021 -31"><span class='ocrx_word' id='word_1_136' title='bbox 44 1318 93 1362; x_wconf 78' lang='lat' dir='ltr'><strong>tonat</strong></span> <span class='ocrx_word' id='word_1_137' title='bbox 106 1323 223 1373; x_wconf 83' lang='lat' dir='ltr'><strong>mosnefms</strong></span> <span class='ocrx_word' id='word_1_138' title='bbox 238 1324 280 1375; x_wconf 86' lang='lat' dir='ltr'><strong>vel</strong></span> <span class='ocrx_word' id='word_1_139' title='bbox 299 1325 474 1389; x_wconf 76' lang='lat' dir='ltr'><strong>therapeutas,</strong></span> <span class='ocrx_word' id='word_1_140' title='bbox 489 1323 513 1374; x_wconf 86' lang='lat' dir='ltr'><strong>id</strong></span> <span class='ocrx_word' id='word_1_141' title='bbox 527 1328 577 1386; x_wconf 85' lang='lat' dir='ltr'><strong>est,</strong></span> <span class='ocrx_word' id='word_1_142' title='bbox 596 1327 646 1376; x_wconf 83' lang='lat' dir='ltr'><strong>Deo</strong></span> <span class='ocrx_word' id='word_1_143' title='bbox 659 1324 815 1389; x_wconf 78' lang='lat' dir='ltr'><strong>somniantes</strong></span> 
     </span>
     <span class='ocr_line' id='line_1_18' title="bbox 45 1384 266 1458; baseline -0.014 -10"><span class='ocrx_word' id='word_1_144' title='bbox 45 1384 123 1448; x_wconf 74' lang='lat' dir='ltr'><strong>torm</strong></span> <span class='ocrx_word' id='word_1_145' title='bbox 138 1395 266 1458; x_wconf 71' lang='lat' dir='ltr'><strong>perfecte.</strong></span> 
     </span>
     <span class='ocr_line' id='line_1_19' title="bbox 52 1459 816 1532; baseline 0.004 -17"><span class='ocrx_word' id='word_1_146' title='bbox 52 1459 202 1532; x_wconf 72' lang='lat' dir='ltr'><strong>¹(Cttttmusro</strong></span> <span class='ocrx_word' id='word_1_147' title='bbox 217 1495 251 1506; x_wconf 90' lang='lat'>—</span> <span class='ocrx_word' id='word_1_148' title='bbox 265 1466 372 1531; x_wconf 80' lang='lat' dir='ltr'><strong>Religiosi</strong></span> <span class='ocrx_word' id='word_1_149' title='bbox 391 1480 417 1517; x_wconf 88' lang='lat' dir='ltr'><strong>ac</strong></span> <span class='ocrx_word' id='word_1_150' title='bbox 431 1467 523 1531; x_wconf 80' lang='lat' dir='ltr'><strong>prelati</strong></span> <span class='ocrx_word' id='word_1_151' title='bbox 539 1471 594 1517; x_wconf 85' lang='lat' dir='ltr'><strong>sunt</strong></span> <span class='ocrx_word' id='word_1_152' title='bbox 608 1466 633 1517; x_wconf 90' lang='lat' dir='ltr'><strong>in</strong></span> <span class='ocrx_word' id='word_1_153' title='bbox 649 1470 711 1519; x_wconf 83' lang='lat' dir='ltr'><strong>statu</strong></span> <span class='ocrx_word' id='word_1_154' title='bbox 725 1469 816 1532; x_wconf 87' lang='lat' dir='ltr'><strong>perfec·</strong></span> 
     </span>
     <span class='ocr_line' id='line_1_20' title="bbox 45 1528 818 1604; baseline 0.025 -33"><span class='ocrx_word' id='word_1_155' title='bbox 45 1528 102 1593; x_wconf 81' lang='lat' dir='ltr'><strong>tronis,</strong></span> <span class='ocrx_word' id='word_1_156' title='bbox 114 1548 152 1585; x_wconf 89' lang='lat' dir='ltr'><strong>non</strong></span> <span class='ocrx_word' id='word_1_157' title='bbox 165 1538 230 1602; x_wconf 81' lang='lat' dir='ltr'><strong>quasi</strong></span> <span class='ocrx_word' id='word_1_158' title='bbox 244 1537 338 1602; x_wconf 89' lang='lat' dir='ltr'><strong>seipsos</strong></span> <span class='ocrx_word' id='word_1_159' title='bbox 351 1538 487 1602; x_wconf 80' lang='lat' dir='ltr'><strong>prolitentes</strong></span> <span class='ocrx_word' id='word_1_160' title='bbox 502 1539 630 1603; x_wconf 86' lang='lat' dir='ltr'><strong>perfectos,</strong></span> <span class='ocrx_word' id='word_1_161' title='bbox 640 1541 681 1590; x_wconf 82' lang='lat' dir='ltr'><strong>sed</strong></span> <span class='ocrx_word' id='word_1_162' title='bbox 691 1553 717 1590; x_wconf 88' lang='lat' dir='ltr'><strong>se</strong></span> <span class='ocrx_word' id='word_1_163' title='bbox 728 1541 756 1592; x_wconf 89' lang='lat' dir='ltr'><strong>ad</strong></span> <span class='ocrx_word' id='word_1_164' title='bbox 766 1553 818 1604; x_wconf 89' lang='lat' dir='ltr'><strong>per·</strong></span> 
     </span>
     <span class='ocr_line' id='line_1_21' title="bbox 45 1597 725 1674; baseline 0.034 -31"><span class='ocrx_word' id='word_1_165' title='bbox 45 1597 133 1656; x_wconf 52' lang='lat' dir='ltr'><strong>tortionem</strong></span> <span class='ocrx_word' id='word_1_166' title='bbox 142 1613 240 1664; x_wconf 69' lang='lat' dir='ltr'><strong>medere.</strong></span> <span class='ocrx_word' id='word_1_167' title='bbox 255 1613 264 1674; x_wconf 77' lang='lat' dir='ltr'><strong>t</strong></span> <span class='ocrx_word' id='word_1_168' title='bbox 718 1621 725 1632; x_wconf 85' lang='lat'><strong><em>&#39;</em></strong></span> 
     </span>
    </p>

    <p class='ocr_par' dir='ltr' id='par_1_7' title="bbox 34 1673 891 2972">
     <span class='ocr_line' id='line_1_22' title="bbox 65 1673 816 1746; baseline 0.019 -26"><span class='ocrx_word' id='word_1_169' title='bbox 65 1673 173 1740; x_wconf 80' lang='lat' dir='ltr'><strong>Respondes</strong></span> <span class='ocrx_word' id='word_1_170' title='bbox 189 1682 329 1745; x_wconf 86' lang='lat' dir='ltr'><strong>dicendum,</strong></span> <span class='ocrx_word' id='word_1_171' title='bbox 339 1681 400 1746; x_wconf 81' lang='lat' dir='ltr'><strong>qudd</strong></span> <span class='ocrx_word' id='word_1_172' title='bbox 417 1682 476 1732; x_wconf 86' lang='lat' dir='ltr'><strong>sioni</strong></span> <span class='ocrx_word' id='word_1_173' title='bbox 492 1681 637 1744; x_wconf 87' lang='lat' dir='ltr'><strong>dictumest,</strong></span> <span class='ocrx_word' id='word_1_174' title='bbox 655 1683 714 1746; x_wconf 82' lang='lat' dir='ltr'><strong>(nrt.</strong></span> <span class='ocrx_word' id='word_1_175' title='bbox 735 1684 774 1744; x_wconf 80' lang='lat' dir='ltr'><strong>it,</strong></span> <span class='ocrx_word' id='word_1_176' title='bbox 786 1684 816 1734; x_wconf 88' lang='lat' dir='ltr'><strong>ad</strong></span> 
     </span>
     <span class='ocr_line' id='line_1_23' title="bbox 37 1747 811 1820; baseline 0.022 -31"><span class='ocrx_word' id='word_1_177' title='bbox 37 1747 99 1798; x_wconf 62' lang='lat' dir='ltr'><strong>stolum</strong></span> <span class='ocrx_word' id='word_1_178' title='bbox 114 1754 396 1820; x_wconf 81' lang='lat' dir='ltr'><strong>perfectionisrequiritur</strong></span> <span class='ocrx_word' id='word_1_179' title='bbox 415 1752 523 1816; x_wconf 83' lang='lat' dir='ltr'><strong>obligatio</strong></span> <span class='ocrx_word' id='word_1_180' title='bbox 541 1757 651 1819; x_wconf 83' lang='lat' dir='ltr'><strong>perpetua</strong></span> <span class='ocrx_word' id='word_1_181' title='bbox 669 1755 697 1804; x_wconf 89' lang='lat' dir='ltr'><strong>ad</strong></span> <span class='ocrx_word' id='word_1_182' title='bbox 712 1767 740 1804; x_wconf 86' lang='lat' dir='ltr'><strong>es</strong></span> <span class='ocrx_word' id='word_1_183' title='bbox 758 1767 811 1818; x_wconf 74' lang='lat' dir='ltr'><strong>pos</strong></span> 
     </span>
     <span class='ocr_line' id='line_1_24' title="bbox 37 1825 814 1889; baseline 0.019 -27"><span class='ocrx_word' id='word_1_184' title='bbox 37 1826 76 1866; x_wconf 67' lang='lat' dir='ltr'><strong>som</strong></span> <span class='ocrx_word' id='word_1_185' title='bbox 85 1827 213 1883; x_wconf 86' lang='lat' dir='ltr'><strong>perfectiouis</strong></span> <span class='ocrx_word' id='word_1_186' title='bbox 223 1839 280 1879; x_wconf 87' lang='lat' dir='ltr'><strong>eum</strong></span> <span class='ocrx_word' id='word_1_187' title='bbox 295 1825 371 1889; x_wconf 85' lang='lat' dir='ltr'><strong>aliqua</strong></span> <span class='ocrx_word' id='word_1_188' title='bbox 382 1825 533 1876; x_wconf 86' lang='lat' dir='ltr'><strong>solemnitate.</strong></span> <span class='ocrx_word' id='word_1_189' title='bbox 545 1826 669 1888; x_wconf 81' lang='lat' dir='ltr'><strong>Utrumque</strong></span> <span class='ocrx_word' id='word_1_190' title='bbox 682 1830 760 1876; x_wconf 88' lang='lat' dir='ltr'><strong>antem</strong></span> <span class='ocrx_word' id='word_1_191' title='bbox 773 1828 814 1878; x_wconf 88' lang='lat' dir='ltr'><strong>tro·</strong></span> 
     </span>
     <span class='ocr_line' id='line_1_25' title="bbox 36 1897 809 1962; baseline 0.016 -24"><span class='ocrx_word' id='word_1_192' title='bbox 36 1902 71 1938; x_wconf 75' lang='lat' dir='ltr'><strong>tom</strong></span> <span class='ocrx_word' id='word_1_193' title='bbox 83 1899 176 1962; x_wconf 87' lang='lat' dir='ltr'><strong>competit</strong></span> <span class='ocrx_word' id='word_1_194' title='bbox 187 1906 211 1950; x_wconf 87' lang='lat' dir='ltr'><strong>et</strong></span> <span class='ocrx_word' id='word_1_195' title='bbox 222 1897 342 1962; x_wconf 77' lang='lat' dir='ltr'><strong>religiosis</strong></span> <span class='ocrx_word' id='word_1_196' title='bbox 354 1900 378 1947; x_wconf 91' lang='lat' dir='ltr'><strong>et</strong></span> <span class='ocrx_word' id='word_1_197' title='bbox 387 1897 512 1962; x_wconf 80' lang='lat' dir='ltr'><strong>Episcopis.</strong></span> <span class='ocrx_word' id='word_1_198' title='bbox 525 1897 634 1960; x_wconf 79' lang='lat' dir='ltr'><strong>Religiosi</strong></span> <span class='ocrx_word' id='word_1_199' title='bbox 645 1897 704 1948; x_wconf 91' lang='lat' dir='ltr'><strong>enim</strong></span> <span class='ocrx_word' id='word_1_200' title='bbox 717 1911 742 1949; x_wconf 89' lang='lat' dir='ltr'><strong>se</strong></span> <span class='ocrx_word' id='word_1_201' title='bbox 754 1902 809 1950; x_wconf 84' lang='lat' dir='ltr'><strong>roto</strong></span> 
     </span>
     <span class='ocr_line' id='line_1_26' title="bbox 34 1965 812 2034; baseline 0.017 -28"><span class='ocrx_word' id='word_1_202' title='bbox 34 1965 135 2029; x_wconf 73' lang='lat' dir='ltr'><strong>astringunt</strong></span> <span class='ocrx_word' id='word_1_203' title='bbox 152 1974 178 2022; x_wconf 92' lang='lat' dir='ltr'><strong>ad</strong></span> <span class='ocrx_word' id='word_1_204' title='bbox 200 1975 246 2024; x_wconf 89' lang='lat' dir='ltr'><strong>boc</strong></span> <span class='ocrx_word' id='word_1_205' title='bbox 265 1969 330 2034; x_wconf 84' lang='lat' dir='ltr'><strong>qudd</strong></span> <span class='ocrx_word' id='word_1_206' title='bbox 349 1969 443 2020; x_wconf 82' lang='lat' dir='ltr'><strong>trebes</strong></span> <span class='ocrx_word' id='word_1_207' title='bbox 465 1969 604 2019; x_wconf 80' lang='lat' dir='ltr'><strong>secularibus</strong></span> <span class='ocrx_word' id='word_1_208' title='bbox 624 1982 649 2018; x_wconf 89' lang='lat' dir='ltr'><strong>se</strong></span> <span class='ocrx_word' id='word_1_209' title='bbox 671 1971 812 2031; x_wconf 79' lang='lat' dir='ltr'><strong>absdoesut,</strong></span> 
     </span>
     <span class='ocr_line' id='line_1_27' title="bbox 35 2036 813 2110; baseline 0 -17"><span class='ocrx_word' id='word_1_210' title='bbox 35 2036 96 2092; x_wconf 66' lang='lat' dir='ltr'><strong>*tribus</strong></span> <span class='ocrx_word' id='word_1_211' title='bbox 105 2040 159 2094; x_wconf 75' lang='lat' dir='ltr'><strong>liciti</strong></span> <span class='ocrx_word' id='word_1_212' title='bbox 170 2045 205 2094; x_wconf 88' lang='lat' dir='ltr'><strong>uti</strong></span> <span class='ocrx_word' id='word_1_213' title='bbox 215 2044 339 2109; x_wconf 77' lang='lat' dir='ltr'><strong>poterent,</strong></span> <span class='ocrx_word' id='word_1_214' title='bbox 354 2041 382 2090; x_wconf 90' lang='lat' dir='ltr'><strong>ad</strong></span> <span class='ocrx_word' id='word_1_215' title='bbox 397 2041 511 2110; x_wconf 14' lang='lat' dir='ltr'><strong>boqundd</strong></span> <span class='ocrx_word' id='word_1_216' title='bbox 523 2040 615 2091; x_wconf 89' lang='lat' dir='ltr'><strong>liberios</strong></span> <span class='ocrx_word' id='word_1_217' title='bbox 627 2042 776 2104; x_wconf 77' lang='lat' dir='ltr'><strong>bromtoni,</strong></span> <span class='ocrx_word' id='word_1_218' title='bbox 789 2041 813 2092; x_wconf 90' lang='lat' dir='ltr'><strong>in</strong></span> 
     </span>
     <span class='ocr_line' id='line_1_28' title="bbox 35 2112 814 2181; baseline -0.004 -14"><span class='ocrx_word' id='word_1_219' title='bbox 35 2118 66 2165; x_wconf 83' lang='lat' dir='ltr'><strong>loo</strong></span> <span class='ocrx_word' id='word_1_220' title='bbox 77 2113 165 2167; x_wconf 75' lang='lat' dir='ltr'><strong>torsisti</strong></span> <span class='ocrx_word' id='word_1_221' title='bbox 180 2114 297 2181; x_wconf 78' lang='lat' dir='ltr'><strong>perfectio</strong></span> <span class='ocrx_word' id='word_1_222' title='bbox 314 2112 436 2177; x_wconf 81' lang='lat' dir='ltr'><strong>presentis</strong></span> <span class='ocrx_word' id='word_1_223' title='bbox 454 2112 517 2163; x_wconf 84' lang='lat' dir='ltr'><strong>vite.</strong></span> <span class='ocrx_word' id='word_1_224' title='bbox 537 2112 601 2162; x_wconf 89' lang='lat' dir='ltr'><strong>Unde</strong></span> <span class='ocrx_word' id='word_1_225' title='bbox 618 2113 739 2178; x_wconf 79' lang='lat' dir='ltr'><strong>llioopsius</strong></span> <span class='ocrx_word' id='word_1_226' title='bbox 758 2113 814 2164; x_wconf 86' lang='lat' dir='ltr'><strong>dicit</strong></span> 
     </span>
     <span class='ocr_line' id='line_1_29' title="bbox 36 2183 816 2248; baseline -0.005 -9"><span class='ocrx_word' id='word_1_227' title='bbox 36 2191 70 2239; x_wconf 70' lang='lat' dir='ltr'><strong>ep,</strong></span> <span class='ocrx_word' id='word_1_228' title='bbox 78 2183 106 2232; x_wconf 83' lang='lat' dir='ltr'><strong>ll,</strong></span> <span class='ocrx_word' id='word_1_229' title='bbox 119 2189 205 2238; x_wconf 77' lang='lat' dir='ltr'><strong>flectes.</strong></span> <span class='ocrx_word' id='word_1_230' title='bbox 221 2185 374 2244; x_wconf 70' lang='lat' dir='ltr'><strong>Hierorcd„</strong></span> <span class='ocrx_word' id='word_1_231' title='bbox 389 2185 418 2234; x_wconf 91' lang='lat' dir='ltr'><strong>de</strong></span> <span class='ocrx_word' id='word_1_232' title='bbox 429 2183 539 2248; x_wconf 81' lang='lat' dir='ltr'><strong>religiosis</strong></span> <span class='ocrx_word' id='word_1_233' title='bbox 553 2184 666 2248; x_wconf 87' lang='lat' dir='ltr'><strong>loquens:</strong></span> <span class='ocrx_word' id='word_1_234' title='bbox 683 2185 752 2236; x_wconf 83' lang='lat' dir='ltr'><strong>«biii</strong></span> <span class='ocrx_word' id='word_1_235' title='bbox 764 2185 816 2248; x_wconf 85' lang='lat' dir='ltr'><strong>qni-</strong></span> 
     </span>
     <span class='ocr_line' id='line_1_30' title="bbox 48 2255 814 2324; baseline 0.012 -24"><span class='ocrx_word' id='word_1_236' title='bbox 48 2265 71 2297; x_wconf 84' lang='lat' dir='ltr'><strong>m</strong></span> <span class='ocrx_word' id='word_1_237' title='bbox 83 2255 231 2324; x_wconf 72' lang='lat' dir='ltr'><strong>therapeutas</strong></span> <span class='ocrx_word' id='word_1_238' title='bbox 242 2260 283 2322; x_wconf 92' lang='lat' dir='ltr'><strong>(id</strong></span> <span class='ocrx_word' id='word_1_239' title='bbox 299 2261 348 2319; x_wconf 88' lang='lat' dir='ltr'><strong>est,</strong></span> <span class='ocrx_word' id='word_1_240' title='bbox 364 2256 409 2307; x_wconf 88' lang='lat' dir='ltr'><strong>Dei</strong></span> <span class='ocrx_word' id='word_1_241' title='bbox 424 2255 534 2315; x_wconf 74' lang='lat' dir='ltr'><strong>famulos)</strong></span> <span class='ocrx_word' id='word_1_242' title='bbox 548 2269 579 2306; x_wconf 83' lang='lat' dir='ltr'><strong>ex</strong></span> <span class='ocrx_word' id='word_1_243' title='bbox 590 2262 648 2320; x_wconf 87' lang='lat' dir='ltr'><strong>puro</strong></span> <span class='ocrx_word' id='word_1_244' title='bbox 668 2257 707 2308; x_wconf 85' lang='lat' dir='ltr'><strong>[tei</strong></span> <span class='ocrx_word' id='word_1_245' title='bbox 721 2257 814 2309; x_wconf 85' lang='lat' dir='ltr'><strong>servitio</strong></span> 
     </span>
     <span class='ocr_line' id='line_1_31' title="bbox 41 2323 814 2394; baseline 0.016 -30"><span class='ocrx_word' id='word_1_246' title='bbox 41 2323 160 2394; x_wconf 65' lang='lat' dir='ltr'><strong>fttrmolatu3</strong></span> <span class='ocrx_word' id='word_1_247' title='bbox 173 2333 212 2382; x_wconf 85' lang='lat' dir='ltr'><strong>alii</strong></span> <span class='ocrx_word' id='word_1_248' title='bbox 229 2343 289 2383; x_wconf 86' lang='lat' dir='ltr'><strong>vero</strong></span> <span class='ocrx_word' id='word_1_249' title='bbox 303 2329 426 2378; x_wconf 81' lang='lat' dir='ltr'><strong>monachos</strong></span> <span class='ocrx_word' id='word_1_250' title='bbox 440 2327 504 2390; x_wconf 90' lang='lat' dir='ltr'><strong>ipsos</strong></span> <span class='ocrx_word' id='word_1_251' title='bbox 518 2327 652 2387; x_wconf 82' lang='lat' dir='ltr'><strong>nominant,</strong></span> <span class='ocrx_word' id='word_1_252' title='bbox 666 2340 694 2377; x_wconf 83' lang='lat' dir='ltr'><strong>en</strong></span> <span class='ocrx_word' id='word_1_253' title='bbox 708 2327 814 2378; x_wconf 83' lang='lat' dir='ltr'><strong>indivisi·</strong></span> 
     </span>
     <span class='ocr_line' id='line_1_32' title="bbox 44 2395 817 2466; baseline 0 -16"><span class='ocrx_word' id='word_1_254' title='bbox 44 2395 67 2436; x_wconf 76' lang='lat' dir='ltr'><strong>nt</strong></span> <span class='ocrx_word' id='word_1_255' title='bbox 79 2402 208 2466; x_wconf 76' lang='lat' dir='ltr'><strong>tloingnlsri</strong></span> <span class='ocrx_word' id='word_1_256' title='bbox 227 2403 281 2452; x_wconf 86' lang='lat' dir='ltr'><strong>vita</strong></span> <span class='ocrx_word' id='word_1_257' title='bbox 302 2400 397 2450; x_wconf 83' lang='lat' dir='ltr'><strong>uniente</strong></span> <span class='ocrx_word' id='word_1_258' title='bbox 416 2399 478 2462; x_wconf 87' lang='lat' dir='ltr'><strong>ipsos</strong></span> <span class='ocrx_word' id='word_1_259' title='bbox 493 2413 522 2449; x_wconf 84' lang='lat' dir='ltr'><strong>er</strong></span> <span class='ocrx_word' id='word_1_260' title='bbox 541 2399 712 2450; x_wconf 84' lang='lat' dir='ltr'><strong>indivisibilium</strong></span> <span class='ocrx_word' id='word_1_261' title='bbox 729 2400 817 2450; x_wconf 87' lang='lat' dir='ltr'><strong>sanctis</strong></span> 
     </span>
     <span class='ocr_line' id='line_1_33' title="bbox 47 2469 818 2540; baseline 0.013 -28"><span class='ocrx_word' id='word_1_262' title='bbox 47 2469 201 2527; x_wconf 71' lang='lat' dir='ltr'><strong>ttorrlotiooibns</strong></span> <span class='ocrx_word' id='word_1_263' title='bbox 212 2477 221 2540; x_wconf 93' lang='lat'>(</span> <span class='ocrx_word' id='word_1_264' title='bbox 234 2475 257 2526; x_wconf 91' lang='lat' dir='ltr'><strong>id</strong></span> <span class='ocrx_word' id='word_1_265' title='bbox 271 2478 310 2525; x_wconf 86' lang='lat' dir='ltr'><strong>est</strong></span> <span class='ocrx_word' id='word_1_266' title='bbox 321 2470 566 2534; x_wconf 83' lang='lat' dir='ltr'><strong>contemplationibus)</strong></span> <span class='ocrx_word' id='word_1_267' title='bbox 574 2473 602 2521; x_wconf 86' lang='lat' dir='ltr'><strong>ad</strong></span> <span class='ocrx_word' id='word_1_268' title='bbox 613 2473 754 2522; x_wconf 76' lang='lat' dir='ltr'><strong>[triformem</strong></span> <span class='ocrx_word' id='word_1_269' title='bbox 764 2471 818 2522; x_wconf 90' lang='lat' dir='ltr'><strong>uui·</strong></span> 
     </span>
     <span class='ocr_line' id='line_1_34' title="bbox 46 2539 816 2609; baseline 0.029 -35"><span class='ocrx_word' id='word_1_270' title='bbox 46 2539 110 2592; x_wconf 53' lang='lat' dir='ltr'><strong>:staffort</strong></span> <span class='ocrx_word' id='word_1_271' title='bbox 120 2550 239 2600; x_wconf 86' lang='lat' dir='ltr'><strong>amabilem</strong></span> <span class='ocrx_word' id='word_1_272' title='bbox 251 2550 302 2598; x_wconf 86' lang='lat' dir='ltr'><strong>Deo</strong></span> <span class='ocrx_word' id='word_1_273' title='bbox 316 2543 495 2609; x_wconf 88' lang='lat' dir='ltr'><strong>perfectionem.</strong></span> <span class='ocrx_word' id='word_1_274' title='bbox 508 2560 520 2589; x_wconf 81' lang='lat' dir='ltr'><strong>n</strong></span> <span class='ocrx_word' id='word_1_275' title='bbox 533 2544 616 2593; x_wconf 84' lang='lat' dir='ltr'><strong>Horum</strong></span> <span class='ocrx_word' id='word_1_276' title='bbox 627 2544 696 2594; x_wconf 81' lang='lat' dir='ltr'><strong>etism</strong></span> <span class='ocrx_word' id='word_1_277' title='bbox 710 2544 816 2608; x_wconf 80' lang='lat' dir='ltr'><strong>obligatio</strong></span> 
     </span>
     <span class='ocr_line' id='line_1_35' title="bbox 46 2609 814 2680; baseline 0.027 -34"><span class='ocrx_word' id='word_1_278' title='bbox 46 2609 59 2647; x_wconf 76' lang='lat' dir='ltr'><strong>t</strong></span> <span class='ocrx_word' id='word_1_279' title='bbox 67 2620 195 2680; x_wconf 70' lang='lat' dir='ltr'><strong>proquodam</strong></span> <span class='ocrx_word' id='word_1_280' title='bbox 208 2618 362 2670; x_wconf 82' lang='lat' dir='ltr'><strong>solemnitate</strong></span> <span class='ocrx_word' id='word_1_281' title='bbox 372 2613 522 2680; x_wconf 80' lang='lat' dir='ltr'><strong>professionis</strong></span> <span class='ocrx_word' id='word_1_282' title='bbox 535 2618 559 2664; x_wconf 91' lang='lat' dir='ltr'><strong>et</strong></span> <span class='ocrx_word' id='word_1_283' title='bbox 568 2615 814 2667; x_wconf 84' lang='lat' dir='ltr'><strong>benedictionisllnde</strong></span> 
     </span>
     <span class='ocr_line' id='line_1_36' title="bbox 45 2676 815 2752; baseline 0 -16"><span class='ocrx_word' id='word_1_284' title='bbox 45 2676 123 2738; x_wconf 56' lang='lat' dir='ltr'><strong>ditiorem</strong></span> <span class='ocrx_word' id='word_1_285' title='bbox 141 2692 219 2742; x_wconf 86' lang='lat' dir='ltr'><strong>subdit</strong></span> <span class='ocrx_word' id='word_1_286' title='bbox 235 2687 366 2752; x_wconf 75' lang='lat' dir='ltr'><strong>Dionysius</strong></span> <span class='ocrx_word' id='word_1_287' title='bbox 384 2701 390 2734; x_wconf 90' lang='lat'>:</span> <span class='ocrx_word' id='word_1_288' title='bbox 405 2702 419 2732; x_wconf 91' lang='lat'>«</span> <span class='ocrx_word' id='word_1_289' title='bbox 435 2687 528 2750; x_wconf 88' lang='lat' dir='ltr'><strong>Propter</strong></span> <span class='ocrx_word' id='word_1_290' title='bbox 548 2688 608 2749; x_wconf 88' lang='lat' dir='ltr'><strong>qood</strong></span> <span class='ocrx_word' id='word_1_291' title='bbox 626 2687 815 2751; x_wconf 88' lang='lat' dir='ltr'><strong>perfectissimam</strong></span> 
     </span>
     <span class='ocr_line' id='line_1_37' title="bbox 45 2749 891 2827; baseline 0.006 -26"><span class='ocrx_word' id='word_1_292' title='bbox 45 2749 153 2812; x_wconf 62' lang='lat' dir='ltr'><strong>&gt;itidemne</strong></span> <span class='ocrx_word' id='word_1_293' title='bbox 166 2764 268 2827; x_wconf 79' lang='lat' dir='ltr'><strong>gratiam</strong></span> <span class='ocrx_word' id='word_1_294' title='bbox 291 2762 373 2810; x_wconf 84' lang='lat' dir='ltr'><strong>sancta</strong></span> <span class='ocrx_word' id='word_1_295' title='bbox 391 2755 517 2820; x_wconf 83' lang='lat' dir='ltr'><strong>legislatio,</strong></span> <span class='ocrx_word' id='word_1_296' title='bbox 530 2759 627 2820; x_wconf 87' lang='lat' dir='ltr'><strong>quadam</strong></span> <span class='ocrx_word' id='word_1_297' title='bbox 646 2757 708 2821; x_wconf 90' lang='lat' dir='ltr'><strong>ipsos</strong></span> <span class='ocrx_word' id='word_1_298' title='bbox 723 2756 816 2819; x_wconf 79' lang='lat' dir='ltr'><strong>dignata</strong></span> <span class='ocrx_word' id='word_1_299' title='bbox 886 2780 891 2793; x_wconf 92' lang='lat'>·</span> 
     </span>
     <span class='ocr_line' id='line_1_38' title="bbox 47 2826 814 2894; baseline 0.001 -20"><span class='ocrx_word' id='word_1_300' title='bbox 47 2826 211 2886; x_wconf 59' lang='lat' dir='ltr'><strong>*isnrtilicetisa</strong></span> <span class='ocrx_word' id='word_1_301' title='bbox 226 2831 393 2884; x_wconf 84' lang='lat' dir='ltr'><strong>invocatione.</strong></span> <span class='ocrx_word' id='word_1_302' title='bbox 407 2845 419 2874; x_wconf 86' lang='lat' dir='ltr'><strong>o</strong></span> <span class='ocrx_word' id='word_1_303' title='bbox 439 2828 548 2878; x_wconf 86' lang='lat' dir='ltr'><strong>Similiter</strong></span> <span class='ocrx_word' id='word_1_304' title='bbox 558 2829 627 2879; x_wconf 87' lang='lat' dir='ltr'><strong>etiam</strong></span> <span class='ocrx_word' id='word_1_305' title='bbox 641 2828 743 2894; x_wconf 88' lang='lat' dir='ltr'><strong>episcopi</strong></span> <span class='ocrx_word' id='word_1_306' title='bbox 755 2826 814 2878; x_wconf 91' lang='lat' dir='ltr'><strong>obli-</strong></span> 
     </span>
     <span class='ocr_line' id='line_1_39' title="bbox 45 2897 813 2972; baseline -0.008 -20"><span class='ocrx_word' id='word_1_307' title='bbox 45 2898 80 2944; x_wconf 68' lang='lat' dir='ltr'><strong>gam</strong></span> <span class='ocrx_word' id='word_1_308' title='bbox 87 2912 103 2949; x_wconf 76' lang='lat' dir='ltr'><strong>s</strong></span> <span class='ocrx_word' id='word_1_309' title='bbox 111 2905 134 2956; x_wconf 83' lang='lat' dir='ltr'><strong>rt</strong></span> <span class='ocrx_word' id='word_1_310' title='bbox 140 2919 166 2958; x_wconf 85' lang='lat' dir='ltr'><strong>ee</strong></span> <span class='ocrx_word' id='word_1_311' title='bbox 175 2920 229 2972; x_wconf 82' lang='lat' dir='ltr'><strong>que</strong></span> <span class='ocrx_word' id='word_1_312' title='bbox 241 2909 301 2957; x_wconf 86' lang='lat' dir='ltr'><strong>suut</strong></span> <span class='ocrx_word' id='word_1_313' title='bbox 308 2899 459 2969; x_wconf 88' lang='lat' dir='ltr'><strong>perfectionis</strong></span> <span class='ocrx_word' id='word_1_314' title='bbox 469 2937 475 2963; x_wconf 88' lang='lat'><strong><em>,</em></strong></span> <span class='ocrx_word' id='word_1_315' title='bbox 485 2901 599 2964; x_wconf 84' lang='lat' dir='ltr'><strong>pastorale</strong></span> <span class='ocrx_word' id='word_1_316' title='bbox 610 2905 752 2951; x_wconf 61' lang='lat' dir='ltr'><strong>monentes</strong></span> <span class='ocrx_word' id='word_1_317' title='bbox 763 2897 813 2948; x_wconf 87' lang='lat' dir='ltr'><strong>offi-</strong></span> 
     </span>
    </p>
   </div>
   <div class='ocr_carea' id='block_1_5' title="bbox 0 0 971 3317">
    <p class='ocr_par' dir='ltr' id='par_1_8' title="bbox 0 0 971 3317">
     <span class='ocr_line' id='line_1_40' title="bbox 0 0 971 3317; baseline 0 0"><span class='ocrx_word' id='word_1_318' title='bbox 0 0 971 3317; x_wconf 95' lang='lat' dir='ltr'><strong> </strong></span> 
     </span>
    </p>
   </div>
  </div>
 </body>
</html>
