1917 3317
92 169 96 176 .
147 131 194 184 stt
226 143 733 196 sscnrnssnensnn,ou1sr.cnmrn‚
750 143 804 184 aar.
821 144 850 182 ι.

148 222 319 287 conjudices,
327 221 418 286 quidam
431 221 554 275 doctores,
565 226 589 272 ct
600 221 634 272 sic
646 222 674 272 de
682 220 860 284 aliis,sccundiru
867 211 891 264 tlt*

148 294 265 358 Apostoli,
281 295 301 343 Ι,
322 292 357 342 od
371 293 441 353 Cor„
453 293 497 344 llll
515 309 522 344 :
538 311 552 342 u
566 293 591 343 Si
608 297 683 344 totum
700 307 782 359 corpus
793 293 875 352 ocutus,
890 303 897 325 ⁸·

149 364 257 416 ruditus?
271 364 326 414 etsi
340 367 413 414 toturn
428 365 531 426 nuditus,
547 365 586 415 ubi
599 365 722 416 odormusl
735 369 801 416 etc.»
909 377 915 396 ⁴

181 436 215 485 ld
234 437 359 486 secundum
377 436 511 498 dicendum,
522 435 584 502 qnod
595 437 674 488 Glossu
690 436 729 487 ills
743 436 835 487 sumitur
845 433 868 485 ab
879 416 915 479 b³¹

150 508 240 572 gnstino
251 509 275 558 in
290 507 330 558 lib.
345 507 506 573 Deoperibue
516 509 690 558 Monoetoruua
708 512 773 573 (cap.
786 510 843 570 11),
856 506 875 554 in
888 504 919 579 as

149 577 251 644 loquitur
263 583 341 629 contra
353 580 478 630 monachos
491 579 616 644 quosdam,
628 579 667 644 qui
680 580 786 630 dicebant
799 569 916 630 noncessit

150 649 221 700 citum
235 651 307 702 serris
321 651 360 700 llei
372 651 475 701 cruribus
489 651 590 714 operari,
606 656 698 715 propter
711 653 756 702 boc
769 652 826 715 qnod
836 644 924 743 bonius>

150 720 212 785 dicit,
224 722 325 783 nasto,
335 723 366 772 tlt
378 739 384 771 ε
398 723 457 773 ulle
468 721 559 774 solliciti
568 723 617 772 sitis
627 724 709 774 anison
719 728 800 776 resne
813 721 863 787 quid
874 724 925 801 nra,

151 791 248 844 ducetis.
266 812 279 842 u
293 795 341 846 Nec
353 799 429 846 tamen
439 808 482 858 per
494 796 545 845 hec
560 797 628 846 uerba
641 795 753 846 inducitur
761 795 876 846 necessitas
884 783 924 836 ot:

152 863 221 928 giosis
237 865 341 917 munibus
354 865 478 930 operandi,
491 866 512 916 si
524 866 609 917 babent
623 866 712 917 aliunde
730 868 790 918 uude
802 867 874 916 uivere
885 862 926 924 poe

152 936 206 986 sint.
223 939 286 997 Quod
300 941 364 1002 patet
376 952 417 1003 per
428 939 471 990 hoc
485 939 545 1004 quod
558 937 647 988 subdit:
659 954 672 984 a
685 938 740 988 tuit
752 949 827 990 seruos
839 936 920 988 deicit·

152 1008 258 1073 penaliter
267 1009 368 1075 operari,
379 1009 559 1060 undeviceni.»
569 1009 616 1059 lloe
626 1013 699 1059 summ
712 1022 760 1059 non
768 1010 838 1072 magis
846 1003 921 1081 pertinet

153 1080 181 1130 ad
192 1081 308 1145 religiosos
322 1081 389 1146 culm
397 1083 425 1132 ad
433 1082 568 1146 seculares3
579 1082 639 1146 quod
651 1085 715 1146 petet
723 1095 752 1131 ex
761 1081 847 1132 duobus
857 1076 922 1143 :print

153 1151 257 1216 quidem,
268 1168 297 1204 en
309 1152 358 1218 ipso
369 1155 435 1205 modo
444 1153 559 1218 loquendi,
574 1166 619 1216 qno
634 1153 755 1217 spostolus
765 1152 835 1203 utitur
848 1152 921 1203 dicem:

155 1241 169 1274 u
183 1225 217 1275 Ut·
226 1225 363 1276 subtrebatis
376 1239 417 1276 uos
432 1226 460 1276 ab
472 1225 535 1276 omni
551 1225 621 1274 trube
634 1225 763 1276 ambulante
776 1220 907 1276 inordinate:
917 1233 930 1259 ¹¹·

153 1296 234 1347 iratres
243 1298 303 1347 enim
315 1310 393 1348 omnes
401 1297 541 1348 Christianos
554 1300 633 1359 uocat,
643 1296 743 1358 nondum
755 1297 813 1348 enim
822 1299 884 1347 erent
892 1298 931 1340 tuti.

153 1367 262 1432 temporis
275 1367 309 1434 (l)
328 1368 447 1431 religiones
459 1368 576 1419 institutas.
587 1367 693 1418 Secundo
700 1405 709 1432 ‚
722 1369 775 1432 quia
790 1366 887 1433 religiosi
898 1372 927 1411 ros

154 1441 260 1489 tenentur
273 1441 301 1489 ad
314 1439 358 1489 alia
371 1439 437 1503 quim
452 1441 584 1501 seculares,
602 1439 646 1489 nisi
661 1443 753 1504 propter
766 1440 849 1502 regule
862 1435 932 1503 proies-

155 1510 242 1563 sionem
257 1528 263 1562 2
283 1514 306 1562 et
319 1511 370 1561 ideo
385 1512 403 1562 si
416 1511 440 1560 in
451 1512 541 1562 statutis
552 1512 635 1576 regule
651 1524 697 1562 uon
712 1513 854 1563 contineatur
866 1504 933 1571 aliquit

155 1584 183 1635 de
199 1597 266 1648 opere
280 1583 392 1644 mannuli,
403 1597 449 1634 non
459 1587 566 1634 tenentur
576 1583 641 1634 aliter
655 1585 833 1648 adoperandum
846 1581 934 1634 monitu

154 1657 255 1719 religiosi
270 1655 337 1720 qutun
350 1655 477 1707 seculares.

187 1729 220 1778 sd
233 1731 325 1778 tertium
338 1729 473 1791 dicendum,
486 1727 547 1792 qubd
558 1726 662 1779 omnbus
672 1727 718 1778 illis
729 1727 836 1793 operibns
848 1726 932 1793 spiritu

156 1799 215 1850 libus
228 1814 278 1864 qne
290 1801 321 1851 ibi
336 1800 409 1864 tangit
420 1801 569 1864 Augustinus,
579 1803 653 1864 potest
670 1799 752 1864 uliquis
765 1813 846 1850 uacare
858 1798 933 1864 duplic

156 1875 204 1922 ter:
217 1886 262 1923 uno
275 1873 354 1936 modo,
369 1873 433 1936 qussi
444 1872 573 1923 deserviens
583 1871 676 1921 utilitati
683 1871 868 1934 communi3alio
879 1869 933 1920 modo

173 1943 222 1992 nasi
237 1943 346 1994 insistens
361 1945 454 1995 utilitati
467 1944 570 2008 private.
588 1943 624 1993 lili
641 1957 695 2007 ergo
709 1943 749 2008 qui
765 1943 880 2007 praedictis
896 1951 933 2004 ops

192 2027 218 2064 us
229 2014 383 2079 spiritualibus
395 2015 486 2081 publice
503 2019 587 2065 uacant
594 2053 603 2079 ‚
617 2021 755 2065 excusantur
767 2029 810 2079 per
822 2016 933 2080 hujusmo

158 2099 227 2150 opera
247 2087 372 2152 spiritualia
392 2091 419 2140 ab
433 2101 502 2153 opere
521 2086 634 2149 manuali,
649 2087 735 2151 duplici
755 2088 842 2138 ratione
859 2102 865 2137 r
882 2085 933 2150 priu

157 2158 257 2222 quidem,
273 2159 325 2223 quia
339 2163 426 2224 oportet
437 2151 477 2212 eo's
488 2160 585 2210 totaliter
601 2171 653 2209 esse
664 2161 786 2228 occupatos
800 2159 861 2208 cbcu
875 2157 933 2220 huju

158 2229 221 2282 modi
234 2244 318 2296 opera;
334 2232 448 2296 secunde,
459 2236 512 2296 quia
521 2231 651 2296 husjusmodi
664 2243 734 2296 opera
745 2231 905 2281 exercentibus
920 2229 932 2276 d

157 2303 223 2354 betur
235 2303 415 2356 subministratio
429 2304 503 2356 uictis
514 2303 541 2354 ab
549 2302 585 2352 bis
597 2316 693 2366 quorum
705 2301 798 2352 utilitati
813 2301 934 2352 desertius

159 2373 194 2424 llli
212 2373 265 2424 vero
279 2374 318 2437 qoi
330 2375 443 2439 predictis
456 2374 562 2439 operibns
575 2386 622 2424 non
636 2374 701 2438 quasi
713 2373 822 2438 publicis,
837 2375 879 2426 sed
893 2385 933 2436 qu:

158 2445 255 2510 privatis
269 2451 367 2510 uacant,
379 2459 424 2497 uon
441 2450 530 2510 oportet
541 2445 603 2509 qudd
614 2457 655 2509 per
665 2445 796 2508 hujusmodi
805 2457 875 2508 opere
890 2444 933 2494 dn

159 2517 265 2570 noctibus
282 2521 386 2582 operibus
400 2520 570 2582 abstrahantnr3
584 2531 628 2568 nec
642 2517 710 2569 etiam
724 2519 750 2567 lrt
767 2517 802 2568 eis
816 2517 925 2567 debiturn

159 2589 188 2640 de
202 2589 322 2655 stipendiis
334 2591 433 2642 fidelium
453 2591 541 2641 uiuant.
556 2592 585 2640 st
599 2591 626 2640 de
639 2590 723 2640 talibus
739 2590 840 2652 loquitur
855 2592 934 2650 lngus

159 2673 218 2724 nus3
234 2663 293 2726 qnod
302 2663 364 2714 enim
376 2662 445 2714 dicit:
460 2680 473 2709 o
482 2661 575 2713 Cantica
584 2661 660 2712 divina
675 2664 765 2711 uenture
775 2661 846 2712 etiam
858 2661 934 2710 munit

160 2741 279 2797 operantes
287 2739 381 2800 possunt
390 2773 397 2798 ,
406 2735 510 2799 exemplo
521 2733 625 2797 opiticum
635 2772 642 2796 ,
651 2734 691 2798 qui
700 2732 783 2783 tabulis
794 2733 887 2798 linguas
898 2733 932 2781 da

160 2817 213 2854 curn
227 2810 302 2857 brnen
316 2807 418 2857 maribus
432 2805 460 2855 ab
473 2818 542 2869 opere
555 2818 601 2855 non
613 2807 730 2868 recedunt,
743 2821 757 2852 s
769 2805 924 2856 menifestum

161 2876 221 2946 subd
233 2892 278 2931 non
287 2882 362 2944 potest
372 2877 469 2942 intelligi
479 2878 509 2929 dc
517 2877 554 2930 tris
564 2878 605 2940 uni
614 2878 683 2930 boras
693 2876 815 2930 cunonicm
829 2878 857 2931 in
867 2878 934 2929 eccle

402 3003 414 3057 t
