1917 3317
230 182 264 219 nn
279 180 425 219 stcnnnorro
440 182 544 222 cunone
743 170 791 222 5³⁹

57 268 84 305 ros
94 254 136 320 ipse
150 256 265 323 portarit.
280 273 294 304 u
309 256 374 308 Unde
385 262 450 323 patet
465 258 530 324 qudd
541 259 627 310 Christi
639 261 791 314 secerdotium

55 339 65 373 r
80 329 156 390 plenam
176 328 230 379 vim
245 328 353 392 expiandi
366 334 470 393 peccate,

55 398 63 443 t
75 399 155 460 prinum
170 414 231 463 ergo
247 399 384 461 dicendum,
402 398 461 465 quod
479 401 534 451 licet
544 402 649 453 Christus
663 416 708 453 non
722 402 794 453 fuerit

57 470 93 519 rus
111 472 236 523 sccunddrn
259 472 319 535 quod
339 471 414 535 Dens,
430 472 471 522 sed
484 474 607 523 secundum
622 475 680 537 quod
704 474 793 538 honre,

55 546 133 593 ›truen
149 549 171 595 et
191 544 258 593 idem
277 542 322 591 fuit
337 542 442 595 sacerdos
453 548 477 595 et
490 546 561 595 Deus.
578 546 643 595 Unde
656 545 681 595 in
700 546 793 609 synodo

58 626 108 672 usyro
119 615 203 679 legitur
217 631 225 665 c
236 632 251 663 «
262 614 288 663 Si
299 615 353 679 quis
361 616 496 666 Pontificem
510 619 535 667 et
545 617 680 679 Apostolum
691 623 794 667 nostrum

57 696 77 728 rr
89 684 149 750 dicit,
162 698 214 737 non
226 684 306 751 ipsum
325 696 355 734 ex
367 686 416 737 Deo
431 686 541 749 veroum,
556 689 646 751 quaudo
660 687 794 739 factumest

55 758 229 809 uescendum
249 768 294 807 nos
312 756 396 819 horno,
415 758 456 807 sed
473 762 583 821 tanquam
596 760 691 809 arcemn
709 761 795 822 preter

55 850 56 867 2
67 839 148 879 norrun
157 828 284 880 hominem
302 839 331 877 ex
343 828 446 892 muliere,
457 830 579 879 anathema
593 828 631 880 eit.
642 846 657 877 o
668 830 697 879 Et
705 829 758 881 ideo
768 830 795 881 in

62 907 96 945 fun
105 901 237 951 hnmanitas
248 898 301 963 ejus
312 899 445 962 operabatur
456 899 480 949 in
492 899 578 952 virtue
589 898 794 964 divinitatis‚iilud

55 972 117 1019 :niun
132 976 181 1023 erut
202 970 393 1021 efficacissimum
413 970 442 1021 ad
462 970 560 1022 delenda
581 976 684 1035 peccota.
697 974 794 1037 Propter

55 1048 57 1079 t
71 1044 200 1106 ¹trrgustinus
213 1042 272 1093 dicit
285 1043 311 1092 in
327 1042 366 1093 IV.
381 1042 418 1093 De
433 1042 503 1093 Trio.
519 1059 528 1093 :
545 1061 560 1091 n
573 1044 603 1095 Ut
616 1044 723 1107 quonum
736 1058 794 1108 qua·

70 1115 234 1166 considerantur
253 1113 279 1163 in
299 1113 363 1163 omni
383 1114 508 1178 sacrificio,
527 1115 565 1165 cui
584 1114 707 1178 oderetur,
720 1115 735 1165 d
747 1128 793 1179 qno

69 1195 101 1246 tu,
113 1186 166 1250 quid
181 1184 304 1247 offeratur,
318 1198 359 1249 pro
371 1185 451 1249 quibus
462 1186 582 1248 offeratur3
593 1186 655 1235 idem
668 1186 719 1251 ipse
732 1200 794 1237 unus

70 1268 97 1315 pr
105 1258 228 1319 mediator,
242 1270 284 1320 per
298 1254 433 1307 sucrificium
445 1258 509 1321 pacis
521 1256 672 1307 reconcilians
684 1271 726 1308 nos
737 1259 794 1321 Deo,

64 1340 123 1377 trun
137 1328 177 1380 iilo
194 1330 304 1379 muneret
316 1365 323 1388 ‚
337 1327 374 1378 cui
387 1328 511 1393 offerebat,
527 1343 597 1379 unum
614 1329 638 1378 in
654 1342 679 1380 ee
699 1330 795 1395 tacent,

63 1398 267 1460 1rrirsofferebut,
282 1410 344 1447 uuus
359 1396 408 1461 ipse
422 1402 499 1461 esset,
514 1397 554 1461 qui
568 1398 678 1449 offerebat
692 1403 716 1448 et
734 1400 797 1462 quod

55 1475 126 1518 rect.»

71 1546 183 1595 secundnm
198 1542 333 1604 dicendum,
348 1540 408 1605 quod
418 1545 513 1605 peccata
527 1556 574 1592 non
587 1544 799 1596 commemorantur

66 1626 85 1661 rr
104 1615 168 1679 tege,
184 1620 284 1681 propter
298 1612 449 1663 inefficaciam
469 1614 592 1665 sacerdotii
617 1612 716 1676 Christi,
733 1612 799 1677 quusi

67 1699 119 1744 „orn
131 1702 179 1739 non
195 1686 341 1738 sufficienter
353 1686 474 1749 expientur
487 1689 594 1749 peccata3
604 1686 644 1735 sed
659 1698 798 1736 commemo-

55 1769 68 1800 r·
84 1763 188 1818 quantum
200 1760 232 1807 ad
246 1756 299 1807 illos
306 1755 346 1819 qui
359 1757 397 1806 ret
411 1758 463 1819 eJ'us
475 1756 580 1806 sacrificii
594 1756 674 1807 nolunt
683 1769 734 1807 esse
748 1769 799 1821 par-

99 1831 155 1879 sicnt
167 1833 229 1881 sunt
241 1826 347 1877 infideles
354 1863 362 1889 ,
374 1840 415 1891 pro
429 1840 525 1890 quorum
539 1827 640 1891 peccatis
653 1840 757 1887 oremus,
771 1830 799 1878 ut

70 1903 153 1964 retitur,
168 1901 209 1951 rel
224 1900 296 1949 etium
311 1903 419 1961 quantum
438 1900 464 1947 ad
480 1897 532 1948 illos
551 1898 591 1961 qui
608 1903 660 1962 post
675 1898 799 1962 participu-

55 1978 76 2014 ir
89 1971 152 2034 hujus
175 1970 305 2034 sacrificii,
321 1970 350 2019 ab
366 1982 393 2025 eo
409 1968 517 2031 deviant,
534 1970 729 2034 qualitercumque
742 1983 799 2033 pec·

55 2066 56 2071 κ
71 2077 75 2085 .
90 2042 230 2093 Sacrificium
245 2044 324 2091 eutem
338 2040 397 2103 quod
412 2040 512 2103 quotidie
531 2039 555 2087 in
574 2038 676 2089 Ecclesia
695 2040 799 2103 offertur,

65 2118 91 2157 uo
106 2114 165 2165 atiud
182 2111 300 2165 sacrificio
314 2112 373 2175 quod
388 2110 437 2174 ipse
455 2110 561 2161 Christus
575 2110 673 2174 obtulit,
688 2112 726 2161 sed
747 2111 800 2174 ejus

56 2194 57 2199 ’
70 2186 187 2249 enorati03
202 2184 266 2233 unde
281 2182 422 2245 Augustinus
431 2182 486 2232 dicit
498 2182 522 2231 in
534 2182 564 2231 X.
579 2182 615 2231 De
626 2183 739 2233 Ciuitate
753 2182 802 2232 Dei

59 2259 103 2315 fito}
118 2274 123 2306 :
136 2274 150 2305 u
164 2255 283 2307 Sacerdos
303 2254 353 2317 ipse
367 2252 472 2305 Christus
486 2253 585 2305 offerens
598 2252 648 2317 ipse
660 2257 684 2303 et
695 2253 799 2316 oblati05

55 2340 64 2365 r·
77 2328 102 2374 rei
112 2329 283 2377 sacramentum
297 2324 455 2389 quotidianum
476 2338 529 2375 esse
545 2324 619 2382 uoluit
639 2324 749 2375 Ecclesiae
764 2337 801 2375 sn-

72 2412 133 2447 ΗΠ.»

61 2472 169 2521 utentium
189 2468 333 2528 dicendum,
350 2468 411 2531 quod
436 2468 496 2519 sicut
516 2467 625 2531 Origenes
649 2466 705 2517 dicit
725 2481 802 2531 cuper

89 2542 136 2593 ticet
154 2543 250 2594 diversa
267 2538 373 2588 animalia
387 2539 412 2588 in
424 2540 496 2589 veteri
508 2541 558 2604 iege
569 2540 714 2603 offerrentur,
725 2538 803 2604 quoti·

67 2632 89 2658 in
100 2620 173 2665 tanen
186 2610 340 2671 sacrificiunt,
357 2611 418 2673 qnod
430 2610 568 2661 oflerebatur
584 2610 652 2660 mnne
660 2614 684 2662 et
697 2608 802 2673 vespere,

55 2692 57 2721 ἐ
78 2698 146 2749 unus,
167 2690 196 2735 ut
211 2683 312 2733 hebetur
325 2682 416 2738 Num„
431 2682 531 2733 xxvrss.
546 2682 611 2732 Unde
634 2682 803 2745 significabatur

76 2755 149 2808 »tutio
161 2754 221 2819 agni
232 2753 297 2815 veri,
308 2752 331 2802 id
345 2756 398 2815 est,
412 2752 509 2816 Christi,
520 2758 582 2803 esset
597 2753 731 2802 sacrificium
742 2763 800 2800 con-

55 2854 56 2857 *
77 2826 148 2879 rtrum
164 2827 274 2881 omniurn
302 2824 407 2873 aliorum.
428 2824 458 2876 Et
476 2824 528 2875 ideo
550 2827 633 2883 Joon„
653 2823 680 2886 1,
694 2822 802 2873 dicitur:

64 2908 87 2944 tc
96 2910 160 2963 agnus
174 2899 236 2962 Dei,
252 2895 293 2961 qui
308 2896 367 2948 toilit
376 2901 471 2963 peccota
485 2896 574 2949 mundi.
588 2913 603 2944 r>
