1917 3317
282 182 314 220 DE
329 180 396 221 tono
412 180 521 220 moltis.
756 175 804 220 275

288 366 453 418 ARTICULUS
469 368 508 417 lt.

60 486 181 534 Utrimuna
190 503 291 547 persono
308 494 385 549 possit
404 493 455 536 sine
472 494 523 537 olio
540 496 656 537 naturam
670 498 776 539 creatum

336 568 469 600 assumere.

58 674 91 722 dd
104 682 182 737 padum
201 682 233 731 sio
249 680 383 745 proceditur
393 681 439 746 (1).
455 682 550 732 Videtur
563 682 622 746 qndd
642 697 687 732 una
705 698 804 747 persona

51 760 72 825 sn
83 749 140 809 possit
148 764 250 805 assumere
264 758 370 803 naturam
384 757 483 803 creatam
496 754 540 803 alii
554 769 599 804 nou
611 762 752 805 assumente.
767 759 805 806 ln·

49 832 96 866 nisa
110 826 149 871 suut
160 824 214 874 euim
231 838 302 888 opera
310 824 438 887 Trinitatis,
452 829 476 875 ut
488 826 546 875 dicit
559 827 699 889 Augustinus
713 827 736 875 in
752 829 805 876 En-

52 894 94 946 irs
107 894 152 945 sion
166 899 224 948 enim
239 898 310 947 trium
327 910 474 960 personarum
492 904 527 947 est
540 912 586 947 una
603 900 717 959 essentia,
735 900 768 949 ita
781 904 805 949 et

50 979 60 1011 u
76 969 169 1029 opininio.
187 972 227 1020 Sed
240 983 358 1020 assumere
373 972 409 1019 est
423 971 526 1033 operatio
546 971 659 1031 quadam.
678 972 737 1033 Ergo
757 985 803 1021 non

45 1043 85 1086 :est
98 1042 204 1091 convenire
218 1041 260 1091 nni
277 1054 383 1106 personae
397 1041 492 1104 divina,
507 1042 561 1104 quin
574 1044 696 1092 conueniat
707 1042 755 1091 alii.

46 1120 66 1156 ι’.
86 1112 199 1174 eratum,
214 1114 276 1164 sient
295 1113 391 1163 dicimus
408 1126 529 1175 personam
549 1115 604 1162 Filii
626 1117 802 1167 incarnatum,

55 1186 73 1229 nt
85 1188 189 1247 usinum,
202 1191 248 1236 tota
260 1186 322 1236 euim
332 1184 412 1235 divina
426 1189 506 1234 natura
514 1186 539 1235 iu
553 1199 597 1234 nna
611 1200 703 1235 suerum
715 1188 801 1250 typos-1

61 1269 89 1300 nn
101 1256 209 1307 incarnata
219 1261 265 1318 est,
277 1260 304 1306 nt
313 1255 369 1305 dicit
380 1258 532 1305 damascenus
545 1257 569 1305 in
582 1256 621 1305 lib.
634 1258 672 1306 ut.
686 1261 753 1321 (cap.
766 1260 802 1318 6).

67 1332 135 1376 natura
147 1328 275 1378 communis
287 1330 324 1377 est
339 1327 413 1377 tribus
429 1328 544 1391 personis.
562 1330 621 1390 Ergo
635 1333 658 1377 et
669 1329 802 1391 assumptio.

44 1407 63 1444 t.
78 1401 190 1460 praterea,
206 1399 265 1451 sieut
274 1402 379 1453 humana
391 1403 471 1449 natura
482 1400 506 1448 iu
515 1400 605 1449 Christo
622 1404 736 1463 assumpta
747 1399 804 1449 esti

44 1488 67 1518 n.
85 1468 110 1518 its
122 1472 187 1521 etiam
202 1476 225 1521 et
243 1470 350 1521 homines
364 1482 406 1533 per
422 1470 517 1533 gratiam
539 1475 686 1519 assumuntur
700 1471 727 1518 an
741 1471 801 1533 ipso,

52 1539 122 1589 'ruditu
135 1542 189 1592 illud
211 1544 295 1599 Rom„
309 1541 380 1592 xlv:
399 1543 483 1591 «Deus
495 1541 559 1591 illum
575 1542 708 1605 assumpsit.
725 1557 739 1588 n
759 1543 802 1591 Sed

53 1628 56 1635 ·
70 1614 182 1677 assumptio
197 1614 348 1665 communiter
361 1614 462 1677 pertinet
477 1614 506 1663 ad
516 1626 596 1663 stannes
608 1628 726 1677 personas.
742 1614 801 1676 Ergo

47 1697 116 1734 ‚mun

40 1759 73 1804 nd
83 1763 155 1809 eontra
169 1762 219 1820 est,
235 1756 299 1822 qudd
313 1756 450 1821 dionysium
462 1756 493 1807 11.
504 1770 555 1821 cap.
567 1758 604 1807 Do
617 1757 670 1806 dio.
685 1758 801 1813 Nomia„

48 1831 159 1881 inustionis
177 1829 315 1894 mysterium
330 1829 385 1879 dicit
398 1829 513 1892 pertinere
528 1829 557 1878 ad
572 1830 693 1878 discretam
709 1829 802 1879 theolo-

50 1916 73 1961 [η
89 1902 212 1953 secundnm
230 1915 300 1967 quarn
320 1901 409 1952 scilieet
425 1900 510 1965 aliquid
530 1900 654 1951 distinctim
673 1901 754 1951 elicitur
773 1899 805 1951 de'

53 1988 80 2020 us
91 1976 204 2037 personis.

53 2044 384 2109 msonusro.-Assnmptio,
396 2043 448 2093 cium
468 2047 551 2109 prater
569 2042 706 2108 operationis
724 2046 800 2093 aetum

56 2120 91 2168 isus
109 2122 206 2171 denotet
222 2117 386 2181 assumptionis
398 2118 539 2176 terminum,
560 2129 589 2166 ex
610 2120 674 2179 parte
693 2115 803 2180 principii

52 2194 120 2243 ...inuis
139 2196 176 2242 est
200 2190 277 2239 tribus
302 2188 423 2253 personis,
449 2202 496 2240 non
519 2191 594 2238 antem
616 2201 645 2239 ex
665 2192 728 2251 parte
752 2192 803 2237 ter-

50 2336 157 2395 »spondeo
175 2332 302 2384 dicendum
310 2368 318 2395 ,
331 2330 391 2395 qnod
404 2330 482 2395 (sient
496 2330 580 2381 dietum
596 2335 630 2381 est
642 2330 661 2393 i,
676 2330 802 2393 assumptio

61 2410 173 2470 inportat,
188 2405 282 2457 scilieet
291 2406 369 2453 aetum
382 2403 520 2453 assumentis
529 2406 552 2451 et
562 2402 682 2452 terminum
692 2416 798 2464 assump-

50 2492 75 2524 n.
88 2482 155 2529 tetus
169 2482 251 2528 autem
269 2474 409 2525 assumentis
429 2475 530 2538 procedit
550 2487 580 2525 ex
601 2474 679 2524 divina
700 2473 801 2535 virtute,

65 2552 180 2601 numanis
191 2553 231 2601 est
243 2548 319 2597 trinus
330 2545 450 2611 personis3
465 2548 504 2596 sed
514 2547 624 2596 terminus
638 2545 803 2609 assumptionis

56 2631 150 2685 senuna,
166 2624 230 2673 sicut
241 2619 331 2670 dietum
340 2621 386 2669 est.
402 2618 431 2668 Et
443 2618 495 2668 iden
508 2618 532 2667 id
547 2618 608 2681 quod
620 2622 655 2668 est
664 2617 761 2668 aetionis
773 2618 799 2666 in

40 2696 293 2756 ·nnpione,communa
302 2695 338 2741 est
345 2690 417 2740 tribus
424 2690 589 2754 personis3sed
598 2690 622 2740 id
629 2691 690 2753 quod
700 2689 800 2753 pertinet

31 2782 40 2801 κ
53 2770 142 2818 renonem
152 2764 267 2827 termini,
281 2762 389 2813 convenit
401 2762 434 2813 ita
442 2762 484 2812 nni
494 2774 610 2826 persone,
622 2761 682 2824 quud
693 2773 740 2814 usn
754 2758 801 2808 alii.

56 2918 71 2975 ¹t
83 2922 235 2972 nanuum
249 2920 295 2979 ru,
305 2918 383 2969 sut..
396 2919 451 2965 um
462 2916 486 2979 1,
501 2931 542 2977 qn.
557 2918 581 2977 a,
593 2922 638 2964 au.
653 2915 677 2960 r.
