1917 3317
261 142 292 178 os
309 141 456 180 amisium
471 142 615 183 remulus.
658 171 670 193 ,
792 139 839 186 rso

83 213 117 264 Sed
128 219 200 268 contra
214 220 267 279 est,
278 217 339 282 guid
354 218 379 268 iu
392 219 488 270 Psalm.
499 221 567 272 XLIV
579 220 685 272 scribitur
694 223 723 274 ad
735 227 839 276 ornatum

55 286 127 349 regine
140 291 270 353 pertinere,
282 288 344 353 quod
353 290 383 342 sit
398 290 588 344 «cremamur
600 293 743 346 verietate.»

80 359 226 421 (Cosmusm.
236 389 269 400 -
276 363 329 412 Nou
341 375 386 412 uua
395 362 498 426 tantiam,
507 365 548 415 sed
558 365 627 419 vane
636 370 691 417 sunt
703 367 837 434 religiones,

55 429 132 482 dirersis
138 434 297 498 spiritualibus
310 434 422 485 exercitiis
429 439 454 485 et
464 436 580 501 clamatis
587 438 693 502 operibus
703 440 835 505 distincta).

77 503 201 567 despondeo
226 505 369 566 dicendum,
388 505 448 570 quod
465 507 524 558 sicut
543 521 573 558 ex
594 509 662 574 suprl
683 510 753 562 dictis
773 517 838 577 petet

54 575 94 635 (pn.
103 580 150 639 186,
158 581 202 628 erl.
211 583 236 641 7,
249 583 276 629 et
287 593 328 642 qu.
338 581 394 638 lat,
406 582 450 628 art.
460 579 493 642 l),
505 583 580 630 status·
590 582 709 644 religionis
717 588 752 633 est
765 586 837 648 quod-

53 645 97 693 dam
110 649 249 711 exercitium,
265 662 312 712 quo
327 649 408 712 niquis
421 654 537 701 exercetur
548 652 576 701 ad
589 653 751 716 perfectionem
763 657 838 708 chan·

52 718 107 766 talis.
114 719 165 769 Sunt
174 725 253 772 autem
263 721 355 772 diversa
366 722 482 773 eharitatis
495 736 576 788 opera,
586 723 670 788 quinus
678 727 746 778 lromo
756 742 838 780 vacare

51 793 126 853 potest3
139 797 191 842 sunt
213 793 284 844 etiam
303 793 388 844 diuersi
405 794 466 845 modi
486 795 654 846 exercitiorum.
670 798 699 846 Et
716 798 766 849 ideo
782 801 837 850 reli·

45 861 113 922 gloues
124 865 234 930 distingui
247 870 349 930 possunt
362 867 498 930 dupliciter:
512 882 558 920 uno
568 869 648 932 modo,
662 870 787 921 secundini
801 871 836 921 di-

44 936 161 988 ramleram
170 951 253 989 eorum
269 938 361 1002 adque
375 939 520 1002 ordinantur,
533 940 591 990 sicut
602 941 622 990 si
635 954 679 990 una
688 943 768 1004 religio
778 944 838 995 ordi·

44 1011 104 1056 netur
113 1011 139 1059 ad
149 1011 287 1075 peregrinos
298 1010 400 1074 hospitio
411 1011 578 1076 suscipiendos,
586 1019 610 1063 et
619 1013 664 1062 alia
673 1015 700 1063 ad
712 1013 837 1068 visitandos

40 1080 72 1128 acl
88 1082 231 1132 redimendos
245 1083 365 1146 captivos3
382 1083 425 1133 alio
436 1085 503 1134 modo
516 1088 592 1148 potest
605 1099 655 1136 esse
669 1085 787 1136 diuersitas
800 1102 838 1140 re·

38 1150 135 1210 ligionnm
152 1153 283 1205 secundini
303 1155 458 1206 diversitatem
474 1157 650 1218 exercitiorum,
665 1159 721 1221 puli
733 1159 793 1221 quod
812 1161 837 1210 in

39 1236 77 1271 uua
92 1225 201 1288 religione
217 1226 344 1290 castigatur
359 1241 441 1291 corpus
458 1241 499 1292 per
512 1228 662 1278 abstinentias
682 1229 796 1291 ciborum,
811 1231 836 1281 in

37 1294 75 1340 alia
85 1309 123 1358 per
135 1299 274 1349 exercitium
287 1311 382 1362 opernm
391 1301 538 1362 manualium,
550 1312 591 1364 per
601 1300 736 1362 nuditatem,
746 1306 784 1351 cut
795 1315 837 1365 per

40 1366 115 1427 aliquid
130 1371 192 1420 aliud
206 1371 354 1435 hujusmodi.
368 1371 413 1422 Sed
431 1371 485 1434 quia
499 1389 513 1420 ι(
529 1372 582 1422 linis
601 1376 636 1422 est
650 1373 795 1437 potissimum
811 1375 836 1424 in

39 1451 171 1506 unoquoque,
182 1459 196 1490 n
214 1444 290 1508 major
307 1447 344 1494 est
359 1444 492 1508 religionum
506 1444 627 1495 diuersitas
643 1459 693 1508 qua
713 1447 836 1498 attenditur

42 1514 154 1564 secundum
167 1516 277 1568 diversos
291 1517 359 1580 lines,
374 1518 401 1567 ad
412 1530 468 1580 quos
482 1518 604 1580 religiones
612 1517 753 1581 ordinentur,
766 1519 835 1583 quim

41 1596 85 1645 pue
96 1588 214 1638 stenditur
227 1587 357 1638 secundum
372 1589 462 1639 diversa
472 1589 589 1639 exercitia.

67 1657 97 1705 ld
108 1658 203 1720 primum
216 1673 273 1724 ergo
286 1660 422 1720 dicendum,
433 1660 493 1724 quod
505 1663 549 1712 lroc
558 1665 593 1712 est
604 1674 727 1713 commune
740 1661 836 1713 inomni

35 1728 145 1794 religione,
158 1731 223 1796 quod
241 1732 327 1794 aliquis
341 1733 440 1784 totaliter
453 1745 477 1782 se
492 1733 559 1784 debet
572 1733 672 1796 praebere
684 1734 714 1783 ad
728 1733 835 1785 servien-

31 1802 79 1850 dum
93 1803 154 1867 lleo;
170 1805 237 1854 uude
250 1818 280 1855 er
294 1805 338 1854 lrac
351 1809 414 1868 parte
426 1818 473 1855 non
489 1809 525 1856 est
538 1803 658 1855 diversitas
670 1806 729 1855 inter
742 1806 838 1869 religio·

33 1889 78 1935 ues,
90 1879 114 1924 ut
128 1876 218 1926 scilicet
232 1876 258 1926 iu
267 1890 316 1926 nna
326 1877 436 1940 religiono
449 1877 530 1940 aliquis
542 1876 641 1927 retineat
651 1877 737 1941 aliquid
750 1877 799 1940 sni,
811 1881 836 1928 et

32 1945 51 1993 iu
63 1948 104 1997 alic
115 1948 187 1999 aiud.
203 1951 245 2000 Est
254 1953 331 2000 autem
347 1949 465 2000 diuersitas
475 1948 599 2000 secundum
612 1949 704 2000 diversa
717 1949 834 2013 inquibus

33 2021 93 2070 dromo
108 2022 156 2072 lieo
168 2021 258 2073 seruire
273 2024 364 2085 polest,
379 2025 402 2072 et
415 2020 537 2073 secuudum
551 2021 612 2084 quod
628 2022 656 2071 ad
669 2023 713 2072 lroc
728 2023 795 2072 homo
809 2034 835 2072 se

34 2097 101 2150 protest
114 2093 272 2144 diversimode
291 2093 422 2157 disponere.

59 2165 88 2213 dd
106 2168 236 2217 seeundum
256 2166 389 2229 dicendum,
401 2165 461 2229 quod
476 2166 522 2216 tria
536 2165 667 2216 essentialia
678 2169 732 2216 vota
743 2165 836 2229 religio-

36 2236 63 2282 nis
76 2238 192 2300 pertinent
205 2239 236 2288 ad
251 2238 386 2288 exercitium
398 2237 530 2301 religioniS,
547 2237 608 2288 siout
625 2238 728 2300 quedam
745 2236 833 2300 princi·

39 2308 84 2364 palia
98 2311 124 2359 ad
147 2323 203 2374 qum
224 2309 304 2360 omnia
325 2309 369 2358 alia
390 2311 539 2369 reducuntur,
557 2313 583 2358 ut
600 2308 669 2372 snprl
690 2309 777 2358 dietum
798 2311 835 2359 est

52 2393 84 2438 cu.
92 2386 148 2443 lto,
161 2385 208 2432 art.
220 2387 245 2442 7,
257 2383 285 2432 ad
296 2383 333 2440 tt.
345 2384 378 2433 ld
388 2383 556 2433 observandum
564 2385 641 2432 autem
656 2383 833 2445 unumquodque

43 2461 118 2512 aarum,
132 2453 292 2504 diversimode
307 2453 388 2517 aliquis
398 2467 422 2503 se
433 2453 554 2518 disponere
569 2450 659 2516 potesl3
673 2453 741 2518 puli,
752 2455 780 2503 ad
791 2468 834 2504 vo·

44 2523 83 2576 tum
95 2527 239 2578 molimentiae
251 2527 387 2576 seruandum
401 2538 426 2576 se
439 2526 538 2590 disponit
551 2526 633 2589 aliquis
643 2539 685 2588 per
694 2525 740 2575 looi
755 2525 835 2575 solitu·

39 2595 178 2662 dirumpet
202 2598 382 2660 abstinentiam,
403 2613 443 2662 per
463 2603 565 2648 mutuam
586 2599 736 2660 societatem,
751 2602 774 2649 et
792 2612 834 2663 per

41 2668 100 2716 inulte
117 2671 158 2721 alia
172 2670 319 2734 hujusmodi.
333 2672 362 2720 Et
375 2671 501 2722 secundum
517 2673 561 2721 lroc
574 2672 637 2734 patet
650 2669 708 2734 quod
728 2684 834 2720 commu·

44 2737 93 2787 nitas
104 2743 263 2792 essentialium
276 2746 381 2793 actorum
394 2743 529 2808 compatitur
542 2742 696 2792 diversitatem
708 2741 832 2804 religionis,

47 2813 87 2854 rum
94 2820 179 2876 propter
189 2815 293 2864 diuersas
308 2814 484 2878 dispositiones,
496 2819 546 2864 tum
555 2815 623 2865 etiam
632 2817 723 2878 propter
733 2814 835 2864 diversos

49 2882 108 2943 nus,
119 2891 142 2935 nt
153 2899 186 2938 ex
195 2884 267 2951 suprl
275 2885 344 2940 dictis
357 2887 477 2953 patet(qu.
489 2891 545 2950 186,
559 2889 638 2950 ertit,
653 2887 682 2936 ad
696 2886 729 2949 a).
