1917 3317
237 207 268 251 bn
281 212 400 253 meantem
416 213 520 254 eunrsm.
735 210 781 257 litt

63 290 122 345 ¹r'eat„
135 288 167 339 tlt
182 304 188 339 ε
201 305 213 337 u
225 288 295 349 Quam
309 291 358 342 sine
379 289 469 343 datione
489 290 574 355 didici,
590 298 613 345 et
627 295 676 347 sine
695 294 781 348 inuidia

63 361 148 427 munim,
163 364 182 413 et
194 364 335 413 honestatem
348 363 410 414 illius
424 376 470 415 non
481 365 604 418 abscondo.
618 383 632 414 n
644 367 782 435 Quandoque

76 435 113 483 hoe
123 434 222 499 contingit
232 439 322 499 propter
331 434 499 487 inhonestatem
510 450 588 487 eornm
600 452 650 502 qne
664 439 782 505 docentur,

74 507 197 569 Augustinus
213 508 266 558 dicit
280 521 349 571 super
365 508 449 569 doum,
462 512 529 559 tract.
550 514 597 572 96,
612 510 671 574 qudd
692 525 782 577 uque-

71 583 118 627 sunt
130 578 181 628 malr
195 592 242 643 quae
262 583 351 643 portare
369 592 416 629 nnn
430 583 504 644 potest
518 580 693 646 qualiscumque
710 586 783 649 pudor

63 665 115 700 rurus.
126 650 205 701 »Unde
217 651 244 701 de
257 650 359 701 doctrina
371 651 527 703 baereticorum
541 651 623 703 dicitnr
637 654 721 711 Pron..
732 654 780 704 lll:

63 734 93 771 ua
103 720 185 773 lunius
199 722 309 773 dulciores
322 726 383 772 sunt.
399 739 412 769 o
423 723 535 773 ‘lluobina
546 727 622 773 autem
635 724 721 775 Christi
735 737 781 775 non

63 806 114 855 equo
128 794 154 843 de
170 805 254 857 errore,
272 806 346 857 neque
360 794 387 845 de
398 794 550 845 immunditia.
561 795 590 844 lit
608 794 659 846 iden
674 795 783 846 Dominus

67 867 153 923 adoro,
172 866 218 914 lv:
234 865 373 931 «Numquid
390 866 455 916 uenit
468 868 568 929 ineunt,
581 882 595 914 n
607 866 630 916 id
644 868 781 918 estiennot

63 944 85 986 ta
98 936 205 999 doctrina,
217 939 264 986 unt
277 936 403 987 submodio
413 940 518 1001 ponatur.
529 953 543 985 u
555 936 605 988 llio
615 938 693 999 modo,
705 938 780 1003 aliqua

63 1021 87 1056 ua
101 1010 137 1057 est
149 1006 171 1057 in
183 1008 278 1070 occulto,
290 1006 342 1071 quie
355 1006 432 1072 paneis
444 1007 586 1073 pronominum
599 1010 622 1058 et
631 1007 664 1058 aie
675 1007 780 1059 caristus

65 1078 123 1128 nihil
134 1075 208 1129 docuit
220 1077 246 1129 in
258 1080 356 1143 uuemtm
368 1079 422 1143 quia
433 1080 537 1129 cbristus
548 1091 638 1129 ornnem
654 1079 780 1129 doctrinam

63 1151 100 1199 vel
112 1150 185 1200 tnrbae
201 1150 242 1200 loli
255 1150 386 1215 proposuit,
397 1151 432 1201 uel
447 1151 553 1201 omnibus
567 1150 615 1201 suis
628 1150 745 1213 discipulis
754 1148 778 1200 in

63 1222 103 1271 uni.
129 1220 192 1272 Unde
211 1222 353 1285 Augustinus
372 1222 427 1272 dielt
442 1235 511 1287 super
526 1222 609 1278 loom,
626 1224 692 1271 treet.
711 1224 777 1271 lle:

63 1312 64 1339 r
81 1295 106 1344 in
122 1293 211 1345 occulto
226 1293 335 1359 loquitur,
348 1294 388 1357 qni
401 1307 478 1345 eoram
489 1298 522 1345 tot
530 1293 661 1346 bominibus
670 1294 779 1357 loquitur,

63 1368 105 1415 lim
120 1365 141 1416 si
160 1366 204 1415 boe
216 1364 316 1429 loquitur
330 1367 423 1431 paneis,
440 1368 500 1431 quod
514 1380 555 1431 per
564 1378 604 1416 eos
615 1366 666 1415 run
680 1364 781 1416 innotes-

66 1438 133 1487 ultis.
156 1437 257 1487 »lertio
276 1436 358 1501 modo,
374 1438 448 1502 aliqua
466 1436 568 1489 doctrina
587 1440 623 1487 est
637 1436 663 1486 in
675 1437 779 1499 occulto,

63 1525 82 1559 n
101 1510 130 1559 ad
149 1508 242 1559 modum
258 1508 352 1561 ducendi
361 1525 368 1571 ;
384 1513 407 1559 et
426 1508 458 1559 sio
471 1508 575 1559 Christus
593 1508 696 1571 quadum
708 1508 780 1557 turbis

68 1589 110 1631 tur
124 1580 151 1631 in
166 1580 275 1644 occultu,
290 1582 405 1645 parabolis
417 1586 485 1631 utens
501 1582 529 1631 ad
542 1579 697 1630 annuntianda
714 1580 782 1645 apiri-

63 1652 182 1719 dysteos,
201 1654 229 1703 ad
243 1666 293 1716 quae
307 1652 416 1717 capienda
429 1666 474 1704 non
488 1657 554 1703 erant
569 1650 646 1701 idonei
659 1652 697 1701 uel
709 1652 782 1717 digni;

63 1743 81 1775 n
106 1724 195 1775 melius
211 1728 260 1775 erat
275 1724 309 1775 eis
324 1726 360 1775 uel
374 1725 407 1776 sie
424 1726 465 1776 snb
480 1728 614 1788 tegumento
626 1724 782 1789 parabolarum

63 1801 126 1847 inm
143 1797 271 1847 doctrinam
285 1796 371 1859 audire,
379 1810 445 1861 qnam
457 1800 551 1848 omnino
561 1809 589 1847 ea
597 1794 690 1860 privari.
699 1796 781 1846 llarnm

66 1867 229 1920 arabolarum
240 1872 339 1933 apertam
351 1873 374 1919 et
384 1870 469 1919 nudam
482 1869 602 1918 tentatam
615 1866 724 1917 Dominus
735 1868 781 1919 dis·

63 1939 225 2005 exponebat,
238 1953 279 2003 per
292 1954 349 2004 quos
370 1941 500 2005 perueniret
515 1941 544 1990 ad
560 1940 632 2003 alius,
652 1940 691 2004 qui
705 1945 781 1991 essent

63 2010 213 2066 secundnm
229 2011 283 2062 illud
296 2012 324 2061 ll.
335 2011 371 2061 od
383 2013 459 2072 Tim„
475 2012 495 2061 ll
509 2026 517 2061 t
529 2029 544 2060 o
554 2011 608 2070 Qus
619 2012 728 2061 audistii
743 2026 779 2065 me

65 2101 105 2138 us
131 2087 226 2143 testes,
244 2083 295 2134 heu
313 2085 446 2135 commenda
463 2084 567 2134 fidelibus
581 2082 725 2145 bominibus,
740 2086 780 2149 qni

63 2160 127 2209 murt
142 2158 170 2205 et
183 2154 243 2205 alios
257 2156 346 2205 dooere.
362 2156 413 2205 »Εἰ
422 2157 465 2205 bue
475 2155 588 2219 signatum
598 2156 730 2216 estNam.,
740 2158 780 2221 lv,

63 2234 148 2282 latur
167 2225 234 2290 qubd
253 2226 295 2276 dlii
315 2230 388 2277 Aaron
402 2227 544 2279 involverent
565 2240 619 2278 vasa
641 2227 782 2295 sanctuarii,

63 2307 123 2354 itae
142 2299 257 2349 involuta
271 2302 397 2363 portarent.

63 2391 95 2428 en
101 2386 151 2423 um
173 2384 232 2434 ergo
244 2370 381 2432 dicendum,
395 2372 456 2437 qubd
469 2372 528 2422 sient
538 2372 636 2423 Hilarius
649 2372 705 2423 dieit
717 2386 785 2437 super

74 2458 153 2498 can.
177 2444 226 2506 1⁰,
241 2454 358 2507 exponens
374 2442 429 2494 illud
443 2445 538 2494 uerbum
557 2443 693 2509 inductum,
712 2457 786 2495 onon

66 2515 228 2572 Dominum
249 2513 339 2565 solitum
361 2515 432 2566 inisse
456 2516 562 2567 nostibus
582 2515 742 2580 sermocinari,
764 2520 788 2567 el

100 2587 249 2641 tradidisse
270 2584 295 2635 in
314 2586 428 2651 tenebris3
444 2588 486 2637 sed
504 2589 547 2638 boe
573 2588 627 2639 dicit
645 2588 697 2652 quia
715 2588 790 2638 omnis

63 2683 79 2717 s
102 2658 259 2713 carnalibus
273 2659 482 2721 tenebrosorum
495 2660 588 2709 verbnm
600 2661 653 2723 ejus
661 2659 790 2709 inddelibns

65 2742 82 2790 1
89 2742 188 2797 taque
212 2730 275 2795 qnod
288 2729 301 2781 d
314 2744 339 2783 se
352 2730 436 2781 dielnrn
450 2736 498 2794 est,
514 2746 565 2782 cnm
581 2732 686 2782 libertate
698 2728 751 2781 ndei
767 2734 791 2782 el

67 2815 108 2861 is
137 2804 199 2853 rull
218 2816 271 2853 esse
288 2803 435 2867 loquendum.
457 2820 470 2851 n
489 2802 547 2867 Vel,
562 2803 689 2854 seeundum
709 2802 792 2853 Hiero·

63 2872 269 2940 comparative
289 2874 399 2939 loquitur3
414 2876 468 2940 quia
483 2875 596 2926 uidelicet
614 2874 732 2925 erudiebat
750 2888 790 2925 ens

67 2957 94 3006 J
98 2948 202 3003 1111aeae
224 2947 293 3013 loeo,
307 2952 412 3013 respectu
431 2946 502 2999 totins
523 2945 621 3009 mundi,
636 2946 659 2996 in
675 2960 720 3011 quo
741 2950 791 2998 erat
