1917 3317
124 206 152 241 na
167 202 235 241 nono
249 204 279 240 nr
295 202 385 240 onoma
402 202 572 241 enumeramus
587 202 692 241 uncant.
761 194 807 243 out

66 278 82 321 3»
95 277 199 339 Preterea,
216 279 243 328 acl
258 281 301 329 hoc
312 278 371 341 quod
382 279 457 340 aliqua
468 280 627 331 transmutatio
643 280 675 330 sit
686 280 803 344 naturalia,

58 349 97 395 eicit
113 348 167 412 qnod
184 349 322 413 principium
335 350 454 413 passivum
468 352 498 400 sit
514 350 631 413 naturale,
646 356 671 401 ut
683 352 749 415 supra
761 354 807 401 ha-

55 429 87 464 am
101 426 128 470 est
139 426 188 485 (qu.
201 426 241 480 32,
256 425 297 469 art.
316 424 348 480 l).
362 422 406 470 Sed
422 422 559 486 principium
573 422 690 485 passivum
703 436 732 472 ex
746 427 808 485 parte
904 418 905 471 j

57 490 95 538 alcis
103 492 121 540 in
132 492 281 556 conceptione
297 493 384 541 Christi
392 492 437 543 luit
448 494 568 556 natiuale,
583 497 609 543 ut
619 507 647 543 ax
658 494 726 544 dictis
734 496 806 557 patet.

55 575 80 618 ran
91 564 200 627 conceptio
217 563 302 612 Christi
317 564 361 614 luit
374 565 491 615 naturalis.

60 633 90 678 iel
102 641 174 685 contra
190 638 242 692 est,
256 636 314 698 qnod
331 634 454 699 llicnpsius
467 635 521 685 dicit
531 636 554 685 iu
572 636 643 699 Epist.
659 634 695 685 ad
713 636 807 699 anum
904 678 905 689 r

55 707 149 755 cintreium
168 722 177 755 :
193 724 208 753 n
221 706 293 769 Super
307 706 425 756 hominem
445 708 578 769 operabatur
592 708 697 758 Christus
715 720 742 757 ea
756 722 807 770 quae

55 783 71 819 m
81 777 180 841 hominis3
197 782 221 827 et
233 778 277 827 hoe
299 781 411 828 monstrat
423 778 493 841 Virgo
514 778 714 843 supernaturaliter
729 780 806 830 conci·

55 860 112 894 ulls.»
132 865 134 871 ’

59 927 62 974 r
70 921 386 983 thomasio-Quamquam
401 933 429 970 ex
445 923 509 984 parta
523 923 623 973 materiae
637 921 707 972 luerit
724 922 808 974 Christi

55 991 125 1051 :reptio
139 991 264 1054 naturalis,
285 992 416 1042 miraculosa
430 996 506 1041 tamen
518 996 541 1042 et
553 995 728 1057 supernaturalis
746 995 805 1044 sim-

55 1065 99 1108 nter
112 1062 152 1111 luit
162 1078 194 1113 ex
215 1067 278 1127 parte
293 1062 484 1127 Dolopumue.)

56 1132 170 1194 hspnncleo
186 1134 387 1198 dicendumqnon
400 1134 457 1183 sieut
467 1135 600 1185 ambrosius
611 1134 666 1185 dicit
679 1136 703 1185 in
717 1137 757 1188 lib.
771 1138 805 1187 De

59 1209 179 1257 tructione
190 1208 254 1271 (cap.
270 1210 304 1268 6),
315 1223 328 1253 a
339 1205 409 1254 multa
423 1206 448 1254 in
458 1207 503 1256 hoe
517 1206 626 1271 mysterio
639 1210 663 1256 et
682 1208 806 1259 semodium

55 1283 108 1324 'cram
128 1277 250 1338 invenies,
270 1282 293 1328 et
309 1277 367 1327 ultra
390 1282 535 1327 naturam»
552 1278 653 1327 sienim
675 1280 805 1331 considere-

55 1359 68 1390 a·
82 1349 100 1395 il
113 1352 171 1411 qnod
193 1354 232 1399 est
245 1361 275 1398 ex
288 1355 353 1413 parte
373 1349 474 1399 materia
495 1352 633 1411 conceptus,
648 1362 715 1412 quam
735 1356 806 1403 mater

57 1417 156 1484 intrarit,
173 1426 249 1472 tntum
259 1425 294 1470 est
306 1420 421 1483 naturale3
433 1420 452 1470 si
463 1419 518 1471 rech
529 1420 697 1470 consideremus
709 1421 731 1470 icl
745 1423 807 1485 quod

64 1498 157 1553 exparte
170 1491 264 1542 uirtutis
278 1490 366 1551 activae,
377 1496 450 1541 totum
463 1496 499 1542 est
509 1491 678 1541 miraculosum.
694 1492 739 1541 Saul
752 1492 806 1555 quia

55 1566 179 1627 unmnodque
199 1562 273 1625 magia
292 1562 408 1625 judicatur
427 1562 551 1613 meandum
569 1564 663 1613 lormam
683 1562 750 1625 qutun
769 1576 806 1615 se-

55 1631 104 1681 ntim
115 1634 236 1686 materiam
243 1671 253 1698 ,
265 1638 288 1683 et
302 1633 407 1683 similiter
419 1633 542 1685 secundhm
552 1647 631 1697 agens,
642 1633 710 1697 quim
721 1648 807 1685 secun-

55 1708 179 1771 uputlens;
189 1706 246 1755 iude
260 1706 368 1769 estquod
382 1706 502 1769 conceptio
515 1706 599 1756 Christi
614 1706 682 1755 dehet
691 1705 736 1755 clici
746 1706 805 1757 nm-

55 1781 96 1824 ucr
111 1778 249 1829 miraculosa
268 1780 293 1826 et
306 1778 502 1842 supernaturalis3
518 1778 557 1828 sed
579 1776 704 1827 secundum
721 1776 806 1841 aliquid

57 1850 119 1900 carath.

55 1920 181 1982 ltprimum
195 1934 252 1984 ergo
265 1920 400 1982 dicendum,
413 1919 473 1983 qnod
486 1920 588 1971 Christus
599 1918 682 1969 dieitur
694 1921 806 1971 naturalis

55 2004 72 2038 cs
86 1993 196 2056 hominis,
211 1993 238 2042 in
256 1996 367 2057 quantum
378 1993 446 2042 hahet
459 1996 562 2041 naturam
576 1994 697 2041 humanam
716 2006 802 2055 veram,

68 2078 123 2123 qnam
139 2065 202 2115 filius
219 2063 322 2114 hominis
335 2067 383 2126 est,
403 2064 456 2113 licet
470 2076 521 2113 eam
541 2062 673 2113 miraculose
686 2065 802 2123 hahuerit,

55 2141 71 2180 ut
82 2150 149 2187 cacus
159 2136 319 2192 illuminatus,
334 2134 397 2183 ridet
412 2134 542 2184 naturaliter
555 2148 595 2197 per
609 2136 735 2199 potentiam
748 2134 805 2185 uisi·

55 2223 75 2266 n,
88 2222 152 2271 quam
171 2206 314 2257 miraculose
331 2207 426 2269 aceepit.

55 2281 74 2324 tl
87 2283 209 2331 secundnm
226 2278 359 2336 dicendum,
373 2276 433 2341 quod
447 2276 565 2341 conceptio
578 2276 707 2327 attribuitur
717 2277 807 2340 Virgini

55 2359 95 2412 ra,
112 2366 156 2402 non
171 2356 291 2413 umquam
312 2348 424 2413 principio
444 2349 532 2408 activo,
548 2349 586 2398 secl
604 2348 655 2411 quiin
671 2348 808 2398 ministravit

62 2424 120 2473 »riam
137 2420 279 2487 conceptui,
292 2422 352 2471 etin
365 2420 415 2484 ejus
427 2427 490 2471 utero
503 2426 538 2471 est
556 2419 674 2484 conceptio
687 2422 806 2471 celebrata.

55 2494 75 2539 tl
91 2496 181 2545 tertium
196 2493 337 2551 dicendum,
352 2492 412 2556 quhd
423 2492 558 2556 principium
573 2493 689 2555 passivum
709 2492 810 2541 naturale

61 2570 90 2613 ml
109 2569 136 2618 ad
158 2565 381 2618 transmutationem
402 2566 544 2625 naturalem,
558 2566 647 2627 quanclo
670 2564 765 2614 naturali
788 2566 811 2615 et

55 2643 114 2689 asuelo
126 2641 198 2691 modo
214 2640 321 2688 moretur
339 2636 353 2686 a
370 2636 482 2700 principio
501 2636 575 2685 activo
595 2635 694 2700 proprio.
711 2634 756 2684 Sed
769 2635 812 2684 hoe

56 2802 81 2845 up
94 2822 99 2847 ι
111 2807 215 2851 Intacta
228 2802 339 2849 mencietur
351 2801 435 2845 ulrum
446 2798 517 2845 oerho
530 2800 638 2857 concepit
651 2798 746 2856 filium
757 2796 814 2839 allu-

63 2869 85 2907 ¹10
97 2869 123 2911 acl
134 2869 198 2914 illuct
209 2867 285 2914 Lete„
294 2865 320 2922 1,
332 2875 394 2909 vers.
405 2863 434 2911 38
445 2880 451 2908 r
466 2864 525 2909 Flot
537 2862 601 2907 mihi
612 2860 747 2907 secundum
756 2869 813 2901 uer-

55 2940 70 2969 m
80 2933 152 2979 tuum.

677 3016 719 3065 tu‘
