1917 3317
523 88 614 133 198
707 96 921 134 saeuum
956 96 1215 146 sueonum,
1248 95 1427 139 Qum.
1460 93 1690 141 ccxxxix,
1721 94 1823 131 Aur.
1855 95 1898 129 v.

1128 278 1439 328 ARTICULUS
1474 278 1527 326 V.

792 404 965 448 Uerum
981 404 1119 459 pueri
1137 402 1235 446 sim
1254 402 1513 458 recipiendi
1540 402 1593 445 in
1624 404 1863 459 rele'yione.

589 530 656 579 Ad
680 529 886 592 quintum
915 528 983 578 sic
1006 526 1278 591 proceditur.
1300 526 1485 577 Videtur
1513 526 1634 590 quod
1657 528 1787 590 pueri
1816 540 1903 578 non

524 600 722 665 cipiendi
742 600 792 651 in
824 600 1062 663 religione.
1089 598 1204 657 Quia
1230 599 1403 648 Extra
1434 599 1506 647 De
1535 598 1857 660 repularibus
1877 602 1917 647 et

523 672 759 722 euntibus
794 671 865 721 ad
900 670 1192 731 reliyionem
1232 670 1395 720 dicitur
1437 670 1528 728 (ex
1555 666 1755 721 concilio
1795 671 1915 734 Mogu

529 761 558 791 α
577 744 739 794 Nullus
757 744 993 794 tondeatur
1012 742 1098 792 nisi
1120 741 1318 805 legitima
1341 744 1474 791 aetate
1495 744 1541 790 et
1564 746 1815 804 spontanea
1828 742 1917 792 volt

525 816 615 866 Sed
637 815 768 879 pueri
794 827 887 865 non
904 813 1120 864 videntur
1142 814 1310 863 habere
1337 812 1587 874 legitimam
1604 816 1817 877 aetatem,
1833 828 1912 865 nec

527 899 660 936 neam
698 886 1007 947 voluntatem3
1036 885 1143 948 quia
1180 898 1270 935 non
1307 884 1481 935 habent
1509 885 1716 948 perfecte
1753 901 1884 937 usum

527 957 647 1019 Ergo
674 958 852 1007 videtur
877 955 1000 1020 quod
1024 969 1117 1006 nou
1144 956 1237 1006 sint
1264 957 1314 1006 in
1341 956 1563 1019 religione
1585 955 1852 1020 recipiendi.

592 1033 639 1078 2.
657 1030 881 1079 Praeterea
893 1064 908 1083 ,
929 1030 1076 1077 status
1088 1027 1317 1090 religionis
1336 1028 1517 1078 videtur
1534 1040 1637 1077 esse
1658 1032 1805 1079 status
1823 1042 1917 1093 poeu

528 1101 648 1150 unde
664 1104 711 1150 et
732 1097 890 1161 religio
913 1099 1078 1149 dicitur
1092 1098 1119 1148 ὲ
1135 1098 1385 1161 religando,
1402 1098 1477 1149 vel
1498 1097 1526 1147 ὲ
1543 1098 1829 1161 reeligendo,
1851 1103 1901 1149 ut

528 1185 614 1221 nus
633 1170 748 1221 dicit
765 1171 822 1219 X.
850 1171 923 1219 De
947 1172 1101 1221 civit.
1130 1172 1222 1219 Dei
1243 1172 1377 1234 (cap.
1400 1173 1425 1219 4
1447 1170 1488 1232 ).
1508 1170 1599 1221 Sed
1617 1171 1777 1234 pueris
1798 1186 1893 1223 non
1914 1196 1917 1213 ‹

528 1241 818 1306 poenitentia.
837 1242 952 1304 Ergo
977 1242 1154 1293 videtur
1174 1241 1295 1304 quod
1323 1255 1415 1291 non
1429 1242 1629 1291 debeant
1643 1242 1916 1306 religionem

591 1318 637 1362 3.
674 1316 913 1375 Praeterea,
942 1312 1065 1362 sicut
1091 1311 1255 1375 aliquis
1280 1312 1505 1375 obligatur
1527 1312 1817 1375 juramento,
1849 1316 1917 1365 ita

526 1386 617 1435 Sed
638 1384 770 1449 pueri
795 1386 900 1434 ante
931 1397 1075 1435 annos
1096 1383 1434 1447 quatuordecim
1461 1396 1553 1433 non
1582 1384 1754 1434 debent
1780 1386 1917 1450 obliffi

529 1459 681 1507 mento
699 1475 712 1519 3
732 1456 987 1505 uthabetur
1006 1456 1058 1505 in
1077 1457 1271 1505 Dec-ret.
1292 1455 1401 1515 XX,
1422 1468 1499 1517 qu.
1520 1458 1548 1503 ⁵
1565 1491 1578 1515 ,
1603 1467 1708 1518 cap.
1740 1457 1903 1506 Pueri
1916 1509 1917 1512 ,

530 1528 818 1576 Honestum.
848 1528 967 1590 Ergo
988 1526 1164 1577 videtur
1190 1526 1309 1590 quod
1336 1540 1421 1576 nec
1450 1524 1587 1575 etiam
1630 1526 1727 1576 sint
1754 1533 1865 1578 voto
1888 1544 1917 1579 o

597 1602 639 1647 4.
669 1600 890 1649 Praeterea
905 1636 918 1658 ,
944 1597 1151 1648 illicitum
1183 1597 1362 1648 videtur
1391 1596 1587 1660 aliquem
1614 1598 1818 1661 obligare
1851 1602 1917 1651 tal

535 1668 657 1719 tione
693 1683 792 1733 quae
817 1672 973 1733 posset
996 1668 1117 1733 juste
1141 1668 1325 1719 irritari.
1356 1669 1446 1719 Sed
1473 1669 1514 1719 si
1545 1670 1687 1732 aliqui
1712 1670 1917 1735 impube1

534 1745 646 1803 gant
674 1756 723 1793 se
754 1742 989 1805 religioni,
1017 1747 1209 1805 possunt
1236 1741 1405 1792 retrahi
1432 1741 1751 1797 aparentibus
1778 1745 1856 1794 vel
1878 1749 1917 1794 tt

536 1812 705 1863 dieitur
728 1813 849 1863 enim
870 1814 917 1863 in
942 1815 1169 1864 Decretis
1193 1814 1301 1874 XX,
1323 1816 1483 1876 quaest.
1510 1817 1565 1875 2,
1590 1812 1711 1875 quod
1732 1830 1762 1861 «
1780 1816 1913 1878 puell

537 1884 770 1934 duodecim
793 1885 942 1935 aetatis
968 1898 1113 1935 annos
1140 1888 1303 1947 sponte
1326 1898 1406 1932 sua
1432 1897 1610 1933 sacrum
1635 1885 1849 1936 velamen
1871 1900 1917 1936 as

536 1954 620 2018 rit,
652 1960 842 2019 possunt
861 1956 1014 2004 statim
1040 1960 1250 2018 parentes
1272 1954 1373 2018 ejus
1398 1956 1473 2005 vel
1496 1958 1670 2005 tutores
1686 1956 1734 2006 id
1762 1957 1917 2009 factun

533 2027 706 2090 facere,
733 2026 773 2075 si
794 2026 1081 2076 voluerint.»
1103 2025 1311 2075 lllicitum
1336 2029 1408 2075 est
1430 2038 1537 2106 ergo
1559 2039 1727 2089 pueros
1752 2041 1917 2089 praese!

535 2111 679 2148 annos
705 2097 958 2161 pubertatis
982 2099 1038 2147 ad
1058 2097 1324 2160 religionem
1351 2097 1555 2161 recipere
1583 2099 1656 2147 vel
1674 2098 1899 2163 obligare.

594 2170 685 2219 Sed
714 2172 870 2219 eontra
897 2171 993 2232 est,
1019 2170 1137 2231 quod
1158 2168 1271 2218 dicit
1288 2168 1503 2219 Dominus
1523 2170 1733 2229 Mattlz„
1763 2172 1903 2221 xlx:

533 2241 768 2304 parvulos,
792 2244 838 2290 et
861 2239 1003 2289 nolite
1029 2252 1107 2289 eos
1134 2239 1378 2302 prohibere
1406 2240 1463 2289 ad
1488 2253 1560 2289 me
1583 2241 1769 2304 venire3
1800 2259 1830 2288 »
1852 2257 1917 2305 qu

534 2326 649 2363 nens
683 2312 902 2375 Origenes
938 2325 1091 2374 super·
1123 2310 1329 2369 ΜαιτΙιυ
1367 2311 1511 2375 dicit,
1553 2311 1674 2375 quod
1706 2329 1733 2360 ι(
1772 2314 1844 2364 dis
1822 2314 1917 2376 scip

534 2385 796 2447 priusquam
828 2382 1003 2433 discant
1040 2383 1260 2433 rationem
1299 2382 1515 2446 justitiae,
1552 2385 1900 2446 reprehendunt

534 2468 698 2518 pueros
718 2460 764 2504 et
780 2455 977 2503 infantes
1009 2453 1203 2504 offerunt
1216 2454 1417 2505 Christo.
1445 2454 1670 2505 Dominus
1694 2458 1847 2505 autem
1870 2468 1917 2505 e}

533 2525 784 2589 discipulos
805 2539 912 2576 suos
941 2525 1299 2576 condescendere
1320 2525 1591 2577 utilitatibus
1616 2539 1876 2589 puerorum.
1903 2526 1917 2573 1

535 2598 772 2659 attendere
799 2598 1045 2659 debemus,
1074 2610 1131 2647 ne
1160 2598 1459 2648 :estimatione
1496 2598 1734 2661 sapientiae
1769 2597 1915 2647 excell

536 2672 885 2720 contemnamus
905 2669 1038 2732 quasi
1061 2669 1214 2731 magni
1236 2668 1424 2732 pusillos
1445 2670 1658 2719 Ecclesiae
1669 2707 1685 2733 ‚
1706 2670 1917 2733 prohibet

535 2754 611 2790 ros
645 2742 801 2793 venire
829 2743 884 2792 ad
912 2742 1088 2791 Jesum.
1117 2756 1145 2787 »

605 2812 1262 2875 (Concanum—Quanquam
1287 2817 1387 2862 ante
1414 2825 1570 2864 aennos
1596 2814 1848 2878 pubertatis
1870 2827 1917 2876 pt
