1917 3317
226 217 257 261 nt
272 217 445 265 immutarunt!
461 164 566 266 omniura.
752 218 797 270 ‘itt

50 299 64 344 t
74 295 305 365 ercammarum
320 303 452 353 murenula
473 304 575 369 quolibet
589 316 691 371 genere,
705 308 742 359 est
752 308 796 359 im-

40 370 85 419 mite
104 369 226 421 secundum
246 371 311 423 ittam
333 377 419 424 motum
442 375 493 439 (1);
510 376 568 426 sicut
587 376 668 427 caelum
687 380 746 445 quud
763 384 800 431 est
819 376 821 381 ’

42 454 96 489 rmum
108 441 214 505 alteram,
229 454 276 493 uun
292 447 327 494 est
340 444 465 495 alterabiie.
476 446 522 496 Sed
534 447 639 498 Christus
652 451 687 499 est
700 450 798 513 primum

41 511 129 575 gruans,
147 512 275 563 secundum
289 515 344 565 iilud
360 517 483 573 aeuum
499 532 505 565 :
520 516 698 583 «superquam
714 520 798 572 videris

42 584 105 632 iritum
122 584 299 635 descendentem
315 591 338 636 et
351 591 489 650 manentem,
502 588 540 637 hic
555 590 643 653 estqui
659 590 766 657 baptizat.
781 608 795 641 a

40 666 61 712 gu
70 654 140 718 ipsum
152 669 201 707 nun
212 657 289 707 decuit
300 657 419 721 baptizari.

40 726 73 774 sed
81 731 221 792 contram,
231 729 293 791 quud
307 728 389 778 dicitur
397 730 501 790 aaran,
511 730 555 791 lii,
565 730 625 797 quud
635 746 649 781 u
659 733 722 784 venit
730 734 797 786 iesus

40 800 111 850 alitae
123 800 149 850 in
162 801 285 851 terdenam
299 800 327 850 aa
340 800 467 865 Jeaunem,
480 806 506 851 ut
521 802 672 867 baptizaretur
686 806 714 855 ah
729 818 765 857 eu.
781 824 794 855 u

40 872 180 926 mmmmm.
195 898 229 908 -
242 872 383 935 Quamquam
395 873 500 924 Christus
513 887 561 924 nun
579 874 702 939 indiguerit
715 878 796 941 bapti-

40 943 59 1001 i,
72 944 144 993 notuit
158 946 236 994 tamen
249 943 376 1008 rapturi,
392 948 418 994 ut
430 958 501 1009 aquas
517 946 680 1012 sanctificaret,
697 952 795 1000 nostras·

40 1028 44 1060 r
59 1017 135 1066 suades
150 1014 273 1077 abluerat,
289 1018 313 1065 et
327 1016 387 1080 quud
400 1015 488 1067 anubis
503 1016 631 1067 iaciendum
646 1023 709 1084 erat,
725 1034 795 1086 expo·

40 1087 79 1150 et.)

40 1160 161 1223 respondeo
172 1157 307 1222 dicendum,
323 1157 383 1222 quud
394 1160 533 1210 conveniens
550 1160 596 1211 suit
610 1160 723 1212 Christum
736 1164 793 1228 bap·

40 1232 74 1279 ci:
89 1229 287 1296 primoquidem,
302 1229 365 1294 quia,
377 1232 403 1279 ut
417 1231 550 1282 Ambrosius
563 1232 618 1283 dicit
631 1246 707 1299 super
720 1236 793 1299 Luc,

42 1304 151 1365 ptizatus
161 1305 200 1353 est
214 1300 323 1350 Dominus
336 1314 382 1351 uuu
393 1302 497 1352 mundari
513 1302 609 1365 voleus,
625 1304 666 1354 sed
685 1306 794 1357 mundare

43 1388 71 1437 ιε;
81 1381 109 1426 ut
116 1375 206 1425 abluta
219 1384 260 1435 per
270 1383 360 1422 carnem
369 1373 463 1436 Christi,
474 1374 515 1437 qui
525 1379 642 1439 peccatum
653 1386 700 1427 nun
710 1390 795 1441 cugno-

47 1446 195 1511 taptismatis
206 1445 254 1493 rim
263 1443 382 1508 (injice),
390 1444 532 1511 haberentp)
546 1462 560 1495 a
570 1450 594 1497 et
605 1450 630 1496 ut
644 1447 795 1499 sanctificatas

40 1534 56 1566 c
70 1519 217 1583 relinqueret
228 1516 374 1580 postumum
390 1515 543 1580 baptizandis,
558 1533 571 1563 s
587 1517 647 1567 sicut
661 1518 796 1583 chrysosto-

50 1591 195 1655 dieitsuper
204 1588 298 1638 naara.
308 1588 352 1653 (nt.
365 1587 479 1650 Secundi,
488 1588 541 1653 quia
552 1589 612 1639 sieut
620 1588 796 1655 chrysostomus

53 1678 135 1727 super
146 1659 254 1716 Muttin,
267 1658 393 1723 «quamvis
406 1658 455 1723 ipse
465 1673 511 1711 unu
525 1664 584 1711 asset
597 1664 795 1726 peccatur,tameu

44 1748 88 1784 ,am
107 1731 219 1796 suscepit
237 1729 403 1794 peccatricem,
419 1734 442 1780 et
462 1730 634 1782 similitudinem
655 1732 730 1783 caruis
742 1747 795 1799 pec-

48 1806 91 1869 53).
116 1805 261 1868 Propterea,
277 1801 320 1851 etsi
333 1813 375 1865 pru
391 1814 416 1851 se
438 1802 576 1866 baptismate
594 1816 642 1854 nen
662 1804 794 1867 indigebat,

42 1879 94 1928 uin
109 1876 171 1927 aliis
182 1872 280 1925 carnalis
292 1877 372 1923 natura
388 1883 447 1939 opus
459 1874 567 1925 trahebat.
584 1891 598 1923 u
613 1875 650 1938 Et,
665 1875 724 1926 sicut
739 1877 793 1928 Gre-

40 1964 56 1997 c
73 1948 246 1999 Nazianzenus
262 1943 354 2006 uim«
370 1944 503 2009 Baptizatur
517 1950 551 1996 est
564 1946 666 1997 Christus
680 1952 706 1997 ut
719 1951 792 1999 tutum

40 2035 116 2071 :auum
133 2020 213 2070 Adam
230 2016 351 2079 immergat
369 2030 443 2079 aquae.
458 2034 472 2064 u
485 2016 576 2081 Tertia,
589 2018 698 2082 baptizari
713 2022 791 2085 enituit,

56 2090 211 2156 aragustinns
229 2088 284 2139 dicit
293 2088 318 2136 iu
337 2098 441 2139 sermone
459 2090 495 2139 De
507 2089 644 2153 Epiphan„
660 2091 739 2154 «quia
752 2106 792 2144 vc·

40 2180 107 2216 ‚cere
122 2163 194 2229 quud
209 2159 339 2211 iaciendum
353 2160 458 2211 omnibus
472 2160 603 2224 imperarit.
624 2177 638 2209 u
657 2160 686 2211 Et
701 2164 745 2216 huc
758 2170 794 2217 est

47 2242 97 2303 ipse
113 2238 202 2289 dicit:
222 2252 236 2282 ιι
248 2234 287 2283 Sic
300 2233 364 2283 decet
381 2245 423 2283 nus
432 2233 527 2297 implere
537 2241 628 2284 omnam
641 2234 762 2299 justitiam.
778 2256 792 2289 u

40 2315 79 2359 aim
100 2306 251 2361 Ambrosius
269 2304 324 2354 utera
337 2320 414 2369 super
427 2306 542 2369 Lucum„
557 2323 571 2354 u
583 2308 632 2357 haec
646 2312 681 2362 est
692 2308 793 2378 justitia,

40 2386 75 2435 cru
90 2384 203 2434 atterum
214 2377 291 2429 facere
303 2377 361 2428 retis
373 2416 380 2441 ,
393 2377 511 2444 prioripse
519 2378 629 2446 incipias,
641 2384 665 2431 et
674 2386 714 2434 tuo
724 2384 794 2437 alium

41 2460 70 2506 ris
89 2452 223 2517 exemplo.
238 2468 252 2499 n

50 2630 80 2671 ct
95 2638 131 2671 ex
147 2620 201 2667 lib.
218 2618 284 2665 vm.
298 2616 522 2675 Pacate.,te1t.ttr
537 2632 564 2667 au
579 2622 703 2681 uetnrepa;
721 2628 745 2668 et
766 2626 797 2673 ΙΙ.

40 2692 87 2746 tto,
102 2679 237 2737 cext.18;
252 2682 276 2725 ct
286 2678 307 2730 1.
318 2680 351 2727 De
364 2683 532 2740 persecutione,
541 2689 598 2731 text.
612 2684 652 2745 53,
665 2684 799 2745 respective

40 2755 177 2881 '1335th
189 2818 241 2875 jam
253 2814 342 2873 septi,
356 2822 439 2861 auctor
458 2818 537 2875 aperis
551 2816 692 2877 imperfecti,
707 2820 797 2869 Hamil.

48 2884 252 3016 gaz-omo,
266 2950 298 2997 cd
311 2950 392 3004 fluct„
401 2949 473 3012 urm,
486 2964 548 3000 uere.
565 2950 589 2999 a.

661 3053 703 3101 nt·
