1917 3317
148 185 180 236 Β
249 193 357 234 secunus
371 193 499 247 sueonum,
513 194 605 242 ouum.
619 172 710 247 ccxxx,
723 196 778 234 aar.
793 196 837 234 ru.

100 267 104 276 '
151 272 193 336 (ut
204 271 253 335 ipse
265 270 375 336 exponit)
388 271 512 322 seeundum
521 287 626 321 sursum
639 272 804 333 etdcorsum‚·
816 273 836 323 si
847 272 902 323 nerll
918 274 941 324 si

151 343 179 394 ab
197 356 243 393 uuo
256 343 411 407 oppositorum
421 343 445 392 in
460 342 538 405 eliud,
553 344 597 394 erit
607 344 731 394 meandum
744 344 911 394 dextrorsum
930 361 941 398 o

151 415 329 464 sinistrorsum
334 431 343 479 ,·
356 415 375 465 si
389 415 442 466 vero
456 415 508 465 sila
519 417 596 466 causis
607 415 632 466 in
641 417 745 477 effectus,
755 416 798 465 erit
807 419 865 465 oute
877 422 903 466 et
914 434 941 468 re

154 489 210 549 tro‚·
226 487 246 538 si
263 486 317 537 nero
338 487 368 538 sit
389 486 512 538 secundum
527 489 653 539 accidentia
673 502 724 552 quae
739 489 884 538 circumstant
902 505 941 541 rer

152 559 303 623 propinquam
323 559 361 608 vel
382 563 508 622 remotam,
525 560 567 610 erit
585 562 719 610 circuitus.
740 560 856 610 Discursus
873 568 941 612 anter

152 630 248 680 rationis
266 632 355 694 quaudo
373 631 435 681 esta
448 633 595 682 sensibilibus
612 633 640 681 ed
657 631 808 694 intelligibilia
825 636 941 684 secundini

154 702 256 752 ordinem
267 702 375 752 naturalis
384 703 490 767 rationis,
503 705 603 767 pertinet
613 704 641 754 ad
654 709 740 754 molum
751 707 850 768 rectnm3
861 709 941 767 quand

155 778 231 822 aulem
244 779 278 824 est
295 775 419 824 secundum
435 775 613 825 illuminationes
627 775 730 838 divinas,
744 776 843 839 pertinet
860 777 889 825 ad
904 791 941 829 mc

156 848 204 895 turn
220 845 350 910 obliquum,
368 851 395 897 ut
414 861 443 897 ex
464 848 534 898 dictis
551 852 622 911 patet.
641 847 693 897 Sola
712 852 788 898 auum
808 847 941 900 immobilile

156 929 223 979 quam
238 919 312 982 ponit,
325 917 423 980 pertinet
434 919 462 968 nd
481 924 566 968 motum
585 919 726 968 circularem.
743 919 805 968 Unde
818 923 880 982 patet
893 922 941 984 qui

156 987 277 1052 Dionysius
296 989 366 1041 mullo
382 989 533 1040 sullicientiias
549 994 572 1041 el
585 989 690 1040 subtilius
705 994 791 1050 motum
810 994 941 1056 contempla

157 1059 226 1110 tionis
240 1061 355 1112 describit.

442 1169 603 1221 nucleolos
618 1170 666 1220 Vll.

289 1296 374 1340 ulrum
383 1297 547 1352 contemplatio
556 1296 733 1341 delectationem
742 1297 834 1341 lubeat.

191 1423 223 1472 ld
239 1423 361 1486 septimum
378 1422 411 1473 sic
422 1423 559 1488 proceditur.
569 1421 731 1486 videturquod
742 1422 903 1486 contemplatio
920 1430 941 1477 dr

159 1493 303 1544 lectatiouem
317 1508 362 1544 nou
373 1496 464 1545 lrabeat.
480 1495 604 1545 Delectatio
619 1493 680 1544 enim
699 1496 727 1543 ud
744 1495 791 1543 uim
805 1494 941 1558 appetitiva:

162 1567 267 1628 pertinet.
284 1567 327 1617 Sed
341 1568 502 1632 contemplatio
513 1567 667 1631 principaliter
678 1565 780 1616 consistit
792 1565 817 1614 in
829 1567 941 1621 intellect¹

162 1636 221 1700 Ergo
230 1639 318 1688 uidetur
325 1639 385 1702 quod
393 1639 513 1690 delectatio
524 1652 569 1689 non
580 1638 691 1701 pertineat
699 1639 725 1687 ad
735 1638 941 1702 contemplationes

195 1713 217 1758 2.
234 1710 353 1773 Praeterea,
368 1710 443 1760 omnis
452 1711 567 1760 contentio
578 1714 601 1759 et
610 1722 676 1759 omne
685 1713 797 1759 certarnen
810 1709 905 1772 impedit
920 1717 941 1763 cl¹

163 1780 315 1831 lectatiouent.
330 1783 372 1832 Sed
386 1783 411 1831 iu
423 1782 613 1846 contemplatione
627 1785 663 1830 est
672 1782 785 1830 contentio
797 1784 820 1830 et
829 1785 941 1835 certame:

164 1852 218 1902 dicit
236 1852 296 1903 enim
319 1854 439 1917 Gregorius
459 1851 643 1917 superducet.
664 1853 765 1916 (llomil.
788 1853 836 1902 lllV
851 1852 875 1915 ),
899 1870 941 1918 qur

165 1941 179 1971 u
189 1924 263 1974 anima
277 1925 328 1974 curn
338 1925 486 1989 contemplari
500 1927 570 1974 ileum
583 1923 676 1986 nititur,
687 1924 748 1973 uelut
761 1923 785 1972 in
799 1924 896 1986 quandam
909 1942 941 1979 ca

164 1996 343 2060 semisepulta,
356 1997 422 2048 modo
433 1995 497 2058 quasi
507 1999 637 2058 exsuperat,
646 1994 700 2057 quia
711 1994 858 2058 intelligendo
872 1999 896 2044 et
907 2012 936 2049 se

165 2066 243 2117 tiendo
256 2069 284 2118 de
298 2067 490 2130 incircumscripto
505 2066 590 2116 lumine
601 2065 685 2130 aliquid
696 2066 815 2130 degustat3
830 2067 899 2118 modo
912 2085 941 2120 su

167 2139 264 2200 cambit,
277 2140 329 2203 quia
342 2143 366 2190 ct
381 2139 518 2202 degustando
538 2139 619 2188 ilerum
633 2137 715 2188 delicit.
729 2154 743 2185 u
758 2139 816 2203 Ergo
835 2139 884 2190 nite
904 2155 941 2196 co:

166 2210 298 2274 lenipletiva
318 2223 363 2260 non
382 2210 448 2260 habet
467 2210 649 2260 delectationem.
774 2252 776 2256 .

200 2287 222 2332 tl.
237 2285 356 2343 Praeterea,
372 2283 491 2332 delectatio
508 2281 609 2344 sequitur
619 2282 772 2346 operationem
785 2282 928 2347 periculam,

141 2361 146 2371 ·
169 2354 251 2404 dicitur
266 2355 288 2404 iu
302 2355 330 2404 X.
346 2353 427 2404 Ellis.
442 2354 510 2418 (cap.
525 2354 566 2418 6).
581 2354 625 2405 Sed
642 2355 801 2419 contemplatio
814 2355 857 2405 viu
870 2362 908 2405 est
925 2359 941 2407 ir

168 2427 275 2490 perlecta,
286 2425 410 2478 secuudum
422 2426 477 2476 illud
486 2427 503 2476 1.
513 2427 549 2476 ud
562 2428 632 2488 Cor„
641 2429 697 2477 llll:
713 2446 726 2475 u
734 2428 841 2477 Videmus
850 2442 914 2478 nunc
927 2445 941 2494 p

169 2499 284 2560 speculum
300 2499 323 2548 in
343 2499 469 2562 aenigmate.
480 2517 494 2546 u
509 2502 572 2551 Unde
589 2504 612 2552 et
628 2501 655 2550 de
674 2500 756 2549 laccho
771 2499 854 2562 legitur
869 2501 941 2550 Gerre

168 2571 264 2632 iclxii,
279 2570 339 2634 quod
359 2576 477 2636 postquam
493 2573 551 2623 dixit
567 2590 573 2622 z
590 2590 604 2622 u
614 2572 666 2622 Vidi
681 2572 799 2622 llomiuum
815 2571 874 2623 facie
890 2575 919 2623 ad
936 2582 941 2624 l

170 2641 240 2705 ciem,
252 2659 265 2689 u
280 2644 419 2694 claudicabat
433 2646 501 2709 pede.
515 2647 574 2710 Ergo
589 2645 678 2696 ridetur
693 2644 754 2708 quod
766 2646 814 2696 vila
828 2650 941 2711 contemp

169 2713 218 2764 tiva
231 2715 398 2766 delectationem
413 2731 458 2768 uon
471 2718 567 2768 habeat.

105 2817 107 2820 -
202 2789 225 2835 l.
239 2787 366 2853 Pratum,
388 2789 449 2840 lesio
466 2789 587 2854 corporalis
607 2787 778 2840 delectationem
796 2789 902 2854 impedit.
927 2794 941 2844 S

170 2861 329 2924 contemplatio
341 2862 426 2912 inducit
436 2862 552 2912 lesionem
565 2862 713 2925 corporalem
724 2862 784 2910 unde
796 2862 871 2921 Gom,
879 2864 941 2915 llllX

170 2929 252 2984 dicitur
261 2933 323 2999 quoe
332 2935 400 2987 lacon
408 2938 529 3000 postquam
535 2933 639 2985 diruat:
651 2932 727 2984 «lidi
735 2932 860 2986 Dominum
869 2935 933 2986 tecle
