1917 3317
133 146 182 192 aad
323 155 383 192 vaus
400 155 440 204 ru,
456 155 549 199 opusc.
565 156 629 205 m,
644 156 701 192 aur.
717 155 752 191 ru.

134 232 198 293 gelus
210 229 266 278 lacie
280 229 374 278 rutilans
385 267 391 290 ,
404 233 469 278 veste
481 243 617 290 coruscans,
632 230 725 280 incessu
739 227 913 279 mirabilisv‘ie'

133 303 183 351 banc
198 315 242 350 uon
257 304 351 364 possunt
365 301 479 363 pertinere
494 301 538 350 nisi
553 303 580 350 ad
598 314 730 364 corpoream
744 302 860 351 visionem.
873 303 904 348 li.

132 387 242 436 corporea
258 373 347 422 visione
362 373 462 434 Angelus
477 372 618 422 annuntians
632 374 706 423 beatae
717 372 805 436 Virgini
823 388 902 436 appan.

169 448 321 507 (Concurrsro.
336 445 480 504 -Angelus
494 443 617 493 invisibilis
639 444 681 494 liei
701 445 875 495 lamnationem
887 461 913 491 n·

132 515 255 574 nuntians,
267 517 290 564 in
303 513 414 577 corporali
430 528 521 577 qnoque
537 515 626 565 visione
637 529 748 579 apparere
757 516 861 571 debuit.l

165 587 298 649 llespondeo
321 587 456 645 dicendum,
472 585 532 647 undd
557 586 658 648 Angelus
677 587 819 636 annuntians
838 600 904 649 appu.

133 657 198 707 llatri
216 659 255 708 ltei
278 671 384 722 corporea
404 657 507 717 visione,
522 661 545 707 et
561 658 606 707 boc
626 660 772 708 conveniens
791 659 834 707 init
850 677 855 708 :
869 674 892 722 p‘

133 730 238 792 quidem,
258 735 365 792 qivantmn
388 729 415 776 ad
434 725 456 776 id
477 729 538 790 qnod
558 729 752 790 annuntiabatur,
767 734 858 779 venerat
878 743 894 775 n

134 802 234 862 Angelus
252 801 387 849 annuntiare
407 799 590 848 incarnationem
608 798 735 848 invisibilis
751 801 808 862 bei,
823 813 861 864 per
874 814 890 860 p

132 870 228 920 visibilis
244 871 315 921 deret.
327 871 390 920 Unde
404 869 471 919 etiam
490 870 633 919 couveniens
645 867 690 919 fuit
703 875 729 919 ut
740 872 768 920 ad
779 871 849 935 liujus
859 871 886 918 rei

134 941 288 1001 cierationem,
303 941 398 990 visibilis
411 947 519 990 creaturan
532 942 628 990 lormam
642 949 793 1001 assumeret,
808 942 832 990 iu
848 955 900 1004 qna*

135 1012 229 1063 sibvtinr
238 1018 369 1076 appareret3
380 1012 441 1074 clm,
452 1014 520 1062 etiam
534 1025 615 1061 ornnes
624 1013 785 1076 apparitiones
796 1014 895 1064 veterisl

133 1084 228 1134 turrienti
244 1085 271 1133 ad
287 1086 346 1133 lianc
363 1084 526 1147 apparitionem
544 1084 745 1146 praeordiuentur‚
757 1099 804 1148 qna
818 1087 883 1135 Filius
897 1092 899 1105 '

134 1156 158 1206 in
171 1169 238 1205 carne
248 1157 360 1218 apparuit.
373 1157 485 1214 Secundo,
494 1155 538 1203 luit
547 1168 675 1217 congruum
686 1156 797 1218 dignitati
807 1156 895 1206 llatrisi

133 1241 185 1290 qum
203 1241 249 1277 non
268 1227 339 1276 solbrn
359 1225 382 1276 in
401 1232 490 1286 mente,
506 1226 547 1275 secl
568 1225 724 1290 incorporeo
745 1233 828 1278 ventre
842 1227 902 1277 ernt'

134 1297 217 1348 Filimu
237 1303 353 1361 receptura
369 1313 374 1345 :
389 1303 412 1348 et
430 1299 479 1347 ideo
496 1310 541 1347 non
561 1295 634 1346 solinu
654 1312 724 1348 meus
740 1301 812 1364 ejus,
826 1301 862 1349 sed
876 1305 892 1346 nt

135 1383 214 1420 sericus
225 1370 325 1433 corporei
345 1375 410 1420 erant
423 1369 510 1418 visione
523 1367 629 1428 Angelioa
643 1370 777 1421 refovendi.
797 1371 892 1431 Tertius

133 1441 194 1504 grnit
208 1439 336 1490 certitudini
350 1440 400 1503 ejus
413 1441 471 1502 quod
484 1439 680 1502 annuntiabatnr3
692 1455 721 1490 ea
737 1443 802 1491 enim
812 1481 819 1503 ,
831 1456 896 1504 unas

135 1513 206 1562 oculis
218 1513 329 1575 subjecta,
348 1512 431 1560 certius
443 1511 652 1573 apprehendimus,
668 1525 742 1574 quam
756 1528 784 1563 ea
799 1529 849 1575 unm
862 1515 888 1561 in

134 1597 223 1634 namur.
238 1584 301 1633 Unde
314 1582 491 1646 Ctrrysostonrns
506 1582 562 1630 dicit
576 1595 645 1645 snper
660 1584 759 1633 macru.
776 1585 873 1648 (Hornil.
885 1586 902 1632 p

133 1654 195 1718 quod
210 1655 309 1715 Angelus
324 1671 336 1700 n
349 1667 393 1703 non
408 1651 431 1702 in
446 1651 542 1714 somnis,
552 1652 599 1700 imd
618 1653 746 1704 visibiliter
759 1657 852 1719 t'irgiui
862 1663 891 1703 ast

135 1737 187 1772 nam
209 1727 259 1786 qnia
286 1737 389 1787 maguam
410 1723 473 1774 valdd
493 1724 627 1773 relationem
647 1725 780 1789 accipiebat
803 1730 832 1778 ab
853 1735 894 1787 Aut

134 1795 217 1857 egebat
232 1801 285 1846 ante
301 1801 368 1846 tautae
383 1794 415 1845 rei
427 1800 536 1846 eventum
550 1795 639 1845 visione
649 1797 750 1846 solemni
766 1798 839 1863 (1).»

168 1866 201 1914 Ad
217 1866 315 1928 primum
335 1879 389 1929 ergo
403 1866 540 1926 dicendum,
555 1865 615 1928 undd
628 1865 833 1919 intelleclectualis
847 1871 892 1918 visi

134 1937 209 2000 potior
222 1951 289 2000 qnam
311 1937 368 1988 visio
381 1937 512 2000 imaginaria
531 1937 567 1986 vel
583 1938 722 2001 corporalis,
736 1940 758 1988 si
780 1942 811 1990 sit
830 1944 907 1991 sola>

135 2007 187 2070 ipse
203 2010 340 2071 Augustinus
354 2007 409 2058 dinit
428 2009 524 2065 (eodem
535 2007 575 2057 lib.
589 2022 641 2071 cap.
652 2009 684 2058 tx
694 2010 714 2070 l,
727 2011 790 2072 qudd
802 2014 898 2062 excelle:¹

136 2083 172 2128 est
185 2081 304 2143 prophetia
323 2093 373 2142 qum
387 2080 456 2128 habet
470 2078 536 2129 simul
553 2078 734 2128 intellectualem
751 2087 776 2131 et
790 2083 894 2145 invnginn

135 2149 264 2210 visionem,
278 2163 344 2212 quam
359 2151 396 2200 illa
410 2165 459 2214 quae
479 2151 548 2200 babet
561 2151 655 2200 alteram
667 2154 773 2203 tanturn.
789 2155 861 2203 Beata
873 2170 895 2202 ni

135 2219 205 2284 Virgo
217 2235 263 2272 nou
279 2221 352 2271 solnm
366 2223 467 2286 percepit
481 2221 593 2273 visionem
605 2224 762 2288 corporalem,
772 2227 814 2276 sed
829 2227 892 2276 etiarn

136 2292 288 2343 tellectualem
299 2293 498 2344 illuminationem.
511 2295 575 2344 llude
586 2293 637 2343 talis
653 2297 769 2358 apparitio
785 2299 897 2348 nobilior·

135 2363 228 2414 Fuisset
243 2369 318 2414 tamen
333 2365 438 2428 nobilior,
449 2366 469 2415 si
481 2367 556 2429 ipsum
569 2365 680 2428 Angelum
692 2367 849 2418 intellectuali
861 2374 890 2415 vif

136 2435 160 2484 in
171 2447 212 2484 sna
226 2435 352 2486 substantia
367 2435 474 2500 vidisset;
491 2437 531 2486 sed
544 2438 588 2486 boc
600 2450 647 2486 non
664 2437 798 2500 patiebatur
817 2446 885 2489 status
900 2459 903 2481 ι

136 2507 205 2557 minis
219 2507 327 2569 viatoris,
340 2507 400 2571 qndd
417 2509 528 2570 Angelum
545 2522 585 2572 pec
604 2507 728 2558 essentiam
743 2511 845 2560 videret.

169 2580 202 2630 Ad
220 2579 340 2630 secundum
355 2577 484 2641 dicendum,
495 2577 557 2644 quod
566 2579 700 2641 imaginatio
715 2583 753 2630 est
767 2581 864 2646 quidem
879 2580 897 2628 ni

170 2737 206 2802 (l)
220 2743 265 2786 Vel
279 2743 346 2798 juxte
363 2755 464 2798 graeoum
476 2736 630 2809 παραδοξου,
647 2755 727 2800 cupra
738 2746 887 2801 opinionem
900 2757 909 2781 ··

138 2810 264 2914 girtudili,
287 2812 336 2858 vive
357 2812 483 2871 inusitata,
503 2819 550 2858 etc.
571 2815 602 2859 Et
622 2812 728 2859 insolito
748 2813 811 2861 torte
836 2818 905 2872 scrip.

165 2883 179 2913 8
191 2902 197 2914 .
