1917 3317
97 235 143 283 113
174 242 284 282 sucorum
300 243 426 291 sucurram,
440 241 532 287 333333.
550 240 680 291 ccxxxvnr,
696 243 752 282 aar.
768 231 814 282 rur,
848 205 855 222 ¹

96 335 163 386 quam
174 319 262 400 perlicit
276 318 467 381 amorlleiusque
484 321 510 368 ad
526 322 679 383 contemptum
694 321 744 380 sui,
756 321 839 372 habere
854 321 898 372 ali-

96 393 148 456 quid
163 391 275 456 proprium
290 393 399 471 repugnat
413 404 453 454 333
455 389 546 440 13311331
560 390 696 455 religionis;
712 393 751 442 331
765 393 896 445 sollicitudo

96 477 146 529 que
158 463 275 513 adhibetur
288 462 347 512 circa
359 463 418 512 bona
428 461 556 512 eommunia
565 463 693 543 ,pertinuere
707 466 782 526 potest
795 465 821 514 ad
838 466 897 516 cba-

96 535 199 597 ritatem,
210 535 300 584 113311
278 534 345 583 etiam
359 548 401 597 per
413 519 456 583 ho'c
469 533 572 596 impediri
585 533 656 597 possit
664 534 745 598 aliquis
759 535 824 586 altior
833 538 894 588 cba-

96 605 155 656 mla
149 620 170 655 rs
188 609 266 669 actus,
285 605 341 668 puta
357 604 554 668 contemplationis
572 605 653 656 divine
678 610 716 656 aut
737 607 897 658 instructionis

96 679 260 742 proximorum.
273 679 306 726 Ex
320 685 366 741 quo
378 681 452 741 patet,
468 676 528 739 quod
545 678 626 727 habere
640 675 848 741 superabundantes
860 679 897 729 di-

96 749 163 800 uitias
175 751 199 798 in
216 749 342 810 communi,
356 750 403 800 3133
422 749 447 799 13
465 748 533 798 rebus
546 749 678 812 mobilibus,
700 750 748 800 sive
768 751 791 799 in
808 751 897 801 imma-

96 823 195 880 billbus‚
209 826 244 871 est
264 821 449 884 impedimentum
469 820 627 884 perfectionis,
647 821 699 872 licet
723 835 769 870 nou
792 823 896 873 totaliter

97 894 201 943 excludat
217 907 276 943 eam.
289 893 375 942 Habere
393 896 468 943 autem
482 893 510 941 de
532 893 598 942 rebus
619 893 769 943 exterioribus
786 893 809 942 in
828 908 896 944 com-

97 966 159 1014 muni
167 1003 175 1028 ,
190 966 239 1014 sire
253 964 386 1025 mobilibus,
400 965 447 1014 siue
461 964 631 1026 immobilibus,
647 969 754 1028 quantum
769 966 896 1018 331131131

96 1036 223 1100 simplicem
245 1037 344 1098 nictum,
364 1036 526 1100 perlectionem
548 1035 663 1099 religionis
681 1049 726 1086 nou
748 1037 858 1100 impedit,
873 1039 895 1088 si

97 1109 251 1160 consideretur
261 1111 379 1172 paupertas
388 1107 627 1172 percomparationem
636 1109 663 1158 ad
673 1123 814 1159 communem
824 1111 897 1160 tinem

97 1181 245 1242 religionum,
265 1181 302 1244 qui
314 1184 349 1230 est
359 1193 438 1230 vacare
453 1180 535 1229 divinis
549 1180 674 1244 obsequiis.
689 1181 714 1230 Si
728 1185 802 1230 autem
818 1181 898 1232 cousi-

97 1252 187 1302 deretur
207 1266 248 1317 per
260 1251 448 1314 comparationem
468 1252 496 1301 ad
509 1252 618 1315 speciales
631 1251 687 1302 113333
701 1252 851 1315 religionum,
862 1253 897 1304 sic

97 1325 263 1388 praesupposito
275 1324 316 1372 tali
328 1323 371 1372 line
382 1327 502 1387 paupertas
514 1323 586 1386 major
599 1325 633 1374 331
654 1325 727 1374 minor
743 1327 777 1376 331
791 1323 899 1386 religioni

97 1397 247 1445 accommoda.
258 1397 286 1446 m
301 1394 364 1444 tantd
376 1394 419 1444 erit
429 1407 568 1458 unaqueque
577 1395 655 1458 religio
667 1396 789 1446 secundum
799 1409 900 1459 pauper-

97 1469 166 1517 tatem
179 1468 308 1531 perfectior,
323 1465 409 1529 quantd
422 1467 490 1515 habet
507 1471 662 1530 paupertatem
681 1467 752 1530 magis
765 1467 898 1530 proportio-

97 1541 171 1587 natam
188 1553 229 1591 suo
244 1539 293 1588 1131.
312 1539 455 1588 Manifestum
476 1540 511 1587 est
523 1539 597 1600 enim,
620 1537 680 1602 qudd
698 1539 724 1588 31
740 1537 852 1589 exteriora
874 1543 899 1590 et

98 1611 219 1675 corporalia
239 1622 307 1674 opera
322 1610 375 1660 31133
395 1609 473 1660 activae
492 1609 579 1672 indiget
593 1604 663 1660 homo
676 1610 740 1674 copia
759 1609 899 1662 exteriorum

96 1695 186 1738 rerum;
201 1682 230 1731 ad
248 1682 457 1745 contemplationem
478 1685 554 1731 autem
570 1695 641 1746 pauca
659 1682 817 1744 requiruntur3
834 1684 898 1734 unde

98 1752 249 1818 Philosophus
262 1753 317 1803 dicit
332 1754 494 1817 1331111113.
514 1751 579 1818 (cap.
596 1752 641 1817 8),
656 1752 715 1816 qudd
728 1771 742 1801 3
757 1754 782 1803 31
793 1753 898 1804 actiones

97 1825 175 1873 miultis
190 1839 248 1888 opus
259 1830 306 1886 est,
321 1828 344 1874 31
356 1823 439 1888 quanto
455 1823 533 1887 utique
548 1824 646 1888 majores
662 1827 715 1874 sunt
735 1837 761 1874 ac
775 1825 897 1889 meliores,

99 1897 218 1960 pluribus3
234 1896 362 1960 speculanti
382 1901 456 1946 autem
470 1899 531 1946 nulla
546 1898 623 1946 talium
639 1898 667 1947 ad
688 1897 839 1961 operationem
861 1903 899 1949 est

100 1969 236 2028 necessitas,
247 1969 286 2018 sed
300 1969 355 2018 solis
366 1968 499 2018 necessariis
510 1969 604 2032 indiget,
615 1969 659 2018 alia
669 1969 721 2019 uero
733 1969 900 2032 impedimenta

101 2045 153 2091 sunt
168 2041 195 2090 31
207 2041 393 2105 speculationem.
401 2057 414 2088 33
428 2041 465 2090 Sic
474 2055 528 2104 ergo
539 2045 600 2105 33131
610 2040 669 2105 qudd
684 2042 823 2105 religioque
836 2043 900 2094 ordi·

35 2171 39 2178 ,
100 2117 167 2163 natur
178 2113 205 2162 ad
222 2113 321 2163 actiones
332 2114 457 2177 corporales
468 2113 547 2164 activae
559 2114 612 2164 3113
620 2152 627 2177 ,
636 2113 690 2178 3311
704 2115 731 2164 31
741 2114 899 2177 militandum,

100 2186 139 2235 331
152 2185 179 2234 31
192 2184 369 2249 hospitalitatem
381 2185 526 2248 sectandam,
542 2186 672 2248 imperfecta
686 2190 745 2236 33331
760 2185 778 2236 31
793 2199 898 2236 commu-

99 2257 167 2307 nibus
181 2260 266 2307 careret
278 2256 379 2320 divitiis;
392 2257 516 2318 religiones
531 2261 605 2307 autem
624 2271 673 2320 qum
689 2258 716 2307 ad
735 2257 900 2322 contemplati-

99 2342 151 2379 ram
161 2329 232 2378 vitam
241 2328 389 2389 ordinantur,
400 2331 463 2378 tauto
476 2328 621 2392 perfectiores
634 2331 700 2391 sunt,
715 2327 799 2392 quantd
818 2343 901 2382 eorum

98 2404 219 2464 paupertas
242 2399 352 2449 minorem
374 2400 408 2450 eis
432 2399 604 2450 sollicitudinem
629 2400 784 2464 temporalium
804 2401 898 2465 ingerit.

99 2472 172 2522 Tanto
187 2476 262 2522 autem
275 2471 400 2522 sollicitudo
411 2473 568 2536 temporalium
579 2486 653 2522 rerum
668 2471 739 2535 magis
753 2474 849 2537 impedit
863 2489 901 2526 re-

98 2543 221 2608 ligionem,
232 2543 317 2606 quantd
330 2544 456 2593 sollicitudo
473 2544 623 2608 spiritualium
638 2544 711 2606 major
720 2546 747 2594 ad
761 2545 900 2608 religionem

97 2617 227 2678 requiritur.
239 2615 379 2667 llanilestum
389 2622 423 2666 est
437 2621 513 2666 autem
525 2616 584 2680 qudd
596 2617 703 2680 majorem
718 2617 899 2670 sollicitudinem

99 2687 247 2751 spiritualium
264 2688 360 2751 requirit
369 2688 447 2749 religio
461 2691 563 2751 quaeest
577 2687 678 2738 instituta
692 2689 718 2738 ad
739 2691 900 2753 contemplan-

99 2759 165 2818 dum,
178 2762 202 2809 et
219 2759 371 2822 contemplata
389 2759 440 2809 aliis
453 2759 586 2808 tradendum
604 2773 644 2824 per
659 2760 783 2812 doctrinam
798 2765 901 2826 31333-

99 2831 249 2894 dlcationem,
262 2831 329 2895 quam
350 2833 389 2881 illa
402 2845 453 2894 que
470 2835 505 2882 est
520 2830 623 2881 instituta
646 2834 674 2883 ad
697 2834 899 2896 contemplandum

100 2905 197 2953 tantum.
207 2904 269 2953 Unde
278 2904 346 2954 talem
361 2902 493 2966 religionem
504 2903 567 2953 decet
581 2909 701 2968 paupertas
721 2903 833 2966 talisque
853 2905 902 2955 mi·

102 2973 189 3026 nimam
197 2974 370 3028 sollicitudinem
382 2975 478 3038 ingerat.
488 2975 633 3028 lilanilcstum
644 2979 679 3029 est
691 2977 767 3027 autem
781 2975 902 3040 3311311-
936 3007 940 3016 ·
