1917 3317
189 215 217 252 nn
231 214 299 254 rouo
312 214 409 253 macrus
425 196 503 255 sunni
514 215 653 257 murmuri.
774 208 821 255 stt

58 284 119 335 oh'ud
130 286 190 341 didert
205 295 329 357 supposito.
346 292 407 357 Ergo
425 293 482 345 unio
501 293 569 345 verbi
585 294 700 346 incarnati
720 306 768 346 non
785 296 822 345 cst

58 358 102 407 iacta
112 360 132 409 in
147 364 258 427 supposito.

82 434 99 481 t.
107 432 206 497 Pmtcren,
214 436 343 502 hypostasis
357 437 416 487 nihil
429 437 491 488 ahud
502 443 537 489 est
548 438 616 503 quhm
630 439 760 489 substantia
769 453 822 504 par·

57 500 145 561 tincturis.
157 512 179 557 ut
191 508 277 560 Boetius
290 509 346 559 dicit
357 510 381 560 iu
399 511 439 560 lib.
456 512 493 560 Dc
504 511 581 561 doch.
597 513 650 561 not.
675 512 822 563 Manifestum

55 580 82 623 est
95 580 230 643 auhm.'ouhd
240 581 263 630 in
279 582 372 632 Christo
386 586 422 632 est
432 584 536 647 quadam
548 582 590 632 alia
605 582 731 633 substantia
744 583 821 645 parti-

54 647 121 697 cniaris
133 656 204 713 prater
212 652 350 717 hypostasim
366 653 450 715 Verbi,
465 654 555 704 scilicet
567 668 649 717 corpus
662 657 686 703 et
701 652 786 715 anima,
796 657 822 705 et

57 722 175 781 scommatum
193 736 219 773 en
236 724 276 775 eis.
299 726 359 789 Ergo
373 724 463 789 inipso
482 729 518 776 est
535 725 580 775 alia
593 724 723 789 hypostasis
737 728 821 789 preter

57 790 164 851 hypostasim
172 796 244 849 Verbi.

79 866 96 911 ³.
108 864 215 931 betereo,
229 868 358 934 hypostasis
370 868 440 920 Verbi
452 880 499 919 nou
511 868 642 919 continetur
654 868 680 918 in
689 868 767 931 aliquo
778 880 818 929 gc-

53 948 104 996 nere,
115 952 178 1003 neque
191 942 229 991 sub
242 942 338 1006 specie,
354 946 379 992 ut
391 944 453 1005 patet
467 955 496 993 en
509 942 546 991 his
560 954 612 1003 qne
626 941 651 990 in
669 941 742 1004 prima
754 942 819 1005 parto

50 1007 93 1054 dida
105 1016 149 1061 sunt
161 1016 202 1073 (1).
212 1015 254 1064 Sed
268 1012 380 1074 Christus,
391 1013 517 1064 secundum
531 1014 591 1075 quod
605 1015 641 1064 est
655 1014 730 1062 tactus
740 1015 819 1071 homo,

49 1081 153 1133 nudantur
163 1086 202 1135 suh
214 1086 291 1150 specie
305 1088 418 1148 humana3
432 1085 488 1135 dicit
503 1086 564 1135 eninr
577 1086 692 1149 Dionysus
703 1086 713 1134 1
723 1096 774 1147 cap.
785 1084 821 1133 Dc

51 1150 88 1198 din.
103 1155 216 1207 Nomin.:
233 1173 247 1204 rr
265 1158 327 1207 lutra
346 1162 431 1207 natura
451 1158 534 1207 uostrae
553 1155 664 1206 terminos
679 1155 761 1217 uenit,
780 1154 822 1219 qui

49 1233 118 1273 ‹thtdtm
130 1228 192 1277 tutius
202 1233 287 1279 naturae
302 1229 404 1279 ordinem
419 1229 615 1292 supereminenter
629 1228 755 1279 excedito
769 1228 822 1277 Non

50 1300 105 1345 anton
124 1302 243 1351 continetur
261 1301 306 1352 snb
326 1300 404 1365 specie
423 1302 536 1364 humana,
547 1300 593 1351 nisi
612 1300 672 1350 sicut
690 1299 822 1364 hypostasis

51 1370 128 1425 ‹puadam
139 1373 239 1425 humare
251 1373 346 1438 speciei.
360 1374 390 1422 Et
402 1373 435 1423 sic
448 1373 510 1423 idem
524 1374 583 1436 quud
597 1372 671 1437 prius.

74 1437 105 1487 Sed
115 1449 184 1493 contra
202 1448 251 1506 est,
269 1446 330 1509 quod
351 1446 506 1495 Damascenus
520 1444 576 1493 dicit
590 1444 612 1492 in
627 1443 667 1493 lli.
683 1442 725 1492 lib.
742 1457 749 1491 :
767 1443 822 1492 uln

53 1508 120 1625 lhunino
134 1519 187 1567 iesu
204 1518 295 1569 Christo
308 1519 365 1567 duas
379 1521 470 1567 naturas
488 1515 651 1581 agnoscimus,
663 1527 732 1564 unam
746 1517 823 1565 autem

65 1595 75 1642 ι’
97 1624 103 1632 .
122 1588 166 1639 sim.
181 1604 194 1635 n

75 1591 214 1717 fficnnsro.
223 1660 431 1711 -incamationis
437 1658 505 1709 Verbi
514 1658 624 1709 unionem
634 1640 719 1707 iactam
732 1668 784 1707 esse
798 1655 822 1705 in

49 1725 137 1787 hypostasi
151 1738 173 1784 ει
193 1732 274 1783 divino
290 1731 408 1795 supposito
422 1731 560 1780 credendum
576 1731 639 1792 est.)

71 1799 180 1865 despondeo
192 1804 326 1867 dicendum,
340 1802 399 1866 qudd
414 1802 506 1866 quidum
522 1801 654 1864 ignorantes
667 1798 823 1849 habitudinem

49 1873 146 1932 *dumosis
157 1878 186 1927 ad
199 1889 339 1942 personam,
353 1874 408 1924 licet
421 1875 547 1924 concedant
560 1872 584 1922 in
597 1870 688 1922 Christo
705 1883 775 1919 unam
786 1882 823 1919 so-

50 1949 78 1990 un
87 1960 190 2007 peronam
200 1988 207 2011 ,
218 1950 346 2014 posuerunt
354 1949 432 1997 tamen
443 1946 511 1997 aliam
520 1944 661 2010 hypostasim
672 1944 712 1994 hei
721 1946 745 1993 et
756 1942 824 1992 aliam

52 2018 134 2080 trahis,
151 2036 177 2071 ac
192 2022 214 2072 si
232 2021 288 2071 unio
302 2020 333 2069 sit
346 2020 405 2069 iacta
419 2018 444 2068 in
464 2031 576 2084 persona,
589 2030 635 2067 non
648 2016 673 2065 in
693 2012 823 2080 hypostasi

52 2090 93 2139 ἰιι
108 2094 192 2154 quidem
215 2096 312 2157 apparet
331 2104 451 2141 emuneum
472 2088 612 2153 tripliciter:
628 2086 760 2151 paphen
782 2088 825 2137 hoc

55 2159 91 2216 'rid
99 2179 193 2225 persona
213 2176 285 2229 super
297 2162 440 2228 hypostasim
451 2174 499 2211 uon
514 2160 578 2211 addit
589 2159 634 2210 nisi
651 2158 826 2210 determinatam

56 2236 134 2298 sarriana,
145 2238 234 2289 scilicet
246 2235 383 2287 rationalem
393 2251 400 2297 3
412 2235 538 2285 secuudum
551 2233 612 2295 quud
623 2232 717 2282 Baetim
732 2229 787 2280 dicit
800 2229 826 2279 iu

57 2298 81 2348 n.
92 2307 196 2360 bedorah.
209 2312 276 2363 unt..
290 2306 351 2371 quhd
365 2318 485 2370 «persona
494 2308 530 2356 est
538 2304 659 2354 rationalis
669 2306 755 2353 nature
766 2301 826 2351 iudi·

57 2370 104 2426 sitne
115 2380 244 2431 substantia.
260 2397 275 2428 n
289 2380 318 2428 ht
333 2378 384 2429 ideo
398 2377 458 2428 idem
472 2380 507 2428 est
519 2376 640 2426 attribuere
653 2374 769 2438 propriam
782 2374 827 2439 hy-

56 2450 131 2500 Iostasiu
142 2454 249 2503 humanas
268 2454 356 2501 naturae
375 2450 399 2499 iu
410 2450 514 2509 Christo,
528 2452 551 2499 et
560 2445 676 2511 propriam
694 2458 824 2509 personam.
921 2491 923 2494 ,

55 2514 95 2567 ἰιι
107 2522 252 2588 utelhgentes
265 2523 340 2573 sancti
351 2522 445 2583 Patres,
460 2524 582 2584 utrumque
600 2516 734 2569 iutconsitio
747 2516 826 2579 quintu

56 2590 312 2660 h¹1ttcnsuutinopohm
328 2592 441 2643 celebrato
453 2592 631 2649 damnaverunt,
643 2589 745 2639 dicentes
762 2586 825 2637 Can.
921 2649 922 2652 Ἴ

59 2653 69 2695 i
80 2673 84 2703 2
95 2664 183 2729 estquis
193 2667 341 2718 introducere
354 2668 448 2716 conatur
457 2663 481 2713 iu
490 2662 599 2729 mysterio
608 2660 693 2711 Christi
706 2660 763 2709 duas
773 2657 826 2707 suh·

61 2734 153 2801 sustentas,
169 2752 209 2790 seu
220 2740 279 2790 duas
289 2734 415 2805 personas,
429 2736 550 2786 anathema
562 2733 608 2797 sit;
621 2730 736 2784 necerim
748 2728 826 2791 adiec-

62 2878 213 2996 mmm
229 2908 270 2955 qu.
284 2892 309 2955 3,
325 2898 370 2939 art.
385 2890 400 2936 5
413 2925 420 2953 ,
431 2889 472 2939 ubi
483 2894 557 2938 neum
570 2901 617 2936 uon
637 2897 690 2932 csse
703 2884 728 2928 in
745 2890 829 2939 80001'0

101 2962 111 2995 a
119 2966 147 2999 nr.
