1917 3317
544 140 634 186 *²23⁰
929 147 1054 186 rans
1088 148 1170 197 m,
1204 146 1390 192 Qnaesr.
1421 144 1504 197 m,
1538 145 1652 185 Aur.
1688 147 1758 184 vr.

548 238 684 275 unam
716 236 956 288 personam
977 225 1225 274 humanam
1240 260 1254 284 ‚
1278 222 1399 273 sicut
1420 227 1466 273 et
1487 223 1732 273 Anselmus
1749 221 1855 273 dicit
1871 220 1917 271 in

548 301 682 346 Deus
710 299 855 346 homo
889 296 1000 360 (lib.
1031 296 1098 358 ΙΙ,
1130 308 1231 359 cap.
1277 294 1367 357 9),
1397 294 1520 359 quod
1556 312 1584 342 «
1622 296 1775 359 plures
1809 307 1917 359 pers

548 369 740 433 possunt
766 382 995 419 assumere
1024 380 1164 417 unum
1192 366 1496 430 eumdemque
1523 367 1761 417 hominem
1785 366 1832 417 in
1853 380 1917 416 un

552 452 695 490 sonte.
717 456 745 487 »

620 512 686 560 Ad
716 512 909 575 primum
937 524 1046 574 ergo
1073 512 1344 573 dicendum,
1371 509 1494 573 quod
1529 510 1617 560 hac
1644 510 1871 573 positione
1900 510 1917 558 t

559 581 661 631 licet
680 582 799 645 quod
831 587 922 633 tres
943 597 1150 646 personae
1178 587 1464 632 assumerent
1491 595 1632 632 unam
1659 583 1906 631 humanam

560 666 719 703 verum
749 658 872 703 esset
915 655 1066 704 dicere
1102 654 1226 718 quod
1260 657 1352 703 tres
1382 666 1591 717 personae
1635 657 1793 703 essent
1830 665 1917 702 unt

560 728 741 789 propter
761 739 901 775 unam
927 730 1134 775 naturam
1164 728 1427 775 humanam.
1454 726 1581 775 Sicut
1602 724 1728 775 enim
1755 737 1878 774 nunc
1905 740 1917 760 ¹

560 797 711 846 dicere
737 794 859 859 quod
880 802 972 847 tres
994 810 1200 861 personae
1226 801 1334 848 sunt
1366 812 1494 846 unus
1521 798 1685 853 Deus,
1709 802 1899 861 propter

564 868 715 917 vinam
754 873 989 931 naturam,
1025 869 1092 919 sic
1124 882 1285 918 verum
1324 872 1447 918 esset
1483 868 1632 918 dicere
1672 867 1798 931 quod
1839 880 1916 918 ess

560 941 725 999 ἡονηο,
750 945 937 1003 propter
956 954 1094 989 unam
1123 944 1325 990 naturam
1356 943 1618 989 humanam.
1647 940 1744 989 Nec
1771 941 1821 1001 ly
1843 953 1913 989 un

564 1015 677 1061 taret
713 1011 937 1062 unitatem
966 1026 1173 1077 personae
1190 1052 1203 1073 ,
1231 1013 1309 1062 sed
1347 1012 1571 1062 unitatem
1600 1012 1650 1060 in
1677 1014 1879 1074 natura3

564 1088 718 1149 posset
744 1084 873 1147 argui
908 1099 967 1135 ex
1001 1087 1088 1135 hoc
1115 1085 1235 1148 quod
1261 1088 1354 1134 tres
1369 1097 1574 1147 persona}
1589 1088 1698 1132 sunt
1718 1098 1852 1133 unus
1866 1084 1917 1132 lu

564 1159 718 1206 essent
747 1169 868 1205 unus
903 1156 1198 1219 simpliciter,
1227 1155 1344 1205 nihil
1373 1156 1497 1205 enim
1524 1155 1737 1219 prohihet
1764 1156 1917 1207 dicere

568 1226 715 1277 mines
738 1226 822 1289 qui
851 1230 958 1276 sunt
984 1228 1136 1290 plures
1163 1226 1445 1291 simpliciter,
1472 1225 1566 1276 sint
1592 1239 1714 1276 unus
1739 1228 1917 1290 quantu

568 1297 675 1361 quid
694 1336 707 1358 ‚
745 1297 856 1362 puta
886 1313 1015 1347 unus
1048 1299 1285 1363 populu&
1317 1299 1375 1348 Et
1411 1298 1532 1347 sicut
1553 1298 1840 1360 Augustinus
1857 1299 1917 1348 dii

572 1370 754 1421 Trinit.
784 1370 921 1433 (cap.
942 1372 1028 1433 3),
1056 1371 1287 1421 diversum
1309 1375 1380 1421 est
1404 1374 1564 1420 natura
1583 1368 1782 1432 Spiritus
1808 1370 1896 1420 Dei

572 1442 791 1505 hominis,
836 1443 912 1492 sed
956 1442 1217 1493 inhaerendo
1256 1442 1307 1491 fit
1348 1455 1468 1491 unus
1504 1440 1735 1504 spinum,
1773 1454 1917 1492 secun

572 1516 607 1562 Ι.
647 1514 783 1572 Cor..
816 1515 876 1563 VI
908 1529 919 1562 :
956 1514 1089 1571 «Qui
1119 1515 1322 1564 adhaeret
1346 1515 1468 1576 Deo,
1498 1525 1616 1562 unus
1641 1512 1833 1575 spiritus
1856 1521 1917 1563 est

631 1587 700 1638 Ad
736 1586 988 1637 secundum
1015 1585 1256 1635 dicendum
1277 1621 1290 1648 ‚
1312 1584 1436 1649 quod
1462 1583 1540 1633 illa
1565 1583 1796 1648 positione
1831 1585 1917 1635 fact

572 1659 730 1707 natura
754 1661 875 1707 esset
902 1659 1138 1720 assumpta
1160 1658 1209 1706 in
1242 1657 1419 1707 unitate
1436 1694 1448 1718 ,
1471 1668 1567 1707 non
1587 1654 1727 1705 unius
1750 1668 1917 1719 person

572 1729 746 1778 unitate
775 1729 1054 1792 singularum
1081 1741 1376 1792 personarum
1397 1767 1409 1791 ,
1434 1729 1498 1779 ita
1529 1728 1706 1777 scilicet
1731 1727 1854 1791 quod
1879 1729 1917 1779 si

580 1804 737 1850 natura
774 1802 911 1851 habet
938 1803 1192 1851 naturalem
1224 1801 1448 1851 unitatem
1481 1814 1582 1850 cum
1619 1800 1814 1863 singulis
1852 1815 1914 1865 pe

576 1876 736 1923 natura
773 1873 976 1923 humana
1007 1874 1196 1924 haberet
1224 1874 1448 1925 unitatem
1475 1886 1578 1924 cum
1608 1871 1805 1936 singulis
1839 1887 1917 1938 pei

576 1943 761 1995 tionem.

633 2018 702 2067 Ad
738 2016 923 2069 tertium
963 2017 1232 2080 dicendum,
1256 2018 1376 2081 quod
1408 2020 1528 2068 circa
1553 2018 1823 2081 mysterium
1853 2019 1917 2068 In«

576 2088 625 2139 tit
655 2088 1006 2140 communicatio
1028 2089 1355 2154 proprietatum
1377 2089 1703 2154 pertinentium
1732 2089 1790 2138 ad
1811 2094 1917 2139 natu

572 2174 870 2225 quaecumque
898 2162 1177 2212 conveniunt
1202 2164 1402 2225 naturae,
1430 2166 1622 2226 possunt
1645 2161 1889 2225 praedicari
1914 2187 1917 2207 ⁴

572 2232 849 2283 subsistente
876 2231 923 2281 in
946 2237 1109 2284 natura
1130 2234 1239 2296 illa,
1268 2233 1594 2297 cujuscumque
1616 2236 1796 2283 naturae
1824 2247 1917 2285 non

576 2304 751 2355 ficetur.
778 2303 998 2355 Praedicta
1024 2305 1164 2369 igitur
1190 2305 1417 2370 positione
1439 2304 1587 2366 sacta,
1613 2305 1669 2355 de
1697 2317 1900 2367 persona

576 2379 728 2426 terunt
755 2376 1016 2440 praedicari,
1046 2382 1092 2427 et
1118 2392 1174 2427 ea
1199 2391 1300 2439 quae
1320 2386 1430 2427 sunt
1455 2380 1669 2428 humanae
1690 2379 1897 2441 naturae,

576 2451 681 2498 sunt
718 2448 915 2510 divinae;
946 2452 994 2498 et
1027 2449 1230 2499 similiter
1261 2450 1317 2499 de
1352 2459 1546 2512 persona
1571 2448 1679 2499 Filii
1717 2453 1766 2499 et
1795 2449 1916 2514 Spiti

576 2519 677 2569 Non
703 2522 855 2569 autem
878 2518 925 2568 id
951 2521 1071 2581 quod
1098 2519 1365 2571 conveniret
1381 2532 1589 2584 personae
1618 2520 1767 2572 Patris
1792 2520 1917 2573 ratio:

576 2603 807 2657 personat,
845 2594 1001 2655 posset
1047 2590 1229 2641 attribui
1269 2604 1475 2655 persona>
1514 2592 1622 2642 Filii
1655 2595 1733 2643 aut
1776 2593 1917 2657 Spirit

580 2667 764 2727 propter
780 2662 1118 2713 distinctionem
1137 2676 1450 2728 personarum,
1473 2677 1574 2727 quae
1592 2668 1872 2715 remaneret.
1891 2668 1917 2716 f

576 2734 669 2785 dici
702 2733 823 2799 quod
850 2734 971 2784 sicut
993 2734 1132 2785 Pater
1158 2738 1228 2785 est
1253 2734 1504 2798 ingenitus,
1532 2736 1598 2785 ita
1619 2737 1758 2785 homo
1781 2741 1915 2787 esset

580 2807 825 2858 secundum
856 2808 979 2871 quod
1006 2809 1052 2871 ly
1091 2807 1236 2857 homo
1265 2812 1544 2869 supponeret
1579 2817 1663 2872 pro
1695 2819 1901 2871 persona

576 2879 679 2942 quis
701 2882 853 2931 autem
880 2878 1072 2931 ulterius
1101 2877 1368 2943 procederet
1392 2892 1405 2927 ε
1433 2893 1460 2927 α
1481 2879 1628 2930 Homo
1654 2883 1726 2930 est
1749 2880 1917 2946 ingeni
