1917 3317
264 126 443 169 ostsundroni
458 130 562 169 eurem.
765 119 811 172 etl

38 204 78 253 ted
88 206 179 255 eontra
193 208 238 267 est,
250 206 311 269 quod
322 207 429 259 Dominus
438 208 501 269 dicit,
514 209 617 264 liutto„
627 207 712 271 xxvi,
722 208 751 259 de
761 224 812 261 mu·

39 288 120 339 equae
132 288 191 326 eum
204 276 342 329 inunxerat:
359 281 443 344 «Opus
459 280 544 331 henum
559 282 651 343 operatu
659 284 694 330 est
704 279 729 329 iu
737 292 811 345 me3u

38 349 120 406 postea
138 348 249 398 subditur
264 364 270 399 :
288 350 401 402 ullittens
413 352 474 401 enim
489 353 534 403 iroe
547 355 688 415 unguentum
697 351 722 401 iu
731 365 813 417 eorpus

38 433 88 481 mu,
106 419 138 469 erl
155 420 313 483 sepeliendum
327 436 363 473 me
376 424 463 473 iecit.»

38 490 207 551 [Concnusro.
223 494 409 545 -couneniens
421 495 466 545 tuit
479 495 508 545 ad
521 492 708 559 comprobandam
723 494 812 545 curisti

38 574 79 608 um
86 565 231 623 mortem,et
238 567 264 613 ut
270 576 323 627 spes
329 566 461 629 resurgendi
468 566 563 617 mortuis
571 566 669 625 deretur,
676 567 700 615 et
707 566 812 629 spiritua-

45 632 131 681 mortis
140 637 167 683 et
174 636 299 698 sepulture
308 640 453 699 peecatorum
459 636 660 689 lieretlrominihms
667 638 807 701 exemplum,

42 703 154 755 Christus
168 718 216 755 nou
230 706 297 758 modt
311 710 445 769 moreretur,
459 710 499 759 sed
511 712 538 758 nt
552 708 620 758 etiam
630 708 784 772 sepeliretur.)

38 775 180 838 despondeo
198 776 333 840 dicendum,
350 778 411 842 qudd
425 779 565 830 eonveniens
580 780 627 830 tuit
644 778 761 829 Clmstum
775 793 811 830 se·

38 847 71 895 iri
87 861 93 895 :
109 847 193 899 Primo
207 850 299 912 quidem
311 888 317 910 ,
329 850 357 900 ad
378 851 568 916 comprobandum
584 850 703 901 veritntem
718 852 809 914 mortis3

38 919 129 968 neuim
151 920 178 969 iu
198 920 318 985 sepulchro
331 920 413 984 aliquis
435 922 536 985 ponitur,
551 921 598 971 nisi
615 922 705 986 quando
721 922 770 987 jam
782 924 811 973 do

38 988 103 1040 ritate
118 991 202 1042 mortis
215 995 312 1041 constat.
329 992 393 1043 Unde
410 994 501 1050 Maro„
512 993 567 1055 XV,
578 992 661 1055 legitur
670 992 731 1056 qndd
748 994 811 1044 Pila-

38 1074 58 1121 ;‚
73 1064 200 1125 antequam
217 1064 352 1113 concederet
364 1062 478 1113 Christum
492 1063 599 1126 sepeliri,
615 1063 718 1124 diligenti
735 1064 811 1128 inqui-

41 1132 90 1183 ione
105 1134 217 1197 coguovit
231 1148 283 1185 eum
298 1140 411 1186 mortuum
427 1148 488 1187 esse.
505 1134 623 1198 Secundo,
637 1135 691 1198 quia
710 1148 752 1200 per
767 1138 812 1187 hoe

38 1203 67 1253 ,lul
83 1204 192 1256 Christus
212 1206 240 1256 de
250 1206 369 1271 sepulchro
378 1208 514 1270 resurrexit,
529 1208 596 1257 datur
609 1220 661 1270 spes
678 1207 812 1271 resurgendi

38 1290 51 1322 r
62 1276 141 1339 ipsum
149 1276 190 1327 his
199 1277 241 1341 qui
250 1281 304 1327 snut
312 1278 337 1327 in
346 1278 474 1343 sepulchro,
485 1278 609 1329 mcuudlm
618 1278 674 1328 illud
682 1278 811 1335 team:

38 1348 168 1412 omnesqui
180 1349 204 1397 in
215 1349 369 1399 monumentis
382 1352 450 1412 sunt,
462 1350 556 1400 audient
567 1362 649 1401 rocem
661 1348 714 1398 lilii
723 1349 775 1410 liei,
788 1352 812 1400 et

38 1416 52 1465 ri
66 1418 194 1481 audierint,
208 1418 295 1469 visent.
307 1435 322 1467 u
334 1420 418 1483 Tertio,
433 1423 460 1472 ad
477 1422 606 1485 exemplum
623 1432 700 1471 eorum
719 1420 759 1484 qui
770 1432 813 1483 per

38 1494 105 1539 ortem
124 1488 209 1541 Christi
226 1490 374 1555 spiritualiter
392 1492 520 1542 moriuntur
531 1492 650 1557 petentis,
665 1490 705 1554 qui
724 1490 812 1542 scilieet

38 1562 179 1611 reconduntur
190 1562 386 1613 ieonturhatione
398 1562 525 1627 hominum3
536 1562 597 1613 unde
610 1563 691 1613 dieitur
703 1562 811 1619 Colore,

38 1634 42 1679 l
57 1648 87 1680 :n
96 1634 178 1684 itiortni
190 1635 263 1697 estis,
278 1639 301 1685 et
311 1635 359 1684 nita
370 1638 448 1684 uestra
461 1634 592 1685 abscondita
602 1638 640 1685 est
652 1646 703 1683 enm
718 1634 810 1684 Christo

50 1705 103 1768 lleo;
115 1720 129 1753 n
140 1704 201 1755 uude
212 1708 236 1755 et
244 1705 368 1769 baptizati,
379 1706 419 1768 qui
430 1718 471 1769 per
480 1709 576 1756 mortem
587 1705 672 1755 Christi
682 1706 809 1755 monentur

38 1777 126 1839 reculis,
138 1776 204 1839 quusi
216 1775 400 1840 consepeliuntur
413 1777 504 1828 Christo
521 1790 562 1841 per
572 1777 757 1837 immersionem,
769 1788 812 1825 se-

38 1847 111 1897 rndirm
133 1848 188 1899 illud
207 1849 288 1907 Rom,
303 1848 333 1897 Vl
354 1863 359 1897 :
378 1865 391 1895 u
407 1848 538 1913 Consepulti
555 1862 634 1900 sumus
652 1862 703 1899 eum
721 1848 811 1899 christo

38 1930 56 1966 er
64 1918 200 1983 baptismum
216 1919 241 1970 iu
252 1922 355 1970 mortem.
370 1936 384 1967 n

50 1992 79 2040 ld
92 1990 188 2055 primum
198 2003 252 2055 ergo
265 1991 385 2041 dicendum
395 2030 401 2053 ,
410 1990 468 2055 qndd
484 1991 588 2041 Christus
599 1989 702 2054 sepultus
714 2002 739 2040 se
751 1990 812 2041 inter

38 2067 116 2111 rortuos
129 2062 224 2113 liberum
236 2061 306 2112 fuisse
320 2062 427 2124 ostendit,
440 2062 464 2111 iu
478 2062 522 2113 hoe
537 2059 599 2125 qudd
610 2074 651 2125 per
661 2061 810 2111 inclusionem

38 2132 128 2195 epulelrri
141 2146 185 2184 uon
202 2133 279 2198 potuit
293 2132 384 2196 impdiri
399 2134 455 2197 quin
468 2132 497 2182 eb
511 2145 538 2183 eo
550 2133 689 2195 resurgendo
705 2132 809 2183 exiverit.

52 2206 81 2255 ld
96 2207 218 2257 seeundum
228 2205 366 2269 dicendum,
377 2205 437 2269 qudd
446 2205 506 2257 sieut
515 2218 578 2255 mors
588 2204 809 2255 Christietiieienter

40 2281 150 2336 perataest
162 2280 261 2328 nostram
272 2276 377 2340 salutem,
388 2276 420 2327 itu
432 2276 500 2327 etiam
511 2279 535 2326 et
545 2277 595 2339 ejus
606 2276 736 2339 sepultura3
750 2275 811 2325 uude

38 2346 165 2414 lieronymus
178 2348 232 2399 dieii
244 2360 321 2411 super·
332 2350 423 2399 Metti.
435 2364 444 2397 :
457 2364 471 2396 u
486 2347 607 2413 Sepultura
616 2348 700 2398 Christi
713 2347 812 2411 resurgi-

38 2432 80 2469 uus.
98 2439 110 2468 u
124 2422 236 2477 tillem„
251 2421 315 2481 llll,
329 2433 397 2485 snper
411 2421 467 2470 illud
487 2436 493 2469 :
510 2420 600 2471 «nenia
613 2420 695 2485 impios
710 2432 750 2483 pro
770 2432 811 2471 ee-

38 2490 118 2555 nltura,
128 2506 141 2539 o
148 2492 201 2542 dieit
212 2494 292 2543 Glossa
303 2507 310 2541 ι
320 2508 334 2539 u
344 2493 371 2541 ld
382 2496 418 2542 est
428 2496 567 2555 gentesque
576 2492 625 2543 siue
638 2492 723 2556 pietate
736 2494 809 2554 eraut,

38 2562 67 2612 leo
78 2562 137 2613 Patri
154 2563 221 2623 dabit,
240 2562 293 2627 quia
306 2566 408 2613 mortuus
422 2568 446 2613 et
459 2564 562 2626 sepultus
574 2576 613 2614 eos
625 2561 778 2626 aequisivit.»

57 2633 336 2695 demutandorum,
354 2633 414 2696 qudd
434 2634 495 2683 sieut
510 2634 593 2685 dieitur
609 2634 634 2683 in
646 2634 743 2697 quodam
762 2647 810 2685 ser·

38 2713 89 2753 none
98 2703 131 2769 (l)
145 2704 238 2757 comitii
251 2704 370 2769 ephesini,
388 2704 468 2755 «ninii
481 2706 563 2757 limmn
574 2718 625 2769 qus
636 2704 724 2756 salvant
732 2705 809 2757 nomi·

59 2848 86 2911 (tl
97 2850 149 2897 Pntd
163 2852 186 2896 in
199 2851 274 2909 primo
287 2864 316 2899 ex
326 2852 417 2899 dnobus
429 2864 489 2909 qnos
500 2852 529 2898 de
543 2851 619 2899 Natuli
632 2851 714 2899 dumeti
727 2851 807 2918 dieue
