1917 3317
149 135 196 193 tto
243 151 349 192 socnam
362 147 489 200 erma,
502 147 594 196 noem.
608 127 727 199 manant,
743 149 799 188 tna.
814 151 853 188 rx.

149 230 204 281 lieet
215 231 404 294 paupertatem,
417 228 597 278 continentiam
609 229 632 276 et
642 225 834 290 odediendum,-
847 208 938 287 alrarrrl¹

151 302 228 352 omnia
242 302 269 350 ad
283 303 331 352 boc
347 301 487 352 ordinantur.
511 301 539 350 Et
554 299 606 350 ideo
619 298 770 363 transgressio
787 299 874 348 borum
887 294 938 357 trion]

152 372 237 435 obligat
250 373 278 422 ad
289 373 390 424 mortale.
407 373 506 424 tllorurn
515 376 590 421 auten
601 371 751 435 transgressio
765 383 814 421 non
826 371 911 434 obligat
923 360 938 423 ul

152 445 262 508 mortale,
275 443 319 496 uisi
329 445 365 496 uel
377 449 467 510 propter
478 447 632 508 contemplum
642 445 738 509 regule,
747 443 803 508 quia
817 443 863 494 boc
873 426 938 513 direnti

152 515 301 566 contrariatur
313 517 445 582 professioni
460 529 500 581 per
516 529 584 579 quam
597 515 678 580 aliquis
692 515 756 566 uouit
769 517 900 580 regularem
914 513 938 573 rii

152 590 207 650 tam,
222 588 258 637 uel
269 593 360 653 propter
376 592 512 654 praeceptuor
527 589 577 640 siue
591 593 707 640 oretenus
721 588 734 637 a
749 589 849 652 praelato
863 588 938 657 taetrum

153 657 203 708 siue
218 658 242 708 in
261 661 338 723 regola
352 673 499 726 expressum,
517 661 628 726 quiahoc
641 664 702 711 esset
715 659 790 710 tacere
809 666 893 719 contra
905 659 938 709 oba

153 729 342 782 dientiaerotum.
614 756 618 760 ·
936 720 938 779 f

185 803 219 852 ltd
237 804 335 867 primunr
351 817 404 868 ergo
418 803 553 870 dicendum,
567 805 629 869 qubd
644 805 682 855 ille
696 802 736 868 qui
752 803 880 869 profitetur
895 782 938 863 recu!

154 873 214 936 lam,
231 889 278 926 non
293 881 361 928 vovet
373 889 464 927 serrare
480 877 556 927 omnia
570 892 620 940 qua
631 881 684 928 sont
693 877 719 926 in
734 879 827 943 regula,
839 881 881 931 sed
891 889 932 926 rous

154 943 280 1011 regularem
289 950 367 1010 uitam,
377 963 426 1012 quae
436 950 586 1000 essentialiter
597 949 701 1000 consistit
714 948 825 1000 irrtribus
838 949 935 1016 predicti<

156 1020 219 1072 llnde
232 1022 293 1080 etin
306 1021 440 1086 quibusdam
457 1021 604 1086 religionibus
619 1021 708 1072 cautibs
722 1022 794 1085 aliqui
815 1025 935 1087 profitentur

156 1105 201 1144 non
213 1095 305 1158 quidem
316 1093 425 1159 regulam,
437 1095 477 1145 sed
493 1093 594 1144 univero
609 1093 732 1144 seouudirm
742 1094 861 1156 regulam,
872 1113 885 1142 u
895 1095 912 1143 id
920 1106 935 1139 cs

155 1167 248 1217 tendere
263 1169 289 1217 ad
300 1168 343 1216 hoo
356 1172 381 1216 ut
393 1167 475 1231 aliquis
485 1180 560 1218 mores
569 1179 623 1216 suos
634 1165 743 1216 intormet
755 1168 888 1218 secuudirm
896 1177 934 1226 regu

157 1236 216 1301 laur,
229 1238 290 1288 siout
304 1237 426 1288 secondirm
443 1240 556 1302 quoddam
574 1239 704 1302 exemplam
720 1240 743 1288 et
756 1239 803 1288 boc
819 1241 906 1290 tollitur
918 1251 933 1298 u

157 1310 361 1373 contemptamur
379 1309 512 1372 quibusdam
529 1313 604 1360 autem
619 1309 765 1373 religionibus
783 1310 866 1361 adbuc
880 1305 933 1361 cauli

57 1377 62 1386 ”
157 1382 291 1444 profitentur
303 1381 454 1433 obedientiam
475 1381 597 1432 semudbrn
613 1382 729 1444 regulam,
746 1380 778 1430 ita
794 1383 863 1445 qrrbd
881 1381 931 1448 prole

160 1453 220 1503 sioni
233 1467 277 1503 non
292 1453 440 1504 contrariatur
454 1453 498 1504 nisi
513 1453 535 1503 id
547 1453 607 1518 quod
625 1457 660 1502 est
675 1456 755 1502 contra
767 1460 930 1520 praeceptunr

159 1526 226 1588 gule.
242 1523 463 1588 transgressionem
477 1526 514 1574 vel
528 1524 620 1575 omissio
639 1525 732 1575 aliorum
747 1525 839 1590 obligat
855 1527 922 1577 solim

158 1600 274 1660 peccatum
284 1599 387 1658 reniale,
401 1597 468 1660 quia,
478 1597 538 1646 sicut
553 1596 685 1648 dictumest
699 1596 761 1660 (art.
775 1599 806 1660 Ἰ,
822 1600 856 1648 ad
871 1597 929 1658 apl

158 1666 256 1730 jusmodi
269 1670 429 1734 dispositiones
438 1672 492 1718 sunt
501 1669 528 1717 ad
538 1669 673 1733 principalia
683 1672 744 1727 rota,
755 1674 883 1732 peccatum
893 1673 931 1718 autu

160 1739 248 1790 reniale
263 1751 299 1792 est
311 1743 428 1806 dispositio
443 1743 469 1792 ad
484 1741 591 1806 mortale,
606 1740 714 1804 utsupra
729 1740 815 1790 dietum
832 1747 873 1794 est
886 1745 922 1808 (t,

160 1826 200 1876 qu.
216 1817 259 1874 88,
275 1819 318 1864 art.
331 1817 369 1875 3),
385 1815 409 1865 in
419 1818 528 1878 quantum
543 1813 675 1879 impeditor
688 1813 770 1876 quibus
784 1814 877 1878 aliquis
892 1815 934 1873 disp

161 1883 223 1932 nitur
237 1886 263 1934 ad
284 1886 421 1936 obseruanda
440 1885 572 1950 principalia
588 1889 702 1950 praecepta
715 1884 773 1947 legis
794 1885 902 1948 Christi,
914 1897 935 1944 pu

162 1960 214 2006 sunt
235 1963 349 2022 precepta
370 1959 495 2009 eharitatis.
509 1959 536 2008 ln
550 1958 626 2022 aliqua
644 1962 720 2007 tamen
733 1955 865 2019 religione,
882 1955 932 2008 scilir

161 2029 246 2079 ordinis
261 2029 354 2080 tratrurrr
370 2030 564 2092 Praedicatorum,
579 2027 731 2093 transgressio
745 2029 800 2077 talis
814 2031 859 2080 rel
875 2029 935 2082 omiss

162 2113 191 2150 ex
202 2114 243 2150 sno
258 2114 339 2164 genere
354 2115 397 2153 uron
407 2103 494 2166 obligat
507 2103 535 2150 ad
545 2101 651 2165 colpam,
668 2112 741 2162 neque
754 2101 881 2152 moralem
896 2114 931 2162 neq

161 2175 290 2238 venialem,
307 2176 346 2225 sod
364 2175 437 2226 solium
453 2177 479 2225 ad
498 2188 587 2238 poenam
604 2179 704 2224 aratam
721 2173 901 2236 sustinendam
915 2188 933 2234 qr

162 2259 203 2310 per
217 2247 277 2296 bunc
291 2247 381 2296 modurn
400 2247 428 2296 ad
449 2247 502 2296 talia
519 2246 659 2296 obseruanda
678 2243 820 2308 obligantur,
834 2249 880 2310 qni
895 2253 932 2294 tan

163 2323 255 2381 possent
269 2320 387 2370 venialiter
403 2319 439 2370 vel
456 2317 580 2369 mortaliter
598 2329 692 2382 peecare
707 2329 736 2366 ex
755 2317 913 2382 negligentia,

162 2387 256 2442 libidine
270 2405 310 2441 seu
322 2394 462 2455 contemptu.

196 2461 230 2510 td
248 2463 369 2513 secundum
384 2461 520 2521 dicendum,
533 2459 592 2525 qubd
604 2473 650 2510 nou
663 2459 739 2511 omnia
755 2473 808 2523 quae
819 2463 938 2541 contineo¹

164 2533 189 2583 in
202 2533 266 2598 lege,
280 2536 398 2584 traduntur
411 2546 450 2598 per
467 2533 559 2583 modum
577 2531 702 2597 precepti,
717 2532 757 2587 sed
767 2532 874 2596 wedam
885 2543 938 2597 prop!

166 2707 257 2755 dientie
271 2713 362 2764 uotum,
372 2712 398 2754 ut
408 2704 512 2764 superbis
523 2706 649 2764 probatum
659 2710 704 2754 eet.
718 2703 829 2756 bimatus
838 2717 896 2765 ergo
905 2704 938 2764 prip

166 2771 249 2830 cipalia
263 2785 302 2829 per
317 2771 512 2828 comparationem
533 2770 562 2814 ad
579 2769 699 2824 adjunctas
717 2769 899 2819 observantias,
912 2781 938 2822 uu

166 2835 282 2946 ξξτιὶἒευι
299 2834 329 2880 ad
350 2835 506 2882 substantiam
524 2831 700 2880 inemendato
722 2831 860 2893 religionis,
877 2838 903 2877 ut
916 2833 938 2887 ju

196 2911 223 2958 pr
239 2932 245 2944 .
