1917 3317
213 207 245 242 os
260 205 425 244 concurrimus
439 207 544 257 muneri,
560 206 613 248 nse.
770 204 817 249 cst
912 210 913 215 ¹

46 288 84 337 errae
94 280 177 344 estipse
192 281 283 346 Filius,
299 282 425 333 secuudum
438 283 493 334 illuri
504 285 522 333 l.
537 285 575 333 od
590 286 659 341 Cor..
671 287 698 336 1:
713 303 729 333 rr
741 286 819 338 Chris·

47 364 75 396 rim
88 351 121 402 ltci
132 352 254 414 virtutem,
269 369 283 400 u
303 367 343 417 per
359 355 469 417 Spiritum
484 359 586 404 sanetum
600 369 682 420 corpus
700 358 817 423 formarit,

46 425 85 481 prod
96 428 219 490 assu-psit.
235 429 264 478 Et
279 429 323 479 hoc
336 429 403 478 etiam
417 430 490 478 Verba
504 429 584 492 lngeli
598 432 771 496 demonstrant,
785 435 820 484 cli·

48 497 96 545 ontis
108 513 114 546 :
128 499 253 562 «Spiritus
271 505 364 550 sanctos
379 501 527 564 superveniet
544 502 569 550 iu
581 506 605 550 te
621 504 703 565 (quasi
717 506 746 553 an
760 519 818 568 prce·

48 569 135 618 ¹trundum
150 575 172 620 et
185 571 327 622 formandam
343 572 460 622 materiam
475 572 575 636 corporis
589 574 694 636 Christi)
710 580 734 624 et
746 576 820 626 virtus

57 640 125 690 tissimi
142 644 180 702 (id
195 647 246 705 est,
262 643 367 694 Cbristns
377 646 385 704 l
397 643 541 693 obumbrabit
559 645 600 694 tibi
616 646 653 708 (id
672 651 708 695 est
718 685 724 706 ‚
736 661 820 710 corpus

47 717 84 760 rte
101 713 249 764 humanitatis
264 714 361 778 accipiet
382 715 542 777 incorporeum
561 717 640 766 lumen
659 717 817 780 divinitatis3)

55 783 97 832 lbra
109 785 169 834 euim
188 785 200 834 l
217 785 304 835 lumine
322 786 433 835 formatur
454 789 478 834 et
496 799 606 850 corpore;
621 804 634 834 u
656 793 682 837 ut
698 789 820 852 Gregorius

46 853 76 900 rit
86 856 156 906 lllll.
177 855 272 904 Morol.
288 856 415 906 Altissimus
429 860 506 906 autem
517 857 651 920 intelligitur
660 860 736 920 Pater,
752 860 819 924 cujus

47 936 89 974 irtus
102 933 136 977 est
148 927 231 977 Filius¹

56 996 81 1043 ll
93 998 218 1046 secundum
233 998 361 1060 dicendum,
370 997 432 1061 quod
448 999 528 1050 missio
546 999 644 1049 refertur
657 1001 684 1049 nd
698 1015 820 1064 personam

46 1073 247 1131 somnumque
262 1068 275 1118 Ι
290 1071 356 1118 Patre
370 1069 480 1132 mittitur3
496 1073 535 1122 scd
551 1073 671 1134 conceptio
681 1073 780 1122 refertur
791 1073 820 1123 ad

46 1169 47 1172 ,
61 1155 95 1196 pus
108 1144 264 1204 assumptum,
277 1142 337 1203 qutttl
349 1141 483 1204 operatione
499 1142 599 1206 Spiritus
613 1144 686 1192 sancti
700 1144 819 1195 formatur.

46 1210 121 1270 tileo,
134 1213 195 1262 licet
213 1212 292 1262 missio
309 1217 334 1262 et
352 1213 472 1277 conceptio
490 1214 537 1263 sint
555 1214 614 1263 idem
635 1215 748 1277 subjecto,
765 1217 821 1278 quia

54 1284 211 1332 ,coliiserunt
223 1283 320 1345 ratione,
331 1283 410 1334 missio
420 1285 549 1334 attribuitur
560 1284 629 1346 Patri,
641 1285 731 1336 efficere
744 1292 821 1335 autem

47 1357 188 1426 ceptionem
207 1353 302 1416 Spiritui
324 1359 416 1418 sancto;
438 1357 477 1406 sed
502 1368 594 1405 carnem
616 1370 730 1406 assumere
753 1355 820 1405 attri-

53 1434 88 1470 ttnr
99 1426 167 1476 Filio.

55 1497 192 1548 intertium
211 1496 346 1559 dicendum,
364 1497 424 1560 quod
443 1497 501 1548 sicut
516 1497 656 1560 Augustinus
670 1498 705 1561 (t)
724 1497 780 1546 dicit
793 1497 819 1547 in

46 1585 54 1610 c
69 1568 98 1615 lle
113 1567 308 1630 Qucesliooihus
326 1571 417 1617 veteris
431 1575 456 1617 ct
473 1570 531 1618 novi
545 1570 708 1623 Testamenti,
722 1569 820 1631 questio

46 1643 56 1680 Ἰ
70 1641 160 1696 ¹uomina
183 1639 274 1688 ratione
291 1643 369 1703 potest
388 1639 483 1702 intelligi
504 1641 624 1702 :primurn
645 1640 722 1702 enim,
736 1640 818 1690 domus

54 1712 92 1759 ”sti
117 1710 228 1761 Ecclesia
252 1715 303 1772 est,
326 1723 394 1773 urnam
416 1710 535 1761 ottocaro
558 1710 603 1760 sibi
624 1711 735 1772 sanguine
760 1723 819 1773 suo;

56 1783 101 1844 ule,
115 1787 202 1847 potest
216 1786 239 1831 et
255 1795 337 1844 corpus
353 1781 404 1844 ejus
416 1781 462 1831 dici
474 1784 555 1832 domus
565 1781 655 1844 ipsius,
668 1780 726 1830 sicut
736 1782 822 1831 dicitur

54 1856 115 1913 plum
131 1856 202 1916 ejus.
223 1853 318 1902 Factmn
333 1859 408 1902 autem
427 1852 527 1916 Spiritus
540 1850 628 1914 saneti,
642 1864 700 1915 opus
711 1851 761 1901 Filii
779 1851 820 1902 nei

46 1929 58 1980 t,
73 1931 163 1991 nropter
177 1929 270 1976 naturae
282 1928 305 1974 et
318 1924 442 1975 voluntatis
454 1925 575 1974 unitatem.

311 2103 473 2154 ARTICULUS
488 2103 518 2152 ll.

46 2229 119 2274 l'trirm
130 2228 256 2274 Christus
265 2225 346 2270 debeat
362 2225 409 2270 diei
421 2228 546 2281 conceptus
557 2224 588 2268 de
598 2223 691 2280 Spiritu
704 2227 793 2268 sancto.

46 2355 69 2402 :l
80 2357 216 2406 secundum
231 2351 265 2401 sic
277 2349 405 2414 proceditur
416 2349 458 2411 (2).
475 2350 568 2400 Videtur
581 2348 641 2412 quod
656 2349 761 2399 Christus
774 2363 821 2400 noo

53 2433 83 2476 -et
104 2429 152 2478 dici
171 2427 306 2486 conceptus
324 2421 353 2470 tle
374 2420 458 2484 Spiritu
478 2426 566 2470 saneto.
587 2422 661 2480 Ouia,
680 2434 749 2483 super
767 2421 822 2470 illud
854 2448 859 2460 ·

55 2517 117 2558 lom,
128 2501 152 2550 ΙΙ
169 2513 177 2548 z
197 2514 215 2544 α
226 2495 260 2543 Es
279 2495 330 2559 ipso
341 2496 364 2542 et
373 2506 414 2555 per
424 2493 500 2556 ipsum
510 2496 534 2541 et
544 2492 568 2541 in
579 2492 629 2556 ipso
642 2496 696 2542 sunt
710 2492 797 2551 ornrria,
806 2507 821 2538 u

47 2579 57 2612 ,¹
70 2574 149 2623 Glossa
164 2565 299 2631 Augustini
312 2577 342 2614 ex
363 2564 420 2614 libro
434 2565 470 2612 De
484 2569 579 2612 acturo
593 2563 651 2612 boni
668 2567 735 2626 (cap.
751 2561 799 2624 27)
813 2574 820 2609 ε

46 2679 57 2718 l
65 2700 69 2735 p
82 2683 125 2726 Vel
140 2681 191 2726 sub
206 2677 262 2732 ejus
274 2674 368 2719 nornine
381 2672 450 2730 longe
461 2673 521 2718 alius
533 2678 624 2729 auctor,
637 2685 676 2728 qu.
691 2671 718 2715 51
731 2688 737 2722 ς
755 2669 824 2725 quod

50 2755 64 2786 u
87 2757 134 2791 non
154 2743 191 2790 sit
216 2741 269 2795 ipse
290 2738 339 2792 jam
356 2735 461 2792 superius
482 2736 598 2780 multoties
616 2741 721 2779 notatum
739 2745 745 2777 ε
760 2731 822 2776 unde

46 2811 162 2866 rspuris,
181 2811 248 2850 tom.
259 2803 304 2856 lV,
317 2799 425 2847 habetur.

50 2881 65 2931 lt
81 2883 112 2924 lte
124 2880 164 2924 bis
177 2875 259 2922 otiam
274 2873 322 2930 111,
335 2871 388 2915 dist.
409 2869 434 2926 l,
447 2883 488 2927 qu.
500 2868 524 2925 1,
539 2873 582 2915 art.
593 2866 617 2921 Ι,
632 2865 769 2922 quaestione.
787 2861 821 2917 ⁴5

46 2940 75 2986 ll'.
90 2947 191 2992 contra
209 2937 297 2984 Goon,
310 2945 364 2992 cup.
375 2933 423 2988 463
435 2939 459 2980 et
473 2932 574 2992 Opere„
583 2931 632 2987 ΙΙΙ,
645 2940 699 2984 cap.
710 2925 766 2971 titi.
