1917 3317
136 187 183 236 111
308 179 427 246 namna,
443 194 539 242 somer.
554 194 639 245 mn,
654 193 709 235 m.
724 195 759 234 rr.

428 379 591 430 ARTICULUS
607 379 647 430 IV.

138 508 223 553 Utrt'tm
238 518 281 562 per
297 505 434 564 hujusmodi
447 505 662 560 santificationem
675 504 754 562 suerit
770 507 879 549 murum
892 517 905 540 u

408 580 534 626 nunquam
548 572 665 624 memoret.

166 697 199 747 rid
214 697 317 762 quartum
333 694 365 746 sic
373 694 503 758 proceditur
515 692 561 758 (1).
570 695 667 744 Videtur
676 694 740 759 quod
752 708 793 759 per
807 692 891 743 sanctii·

135 768 219 820 tionem
240 767 265 818 in
279 770 343 816 utero
360 779 405 816 non
419 766 487 816 tuerit
507 765 575 816 beata
588 767 659 830 Virgo
674 771 813 830 preservato
828 765 854 814 ab
868 776 892 809 on

134 842 229 903 peccato
240 839 331 888 actuali.
339 837 405 900 Quia,
419 837 538 887 utdiotum
546 840 591 898 est,
604 842 658 900 post
669 839 770 899 primam
781 836 895 888 sanotiimtz·

135 923 188 960 nem
199 910 271 960 tomes
285 909 372 973 peccati
385 908 496 959 remansit
507 909 531 959 in
545 908 648 970 Vimine.
659 909 737 958 Motus
751 913 827 959 autem
838 906 900 956 fornii

134 980 223 1031 etiamsi
245 982 355 1031 rationem
370 980 512 1044 preveniat,
528 983 563 1029 est
581 983 701 1042 peceatum
717 981 827 1039 veniale,
839 979 903 1027 iero

134 1051 269 1115 vissimum,
282 1057 307 1102 ut
321 1052 460 1115 Augustinus
473 1050 528 1101 dicit
540 1051 566 1100 in
578 1051 619 1101 tio.
632 1052 671 1100 De
686 1052 784 1102 Trimit.
795 1052 858 1116 (erp.
872 1051 895 1096 ii.

135 1124 196 1187 Ergo
209 1123 232 1173 in
241 1124 308 1174 beata
319 1123 412 1186 Virgine
426 1123 470 1172 iuit
480 1121 570 1186 aliquod
583 1127 704 1185 peceatum
718 1124 820 1174 veniale.

167 1200 191 1244 1.
204 1199 324 1252 Praeterea,
340 1209 407 1260 super
421 1195 477 1245 iilud
492 1196 563 1252 Luc„
577 1195 599 1244 11
617 1210 624 1244 :
639 1211 655 1242 n
667 1195 742 1244 Tuam
756 1195 829 1260 ipsius
840 1192 887 1241 auin

135 1266 281 1329 pertransibit
291 1267 394 1329 gladius,
409 1283 423 1314 rr
435 1267 491 1317 dicit
505 1266 647 1330 Augustinus
662 1266 690 1315 iu
703 1271 789 1330 quaest.
806 1267 886 1316 Vetern-

135 1339 191 1386 nom'
208 1339 366 1396 Testamenti,
378 1337 439 1402 qudd
452 1355 466 1386 «
477 1338 543 1388 beata
553 1338 624 1400 Virgo
639 1337 665 1387 in
686 1343 764 1390 morte
778 1337 871 1395 Domini,
883 1344 894 1381 r:

135 1423 190 1474 pore
203 1411 301 1475 quodam
314 1411 434 1461 dubitauit.
447 1428 460 1458 u
471 1410 516 1460 Sed
530 1408 633 1460 dubitare
644 1411 673 1460 de
687 1409 753 1474 tide,
766 1414 874 1478 peoeatrn
885 1427 893 1451 r

137 1481 195 1545 Ergo
207 1483 274 1532 beata
287 1481 355 1546 Virgo
375 1480 477 1532 nonfuit
490 1485 629 1544 praeservata
642 1481 757 1534 immunis
772 1483 802 1534 ab
816 1479 895 1540 omnir-1

137 1557 196 1604 cato.

168 1629 190 1674 3.
204 1625 328 1684 Praeterea,
340 1623 516 1688 chrysostomus
525 1636 602 1686 super
612 1623 706 1674 Metto.
719 1626 792 1676 Hom.
799 1624 891 1681 iiiior}

136 1709 193 1747 nens
208 1697 265 1747 iliud
279 1713 284 1746 :
297 1713 311 1744 u
322 1697 382 1746 Eece
394 1698 466 1745 mater
479 1698 531 1759 tua,
546 1700 570 1745 et
582 1695 663 1746 iratres
683 1697 720 1746 tui
737 1697 796 1748 foris
807 1701 860 1748 stam
872 1706 892 1753 qr

136 1772 214 1818 rentes
224 1771 256 1830 te,
269 1767 361 1818 edicit:
377 1783 390 1814 a
400 1767 544 1819 Manifestum
555 1771 592 1817 est
602 1767 662 1831 quod
678 1767 758 1819 solum
770 1783 799 1820 ex
809 1780 860 1818 rana
869 1764 885 1826 gi

136 1839 181 1889 hoo
202 1838 351 1890 iaciebant.»
374 1839 403 1888 ut
421 1840 505 1897 loom,
518 1839 555 1901 11,
575 1852 645 1902 super
666 1838 725 1890 iliud
743 1857 750 1892 ι
768 1858 784 1889 n
799 1840 870 1889 Vinum
887 1849 895 1880 r

137 1909 230 1972 habent,
240 1928 254 1958 »
269 1911 323 1960 dicit
333 1910 393 1962 idom
411 1911 588 1975 Chrysostomus
602 1910 670 1960 Hom.
681 1908 744 1974 XX,
754 1911 817 1976 quod
830 1927 842 1958 n
853 1906 895 1955 rote

133 1979 183 2044 jam
197 1993 250 2030 eum
267 1981 362 2044 gratiam
384 1981 502 2032 hominum
516 1981 653 2041 eonsilium,
668 1985 694 2032 et
708 1984 810 2048 seipsam
827 1979 889 2030 clario:

136 2049 211 2100 iacere
223 2065 264 2116 per
273 2052 369 2116 Filium3
381 2056 404 2103 et
414 2053 519 2102 fortassis
527 2052 581 2116 quid
597 2054 726 2103 humanum
741 2053 870 2120 patiebatm,
881 2070 890 2105 r

137 2121 281 2173 madmodum
303 2127 327 2174 et
350 2125 431 2174 fratres
451 2125 502 2187 ejus
525 2123 626 2174 dicentes
649 2140 655 2173 :
678 2125 806 2178 manifesta
824 2127 844 2173 te
866 2120 890 2182 ip:

137 2195 231 2244 mundo.
240 2211 254 2242 rr
264 2197 294 2246 Et
307 2200 360 2260 post
377 2209 449 2260 pauca
462 2195 554 2246 subdit:
569 2196 701 2246 «Nondum
715 2197 790 2263 enim,
800 2208 860 2260 qnam
870 2204 891 2251 ep

137 2267 216 2328 tebat,
232 2269 260 2318 de
274 2282 300 2319 eo
312 2269 443 2334 opinionem
456 2269 565 2319 habebat.
582 2285 597 2316 rr
614 2269 679 2328 Quod
693 2273 772 2320 totum
785 2271 867 2320 eonsut
882 2284 897 2308 r:

138 2342 267 2402 peceatum.
283 2341 342 2404 Ergo
360 2341 426 2392 beata
439 2341 508 2404 Virgo
522 2354 569 2390 non
582 2339 626 2390 fuit
638 2345 782 2404 praeservata
796 2335 886 2390 immam

45 2457 46 2464 ,
139 2409 203 2459 omni
213 2415 314 2476 peceato.
914 2398 916 2453 Ι

45 2519 47 2542 ,
169 2479 214 2532 Sed
230 2487 307 2532 eontra
325 2486 373 2542 est,
387 2481 447 2545 qudd
463 2482 604 2546 Augustinus
619 2481 712 2533 dicitin
728 2483 770 2535 lib.
787 2484 826 2533 Da
839 2482 886 2528 itui*

45 2555 48 2628 ξ
137 2555 162 2602 et
173 2556 269 2618 pratia,
283 2568 332 2618 cap.
349 2558 378 2603 36
394 2568 426 2604 :u
436 2555 468 2604 De
486 2559 563 2604 saneta
576 2554 669 2617 Virgine
683 2555 757 2606 Mada
770 2551 890 2625 propterirf

45 2633 49 2680 t
137 2639 184 2676 rem
200 2625 284 2677 Christi
301 2625 387 2678 nullam
400 2639 492 2690 prorsus
498 2631 513 2690 ‚'
520 2640 573 2677 eum
592 2627 620 2678 de
640 2627 743 2691 peccatis
764 2627 844 2691 agitor,
856 2625 893 2670 nise

45 2771 47 2778 ,
172 2733 202 2798 (1)
219 2738 251 2781 ns
263 2737 299 2781 nis
312 2737 383 2781 errem
397 2737 440 2792 111,
451 2735 530 2788 sort,
543 2735 597 2781 urse.
609 2739 633 2791 s,
648 2749 689 2793 qu.
709 2737 734 2794 2,
750 2743 796 2782 me.
807 2735 835 2788 e;
848 2737 867 2777 et
877 2728 898 2769 ii·
914 2726 916 2731 '

45 2791 47 2822 ⁵
139 2797 178 2855 13,
194 2811 234 2856 qu.
249 2798 277 2856 1,
290 2803 335 2844 art.
347 2799 371 2856 1,
384 2798 557 2855 questioned,
571 2811 649 2858 eorp.;
666 2804 690 2844 et
702 2801 747 2857 IV,
758 2801 836 2849 Soet..
845 2795 898 2838 dist:

45 2873 47 2916 ξ
139 2871 179 2914 qu.
190 2858 218 2913 1,
235 2865 278 2906 art.
292 2859 320 2916 1,
333 2860 469 2916 quaestiuno.
481 2860 510 2917 2,
523 2873 603 2918 eorp.;
618 2868 643 2907 et
654 2861 758 2918 Opone„
770 2857 820 2919 m,
831 2871 875 2912 111·
884 2855 901 2895 3·
914 2872 916 2875 '

139 2927 163 2962 et
175 2920 236 2976 131;
253 2927 277 2966 et
289 2922 390 2980 Optem„
400 2923 458 2981 vti,
474 2935 527 2982 oup.
538 2924 570 2980 6;
585 2929 609 2970 et
624 2924 727 2983 Opone„
737 2925 793 2985 LX,
805 2935 853 2978 oap-
862 2919 880 2962 3·
