1917 3317
206 188 240 225 nn
255 187 465 227 annumeramus
479 188 583 227 curren.
751 180 799 229 rte

35 263 44 310 i
55 263 180 313 reverentia
193 262 310 313 debeturt
319 264 367 314 suis
381 264 499 329 subjectis.
509 265 567 329 btagi
580 267 653 315 sutem
670 278 715 316 non
734 270 798 317 erunt

43 348 110 398 reguo
127 336 268 385 iudaeorum.
284 336 360 399 drgo,
376 336 428 386 raim
443 351 473 387 ex
491 336 579 387 visione
600 337 670 387 stede
685 350 800 401 cognore-

35 412 45 453 t
63 411 142 455 nutum
164 420 216 456 esse
237 420 314 470 regern
332 408 477 470 iudeorum,
496 408 588 458 uidetur
604 408 665 471 qndd
684 408 798 459 inunuve·

35 482 79 526 nter
94 478 198 528 uenerint
211 478 238 527 ad
258 491 311 528 eum
327 479 475 529 adurendum.

34 556 47 597 t.
61 551 189 610 Praenes,
202 550 299 599 emitum
318 554 354 600 est
372 550 465 601 virente
480 564 535 613 rege
553 550 643 614 aliquo,
663 555 796 603 extraneum

35 635 65 669 em
86 621 234 670 annuntiare.
255 620 299 669 Sed
317 620 341 669 in
358 635 429 680 reenu
453 623 539 672 Juduae
560 624 668 684 regnabat
683 614 796 673 Herodes.

35 705 48 738 u
61 689 131 740 stuttd
152 689 256 741 iecerunt
275 689 347 754 biugi,
365 691 458 741 alterins
471 691 533 755 regis
544 693 688 743 nativitatem
706 704 796 743 annun·

39 771 80 810 res.

39 870 43 879 .
64 835 194 891 Praeterea,
214 831 301 883 certius
318 837 353 884 est
368 834 463 885 emieste
475 834 584 885 iudieium
599 848 666 899 quem
684 835 796 887 indicium

37 918 125 953 renum.
139 903 188 953 Sed
205 903 265 967 tdsgi
283 904 365 954 ducatu
378 906 483 955 coetestis
502 906 582 955 indicii
599 907 627 955 ab
644 907 736 957 Oriente
756 920 796 957 ve-

35 982 67 1023 ¹nt
76 977 101 1024 iu
112 975 229 1025 tndaeum.
239 973 313 1025 Stulte
323 988 378 1039 ergo
386 980 497 1040 egerunt,
508 980 591 1041 praeter
599 978 706 1027 ducatum
715 978 796 1041 stetim,

35 1061 111 1096 usuum
127 1046 243 1096 iudicium
258 1047 408 1112 requirendo,
419 1048 523 1099 dieentes
533 1064 539 1099 :
551 1050 617 1099 «Uni
630 1050 717 1113 estqui
731 1053 797 1101 uatus

35 1122 81 1169 [tex
91 1117 242 1169 iudeorum?
253 1135 268 1165 u

35 1193 186 1251 ‚Praeterea‚
207 1202 328 1239 munerum
350 1190 433 1241 obtatis
453 1195 478 1241 et
497 1190 634 1242 adorationis
653 1190 795 1253 reuerentia,

47 1264 148 1313 debetur
163 1259 211 1309 nbi
222 1261 314 1323 regibus
325 1262 371 1325 jam
391 1262 548 1325 regnantibus.
562 1262 607 1313 Sed
622 1262 683 1325 magi
698 1276 744 1313 uun
757 1264 796 1312 in·

35 1339 95 1384 irunt
114 1332 240 1383 Christum
253 1332 314 1395 regin
328 1333 440 1396 dignitate
458 1333 595 1397 intuentem.
611 1334 667 1395 Ergo
687 1333 796 1385 inconve-

37 1417 69 1454 rer
82 1406 108 1456 ei
120 1416 221 1453 munera
238 1407 261 1453 et
274 1405 425 1454 reuerentiam
435 1406 523 1468 regiam
537 1406 696 1455 exhibuerunt.

35 1482 53 1527 :d
67 1482 156 1530 contra
171 1479 224 1534 est,
240 1474 300 1538 qubd
314 1477 386 1533 isui„
401 1477 440 1527 Lx
456 1491 463 1525 t
483 1493 497 1523 n
513 1476 665 1525 Ambuiabnnt
679 1480 760 1539 gentes
771 1474 796 1525 in

37 1566 62 1601 ne
74 1556 131 1613 tuo,
146 1554 172 1599 et
183 1548 260 1610 Reges
269 1546 294 1597 in
305 1549 426 1611 splendore
440 1553 504 1600 unus
519 1549 561 1597 tui.
578 1565 591 1596 u
606 1549 650 1598 sed
665 1548 703 1613 qui
717 1548 797 1597 divine

36 1638 62 1673 ue
77 1625 208 1673 ducuntur
218 1631 265 1667 nun
275 1623 360 1671 errant.
372 1622 433 1685 Ergo
445 1620 506 1683 magi
516 1622 601 1684 absque
616 1633 691 1670 errore
704 1618 797 1671 Cbristd

35 1697 133 1745 rentiam
150 1692 316 1743 exbibuerunt.

35 1768 187 1818 ssuncuusro.
200 1790 235 1801 -
247 1764 392 1813 Credendum
405 1766 442 1813 est
455 1774 533 1826 magns
543 1762 557 1812 b
569 1762 657 1826 Spiritu
667 1766 746 1813 sancto
760 1762 796 1813 in·

37 1844 91 1901 tus,
106 1837 235 1898 sapienter
249 1835 278 1883 ad
292 1835 429 1884 adorandum
444 1834 559 1884 Christum
575 1839 652 1883 nutum
669 1834 794 1884 venisse.»

35 1912 155 1973 ¹spondeo
175 1906 301 1957 diuendum
315 1943 322 1967 ,
336 1904 397 1969 qudd
414 1904 473 1955 sient
488 1905 573 1954 dietum
590 1909 640 1965 est,
660 1906 720 1968 mugi
742 1908 797 1955 suut

35 1988 78 2032 ¹trae
96 1980 220 2033 Gentium
234 1977 260 2025 iu
275 1976 390 2026 Christum
412 1975 570 2038 credentium
586 1975 609 2025 in
624 1976 707 2039 quibus
722 1989 795 2041 appa-

35 2056 91 2105 sirut
111 2054 143 2103 im
158 2050 264 2114 quodum
284 2048 396 2111 presagio
413 2048 469 2098 tides
484 2051 507 2097 et
525 2046 616 2099 devotio
629 2048 735 2097 Gentium
755 2058 796 2098 re·

40 2128 83 2176 lum
96 2128 112 2177 d
130 2121 237 2175 remittis
247 2120 277 2170 ad
288 2119 412 2170 Christum.
423 2121 452 2169 nt
462 2121 522 2179 ideo,
532 2119 591 2170 sient
600 2120 691 2171 deuotio
702 2124 726 2170 et
740 2121 798 2170 tides

38 2214 74 2248 um
89 2202 132 2249 est
149 2197 245 2256 absque
258 2204 333 2243 errore
350 2205 391 2254 per
405 2191 579 2257 inspirationem
593 2191 692 2254 Spiritus
713 2190 795 2254 sancti,

37 2271 90 2319 :iarn
112 2265 268 2319 credendum
282 2267 320 2313 est
332 2276 411 2325 magns
430 2263 443 2311 b
461 2262 547 2326 Spiritu
561 2264 642 2312 sanctu
660 2260 794 2325 inspiratos,

35 2350 85 2393 nter
98 2338 208 2391 cbristo
223 2334 376 2384 reuerentiam
389 2333 530 2383 exhibuisse.

47 2415 157 2476 primurn
172 2418 236 2471 erge
249 2404 384 2466 dicendum,
399 2404 459 2469 qnbd
473 2406 533 2454 sicut
547 2404 687 2467 Augustinus
703 2403 759 2453 dicit
773 2402 799 2453 in

39 2502 72 2536 ue
92 2480 284 2551 Epiphania,
299 2475 376 2525 «edm
386 2476 452 2527 multi
461 2490 527 2540 reges
538 2476 665 2526 iudeorum
678 2476 726 2524 nati
739 2475 798 2525 iuis·

45 2566 100 2622 tque
121 2549 258 2609 detumet,
269 2548 357 2598 unitum
376 2560 456 2599 ebrum
474 2547 536 2611 magi
548 2548 687 2597 adorandum
699 2544 797 2609 quaesie-

47 2635 101 2685 b'uu
118 2631 210 2691 itaque
227 2621 289 2684 negt
301 2621 438 2682 iudeorum,
453 2618 591 2684 palestine
605 2631 656 2668 esse
675 2618 797 2679 solebant,

35 2802 62 2834 rm
75 2780 246 2835 adorandum
258 2771 378 2829 venirene
388 2774 432 2820 atsi
443 2774 574 2819 admodum
584 2784 676 2831 queque
686 2782 732 2827 uuo
743 2782 796 2815 eum

34 2860 105 2907 nunt,
119 2847 186 2895 etei
200 2839 307 2887 velutin
324 2839 414 2895 signum
432 2837 567 2883 reverentie
577 2848 619 2881 sua
633 2846 728 2880 munere
743 2844 798 2889 pru-

35 2926 68 2963 tes
83 2904 237 2962 honorificet
251 2901 402 2960 abnuerunt,
413 2900 495 2947 reterri
514 2905 601 2957 puteat.
