1917 3317
535 96 625 142 192
721 109 935 145 securim
967 109 1221 156 secuntur,
1252 108 1434 152 Ques-r.
1472 107 1706 156 cunm,
1738 108 1839 144 Αιιτ.
1875 107 1911 141 ιι

533 196 638 233 nem
664 182 867 246 religioni
897 182 1105 243 astringi.
1137 184 1253 244 Ergo
1277 182 1457 232 videtur
1487 182 1607 246 quod
1633 182 1775 233 mullo
1803 180 1917 231 minii

530 254 579 302 in
603 254 768 304 saeculo
800 255 1049 303 existentes
1076 253 1271 304 debeant
1297 257 1407 304 voto
1436 254 1490 322 ad
1523 253 1789 316 religionem
1822 253 1917 314 oblig

590 329 640 373 2.
669 325 916 385 Praeterea,
945 325 1187 386 Gregorius
1211 326 1261 374 in
1290 327 1521 389 Reqistro
1548 325 1660 375 dicit
1695 326 1799 388 (lib.
1822 325 1896 375 Xl.

526 396 666 460 epist.
698 395 827 458 15),
859 398 907 445 et
931 395 1123 445 babetur
1143 396 1192 445 in
1221 397 1448 446 Decretis·
1466 431 1481 452 ‚
1512 395 1617 446 dist.
1645 400 1705 445 45
1735 392 1870 461 (eap.
1900 399 1917 453 ε

529 481 642 516 cera
658 503 678 526 ,
709 465 828 516 sicut
853 466 991 515 etiam
1020 467 1076 516 de
1096 466 1283 530 iudaeis,
1308 480 1365 516 ex
1386 466 1577 516 coneilio
1591 466 1813 517 Toletano
1844 466 1915 527 w,

432 596 448 614 ⁸
529 536 651 600 quod
688 554 717 585 «
742 538 890 587 Judaei
925 550 1019 588 non
1063 539 1139 598 vi,
1172 538 1253 588 sed
1281 536 1423 588 libera
1452 538 1683 587 voluntate
1725 542 1777 587 ut
1809 551 1917 587 conv

529 609 747 659 suadendi
786 612 913 658 sunt.
949 625 979 656 n
1015 608 1107 659 Sed
1137 607 1328 671 implere
1364 607 1410 658 id
1446 609 1566 672 quod
1599 613 1815 669 vovetur,
1844 620 1917 657 nec

529 685 634 733 est!
646 682 765 744 Ergo
801 693 894 731 non
918 684 1025 731 sunt
1056 679 1196 743 aliqui
1237 680 1464 743 obligandi
1494 680 1551 729 ad
1588 680 1823 741 religionis
1856 679 1917 741 ing

597 756 642 802 8.
672 753 909 812 Praeterea,
940 751 1094 800 nullus
1116 751 1247 800 debet
1275 751 1405 800 alteri
1430 751 1630 815 praebere
1658 751 1917 800 occasionen

533 823 654 873 unde
689 823 876 876 Exod„
901 823 1007 872 xxi
1020 860 1032 882 ,
1058 821 1252 872 dieitur:
1278 838 1305 870 tr
1327 822 1376 871 Si
1398 822 1501 885 quis
1524 823 1753 885 aperuerit
1774 823 1917 873 cister-1

535 894 781 958 cideritque
807 895 890 944 bos
915 893 989 943 vel
1018 892 1173 942 asinus
1198 892 1244 941 in
1261 906 1381 951 eam,
1402 893 1612 943 dominns
1636 893 1841 944 cisternae
1860 906 1917 943 re«

530 964 645 1015 tium
669 966 995 1029 jumentorum.
1012 980 1041 1011 »
1060 964 1151 1014 Sed
1173 977 1229 1014 ex
1246 965 1336 1014 hoe
1362 963 1481 1027 quod
1503 964 1640 1027 aliqui
1668 965 1917 1027 obligantur

534 1035 716 1098 gionem
736 1050 818 1100 per
834 1040 1010 1096 votnm,
1036 1036 1297 1099 frequenter
1319 1034 1459 1100 aliqui
1481 1040 1619 1084 ruunt
1633 1035 1679 1083 in
1709 1036 1917 1098 desperat

534 1106 584 1157 in
617 1108 795 1159 diversa
817 1110 1019 1171 peecata.
1052 1106 1172 1169 Ergo
1201 1105 1377 1157 videtur
1411 1106 1532 1170 quod
1562 1120 1655 1157 uon
1685 1107 1780 1157 siut
1807 1107 1917 1171 aliqu

533 1178 718 1242 ligionis
751 1178 1005 1241 ingressum
1031 1181 1137 1227 voto
1166 1175 1414 1238 obligandi.

597 1249 685 1299 Sed
713 1253 866 1298 eontra
891 1252 980 1311 est,
1005 1249 1125 1312 quod
1148 1247 1199 1298 in
1226 1248 1416 1297 Psalm.
1439 1249 1597 1298 LXXV
1622 1249 1821 1299 dicitur:
1854 1267 1883 1296 «
1898 1250 1917 1286 l

534 1322 708 1371 reddite
747 1321 937 1371 Domino
963 1322 1054 1371 Deo
1088 1326 1267 1384 vestro3
1290 1336 1319 1367 »
1346 1321 1427 1370 ubi
1451 1321 1559 1372 dicit
1584 1321 1745 1371 Glossa
1776 1326 1862 1385 (ex
1891 1326 1917 1372 Α

535 1392 779 1455 sumpta),
805 1391 922 1455 quod
952 1409 980 1439 «
1003 1392 1204 1455 quaedam
1239 1396 1345 1441 suut
1381 1397 1489 1443 vota
1523 1393 1708 1457 propria
1746 1394 1917 1456 singule

533 1465 718 1513 castitas
734 1501 747 1524 ‚
771 1462 1010 1526 virginitas
1039 1467 1086 1513 et
1112 1464 1439 1526 hujusmodi.»
1465 1465 1526 1514 Ad
1554 1466 1651 1515 haee
1678 1478 1789 1527 ergo
1813 1478 1917 1515 vov«

533 1533 699 1583 invitat
728 1546 856 1583 saera
890 1532 1137 1597 Scriptura.
1175 1535 1260 1584 Sed
1299 1534 1531 1596 Scriptura
1569 1548 1697 1584 sacra
1726 1549 1820 1585 non
1852 1535 1917 1584 im

536 1605 592 1653 ad
617 1604 664 1653 id
691 1606 810 1668 quod
844 1609 916 1654 est
943 1604 1123 1654 melius.
1155 1606 1274 1669 Ergo
1310 1604 1474 1655 melius
1504 1609 1575 1656 est
1600 1606 1721 1668 quod
1748 1606 1915 1669 aliquis

535 1674 705 1738 obliget
735 1676 792 1725 ad
814 1674 1045 1739 religionis
1070 1671 1348 1739 ingressum.

543 1806 547 1811 .
603 1747 1171 1811 (Concms10.—Deeens
1202 1752 1248 1797 et
1273 1748 1497 1798 laudabile
1520 1751 1593 1798 est
1628 1748 1806 1811 aliquos
1836 1750 1917 1797 ad*

537 1818 792 1881 ingressum
816 1822 923 1868 voto
950 1831 1001 1868 se
1029 1817 1279 1881 obligare.)

602 1890 868 1953 Respondeo
895 1885 1165 1952 dicendum,
1187 1888 1307 1952 quod
1337 1889 1457 1940 sieut
1482 1888 1617 1954 supra
1646 1890 1816 1939 dictum
1842 1895 1913 1941 est

539 1964 625 2010 art.
653 1961 735 2023 6),
763 1958 868 2010 eum
899 1961 956 2009 de
979 1964 1086 2010 voto
1114 1964 1353 2023 ageretur,
1383 1975 1524 2010 unum
1558 1964 1604 2011 et
1632 1962 1752 2011 idem
1790 1973 1908 2025 opus

538 2031 709 2084 factum
726 2036 798 2081 est
817 2029 1087 2088 laudabilius
1109 2030 1247 2094 quam
1276 2032 1376 2081 sine
1398 2038 1506 2082 voto
1525 2032 1727 2091 fiat,tum
1746 2032 1857 2095 quia
1881 2048 1917 2081 v<

540 2106 668 2152 actus
698 2101 953 2165 religionis,
988 2114 1091 2164 quae
1129 2102 1266 2153 habet
1290 2104 1529 2166 quamdam
1561 2102 1917 2153 excellentiami

538 2176 680 2236 tutes,
701 2177 802 2223 tum
817 2173 924 2236 quia
941 2186 1023 2236 per
1050 2177 1204 2224 votum
1222 2174 1425 2224 firmatur
1440 2175 1645 2225 voluntas
1664 2174 1864 2223 hominis
1888 2187 1917 2223 a

539 2245 821 2305 faciendum
847 2248 893 2294 et
917 2244 1037 2294 sieut
1065 2248 1302 2307 peceatum
1322 2250 1395 2295 est
1416 2245 1596 2309 gravius
1619 2259 1678 2295 ex
1690 2246 1779 2294 hoe
1796 2244 1917 2307 quod

541 2330 600 2366 ex
622 2316 854 2367 voluntate
881 2316 1107 2366 obstinata
1133 2316 1184 2365 in
1210 2316 1379 2366 malum
1394 2354 1406 2377 ,
1425 2317 1490 2365 ita
1516 2317 1685 2368 honum
1702 2328 1819 2379 opus
1844 2321 1917 2366 est

537 2387 628 2436 lius
655 2400 714 2437 ex
743 2388 832 2436 hoe
859 2386 977 2449 quod
1008 2387 1213 2449 procedit
1241 2400 1300 2435 ex
1322 2387 1556 2437 voluntate
1582 2387 1759 2437 firmata
1780 2387 1827 2436 in
1856 2388 1915 2437 ho

538 2465 716 2510 votum.
750 2461 810 2509 Et
830 2459 933 2510 ideo
959 2460 1152 2525 obligari
1178 2463 1286 2510 voto
1314 2462 1368 2510 ad
1400 2459 1633 2524 religionis
1657 2460 1911 2523 ingressum

539 2530 735 2580 eundum
761 2545 810 2581 se
837 2530 1078 2588 laudabile.

599 2602 665 2651 Ad
695 2602 890 2666 primum
918 2614 1026 2665 ergo
1053 2600 1321 2666 dicendum,
1346 2601 1463 2666 quod
1493 2603 1658 2668 duplex
1694 2607 1767 2653 est
1801 2602 1917 2665 relig

540 2758 788 2803 institutio
809 2758 1069 2807 interdicit
1103 2757 1393 2805 monachum
1423 2762 1533 2802 ante
1557 2759 1711 2803 unius
1741 2760 1867 2803 anni
1900 2772 1917 2816 1

541 2832 654 2872 nem
672 2821 812 2879 effici.
818 2882 846 2916 ⁸
