1917 3317
128 165 176 213 ott
315 173 376 212 reus
394 173 437 217 nr,
453 171 548 216 ounsr.
566 173 632 222 xxx,
647 171 703 209 nur.
717 172 755 210 rr.

423 353 588 404 nutrctntts
601 354 642 404 tv,

159 479 245 524 Utrum
262 478 425 524 Annuntiotr'o
440 477 591 521 convenienti
602 477 686 532 suerit
696 479 782 522 ordine
798 477 900 534 perfecte.

158 604 193 654 Ad
211 607 315 668 quartum
334 603 367 653 sic
381 602 518 667 proceditur.
528 602 627 652 Videtur
644 603 708 666 quod
727 603 875 653 ennuntiatio
893 616 896 623 ’

127 673 198 726 tuerit
216 674 362 723 eorrueuienti
377 674 455 724 ordine
476 674 586 738 perfecte.
601 673 711 736 liignitas
732 675 795 724 euim
810 675 898 723 itutrist

127 748 215 812 pendet
228 759 255 794 ex
270 745 332 808 prote
351 749 470 807 concepte.
485 744 531 793 Sed
545 757 614 792 causa
628 745 694 808 prins
709 746 780 795 debet
791 745 883 794 munite>

129 830 198 880 quem
212 817 315 865 effertus.
328 815 386 878 Ergo
397 814 472 878 primo
491 815 568 864 debuit
581 816 689 877 Angelus
703 816 797 878 Virgini
810 824 887 864 annun

129 892 264 950 correptum
280 887 367 950 protis,
383 887 451 950 quim
465 886 517 948 ejus
529 885 666 948 dignitatem
682 899 803 950 exponere
821 901 869 938 earu
881 901 896 933 s·

127 959 207 1008 tundo.

160 1033 184 1077 2.
203 1029 325 1091 Praetereu‚
341 1028 445 1092 probatio
468 1032 508 1077 unt
530 1027 685 1092 pretermitti·
699 1029 775 1079 debet
795 1029 820 1078 in
835 1029 872 1076 tris
889 1042 898 1079 t

127 1099 194 1150 dubia
207 1114 252 1148 nou
266 1104 334 1162 sunt,
351 1105 388 1148 unt
404 1099 511 1162 promitti
524 1098 547 1146 iu
561 1097 599 1146 his
610 1113 662 1160 quor
678 1099 755 1148 dubia
774 1114 825 1150 esse
840 1112 888 1162 poss

130 1171 174 1220 Sed
187 1171 286 1232 Angelus
306 1170 380 1234 pruni>
389 1171 482 1219 uidetur
495 1169 643 1218 annuntiasse
654 1168 678 1217 id
694 1170 725 1218 de
741 1185 790 1233 quo
801 1170 868 1231 Virgo
880 1170 889 1209 r

129 1245 203 1302 taret,
214 1248 236 1292 et
245 1242 368 1292 dubitando
382 1245 500 1305 qrrureret,
513 1242 592 1290 dicens
605 1256 612 1288 ι
625 1240 779 1298 «Quomodo
792 1243 829 1291 fiet
841 1243 883 1290 iste

127 1313 159 1363 nt
180 1317 257 1377 postea
272 1314 428 1376 probationem
443 1311 563 1375 adjunxit,
578 1316 626 1361 tum
642 1324 674 1360 ex
688 1314 803 1375 exempto
820 1313 897 1360 enin

129 1387 180 1433 tuur
196 1397 223 1433 ex
238 1383 277 1433 nei
289 1384 461 1446 omnipotentie.
477 1384 535 1443 Ergo
551 1381 734 1433 inconvenienti
755 1383 836 1432 ordine
854 1396 893 1429 auu

130 1456 197 1506 tietio
211 1469 252 1518 per
266 1454 375 1517 Angelum
384 1453 465 1503 edecta
476 1459 520 1502 est.

163 1531 187 1576 e.
200 1527 326 1588 Pru-terea,
340 1527 413 1588 majus
431 1538 475 1574 uon
489 1527 565 1588 potest
578 1522 672 1586 proteri
686 1524 836 1576 sufficienter
849 1538 887 1588 per

128 1611 183 1648 une.
198 1597 241 1646 Sed
261 1597 334 1660 majus
357 1596 398 1644 tuit
417 1594 533 1659 Virginem
550 1607 646 1657 perere,
661 1594 735 1657 quim
756 1593 901 1646 veterent

129 1679 178 1718 uon
191 1667 236 1716 tun
250 1667 365 1718 suttrcieus
377 1667 479 1730 probatio
491 1665 584 1729 dugeli,
599 1665 719 1728 probantis
738 1678 880 1731 conceptum
893 1667 901 1697 r

130 1737 190 1802 ginis
202 1751 229 1787 ex
246 1739 357 1802 conceptu
371 1737 443 1788 senis.

164 1807 207 1858 Sed
224 1813 303 1858 eontra
322 1813 370 1869 est,
388 1810 447 1872 qnod
465 1808 547 1859 dieitur
568 1810 649 1861 Rom„
663 1807 718 1856 ttttl
738 1823 780 1857 t«
801 1810 859 1868 Quae
876 1808 904 1856 tt

131 1885 199 1943 suut,
214 1881 318 1930 ordinate
330 1884 383 1930 snut
396 1880 463 1946 (1).»
476 1881 576 1944 Angelus
585 1883 662 1928 eutem
672 1879 764 1930 missus
776 1885 816 1931 est
830 1881 845 1930 i
859 1884 897 1930 ns·

129 1951 175 2002 hoe
189 1951 248 2013 quiid
265 1951 351 2014 Virgini
365 1953 524 2014 annuntiaret,
537 1955 563 1999 nt
581 1950 666 2000 dicitur
681 1950 758 2006 Luc„
771 1953 792 2001 1.
810 1952 872 2014 Ergo
883 1965 903 1999 u:

132 2021 253 2072 notissime
265 2022 308 2072 fnit
322 2023 466 2074 annuntiatio
482 2037 523 2086 per
539 2022 650 2084 uegetum
664 2023 794 2085 complete.

165 2095 324 2158 (Conenusro
341 2123 373 2132 -
387 2093 537 2146 conuenienti
550 2095 630 2143 ordine
649 2094 754 2157 Angelus
774 2094 800 2144 iu
825 2097 905 2145 annun

129 2164 194 2216 tione
214 2163 287 2228 primii
302 2167 329 2216 Β.
348 2167 465 2230 Virginem
484 2169 595 2215 attentam
613 2163 726 2225 reddidit,
747 2170 836 2229 postea
851 2180 903 2213 ren·

130 2234 240 2299 mysterio
259 2235 379 2300 instruxit,
392 2249 418 2286 uo
441 2234 555 2300 postremi
573 2247 624 2286 euru
643 2235 673 2284 ed
694 2237 892 2286 consentiendum

133 2305 227 2370 duxit.)

162 2378 297 2442 despondeo
313 2377 441 2438 dicendum,
453 2379 513 2442 qudd
527 2375 671 2428 annuntiatio
684 2391 789 2442 congnro
808 2380 908 2437 ordine}

131 2449 244 2512 ungerem
257 2453 291 2499 est
303 2449 414 2513 perfectu.
427 2449 480 2500 Tria
495 2449 555 2499 euim
565 2449 667 2512 Angelus
677 2449 817 2499 intendebat
826 2450 902 2500 dreit

165 2565 196 2630 (t)
211 2571 242 2614 Ut
255 2581 284 2616 ex
301 2567 381 2615 Bibtiis
392 2567 512 2614 veteribus
524 2566 612 2625 passim
621 2572 728 2624 usurpat
740 2569 766 2612 S·
778 2569 896 2615 Thomas.

130 2630 339 2688 congruentissimo
357 2631 451 2686 quidem
467 2643 553 2684 eeusn;
570 2629 609 2674 sed
621 2643 684 2674 nuno
697 2642 759 2674 noua
777 2637 803 2674 et
816 2636 903 2674 emere·

130 2693 221 2751 legunt,
231 2702 256 2737 nt
265 2693 294 2736 ud
303 2693 364 2736 illius
379 2693 424 2736 toci
435 2705 531 2736 sensnm
545 2698 568 2736 et
577 2692 710 2737 institutum
721 2693 767 2750 tegi
779 2693 853 2738 debet
864 2711 870 2734 ι
883 2697 910 2744 tt·-

130 2759 206 2802 anot,
226 2754 315 2798 scilieet
330 2758 475 2809 potestates,
497 2755 513 2797 d
528 2754 576 2798 Deo
590 2754 714 2799 ordinato
724 2758 794 2799 runt.
809 2756 878 2799 unde
887 2768 902 2791 u

128 2813 233 2870 jungitur
249 2825 317 2858 mox:
334 2814 384 2868 Qui
395 2827 452 2871 erqo
464 2817 578 2872 potestati
593 2818 705 2871 recinit,
722 2817 767 2862 Dei
781 2817 894 2862 ordinati

134 2871 193 2932 (troo
213 2880 249 2922 est
262 2874 418 2937 institutioni)
433 2877 538 2929 mittit,
547 2881 591 2926 ote.
