1917 3317
131 143 176 190 ⁵76
324 152 384 189 runs
401 153 442 202 ru,
455 152 549 198 oum.
563 152 636 202 xxvr,
654 152 708 192 tur.
723 154 740 189 n

160 228 192 278 ud
207 228 304 290 primurn
319 241 373 290 erge
385 228 522 290 dicendum,
532 228 594 292 quod
606 224 658 278 haee
671 228 714 278 init
728 227 785 278 ratio
797 225 900 289 Vigilauli.

128 300 194 362 cujus
209 299 276 350 rerba
287 298 413 350 introducit
425 299 579 362 Hieronymus
592 300 618 349 iu
630 300 688 349 libro
702 312 768 365 quem
782 303 859 348 eontra
870 312 896 345 eu

128 370 235 433 scripsit,
262 370 358 419 ‹liaeutis
373 385 379 418 ε
396 386 410 418 u
429 371 503 433 Prope
522 370 592 419 ritum
620 370 745 420 Gentilium
767 371 868 420 ridemus
883 383 895 415 e

128 443 241 504 pretextu
258 440 374 501 religionis
387 439 557 504 introductum,
574 441 731 504 pulvisculum
743 443 820 491 neseio
829 455 887 504 quen
901 477 905 482 ,

130 512 217 562 modico
234 511 344 573 vasculo,
363 513 461 574 pretioso
474 512 609 562 linteamine
623 513 790 563 circumdatum
802 515 893 562 esculan

128 583 253 633 adorant.»
264 584 346 632 Contra
358 597 425 645 quem
444 584 596 646 Hieronymus
610 583 666 632 dicit
678 584 704 633 in
716 585 790 648 Epist.
803 585 865 647 (ltu
877 607 893 629 ,ι

130 654 282 717 Rr'purr'um:
296 671 310 700 u
318 655 363 703 Nos
371 667 417 702 uon
429 654 478 704 dico
487 660 611 718 martyrum
619 655 739 718 reliquias,
749 656 791 704 sed
801 668 844 706 rtet
854 656 900 704 sol·

130 739 174 778 uec
186 725 272 785 lunam,
284 737 326 774 ner
338 725 431 785 angelos
444 727 566 775 aduramus
574 725 673 789 (scilieet
687 726 823 778 adoratione
835 727 894 776 taur·
927 781 928 785 Ἰ

131 796 268 845 honoramus
291 800 366 844 aulem
390 796 500 858 reliquias
523 801 662 860 martyrum,
677 800 705 845 ut
724 811 779 846 eum
802 798 893 860 eujusn

131 868 257 928 martyres,
274 865 408 928 adoremus3
423 867 561 916 henummus
576 880 673 928 seruos,
693 871 722 918 ut
735 870 812 919 honor
825 881 888 919 serre:

131 936 243 988 redundet
257 937 285 987 art
300 937 429 988 Dominum.
444 953 458 986 u
475 938 513 988 sie
528 951 582 1001 ergo
595 939 732 989 honorande
745 940 855 1004 reliquias
867 953 891 987 se

134 1010 216 1070 torum,
229 1020 275 1058 non
286 1007 408 1058 incidimus
421 1007 446 1058 iu
456 1021 555 1058 errorem
567 1006 702 1073 Gentilium,
716 1011 756 1074 qui
769 1013 857 1062 enltnru
869 1011 897 1058 lu·

135 1077 231 1127 mortuis
253 1079 382 1128 horninibus
401 1077 548 1129 exhibebant.

165 1148 199 1198 lld
216 1150 339 1198 seeundum
353 1149 473 1200 dicendum
483 1188 489 1211 ‚
499 1151 560 1214 quot
577 1165 663 1216 eorpus
675 1152 734 1201 illud
746 1153 880 1204 insensibile
891 1167 895 1198 t

134 1219 254 1268 adoramus
269 1224 359 1284 propter
378 1222 496 1286 seipsum,
507 1223 547 1272 sed
558 1228 654 1286 propter
666 1224 789 1289 animam,
803 1240 853 1290 quae
865 1224 896 1272 lul.

132 1288 210 1350 unita,
221 1303 271 1352 qum
284 1303 345 1342 nunc
359 1291 441 1352 fruitur
452 1295 512 1357 lieo,
521 1298 546 1344 et
559 1298 654 1358 propter
666 1295 760 1360 uem,
773 1297 899 1361 eujnsluer

133 1359 240 1411 ministri.

164 1432 198 1482 ud
212 1431 303 1483 tertium
318 1433 447 1498 dicendum,
462 1434 522 1498 quod
533 1449 616 1500 eorpus
625 1441 747 1490 mortuum
760 1441 860 1505 alieuius
874 1453 898 1487 rr·

134 1515 180 1552 non
194 1506 229 1554 est
242 1503 302 1554 idem
316 1519 410 1558 numero
427 1507 489 1570 quod
501 1507 575 1570 primo
589 1507 634 1557 luit
651 1509 708 1558 (lum
722 1511 837 1575 vireret,
856 1524 901 1574 pur.-

134 1573 290 1627 dirersitatem
305 1576 382 1626 lormae
388 1613 396 1640 ‚
408 1592 459 1640 qum
473 1583 510 1628 est
520 1579 608 1643 anima3
621 1583 646 1630 et
658 1584 743 1632 tamen
754 1583 820 1634 illem
831 1583 899 1633 iterur

134 1645 247 1710 materie,
261 1660 312 1712 quae
322 1651 355 1698 est
369 1648 451 1700 iterum
462 1661 510 1700 sua
521 1649 600 1703 tumn
613 1649 729 1703 unienda.

386 1991 553 2066 QUAESTIO
571 1993 685 2059 XXVI.

144 2131 177 2180 De
191 2143 217 2177 eo
230 2131 293 2191 quod
309 2132 421 2180 t'trtrtue
432 2135 552 2181 mediator
560 2135 606 2182 Dei
616 2138 638 2180 et
650 2135 791 2188 hominm
806 2143 898 2190 dicitur

386 2196 447 2242 duur
460 2198 579 2244 articulos
597 2197 689 2244 diotre.
927 2203 928 2206 ’

171 2343 257 2395 Deinde
271 2345 457 2399 considerandum
469 2350 505 2398 est
517 2346 547 2401 do
557 2348 602 2398 hoc
615 2346 676 2412 quod
690 2349 783 2407 dieitur
795 2355 898 2411 christu
926 2365 928 2400 r

141 2419 164 2465 et
172 2416 289 2465 lromiuum
301 2418 416 2468 mediator.

168 2486 196 2535 Et
216 2486 277 2536 eirea
295 2489 340 2538 hoe
358 2493 489 2552 quaeruntur
504 2491 549 2540 duo
565 2505 571 2540 ι
587 2494 613 2540 1⁰
628 2490 712 2545 uuum
724 2506 786 2548 esse
807 2500 892 2552 merlus

136 2557 177 2609 liei
188 2561 211 2609 et
229 2559 363 2621 hominurn,
377 2561 406 2612 sit
421 2561 537 2626 preprium
551 2561 651 2617 Christo.
665 2567 693 2614 2⁰
708 2565 797 2620 utrum
814 2571 862 2623 troc
875 2585 903 2617 «ν

137 2629 186 2682 niat
199 2631 221 2682 ei
234 2631 358 2682 seeundum
374 2634 496 2683 humanam
509 2636 622 2683 naturam.
