1917 3317
145 188 178 232 88
240 197 346 234 suenrus
363 196 491 245 sueonum,
508 195 600 240 eumer.
616 195 726 246 eunus,
743 196 797 233 sur.
814 195 847 233 ur.

145 273 214 323 eellat
232 274 273 337 qui
291 275 325 324 est
343 271 452 334 dignitate
466 271 617 336 prestantior.
631 289 646 319 u
659 273 704 323 Sed
724 272 762 322 ille
783 272 820 335 qui
833 262 930 334 precellit

144 343 239 394 seientia
252 347 275 394 et
293 342 422 403 sanctitate,
437 348 473 393 est
497 343 586 393 melior.
601 344 659 406 Ergo
678 357 725 394 nou
737 343 804 393 debet
818 339 898 404 aligrm
909 335 930 384 at

145 413 305 477 episcopatum
319 414 405 464 assumi
418 413 463 464 uisi
482 415 513 464 sit
524 415 613 464 caeteris
624 414 712 465 melior.

179 489 203 534 3.
218 487 341 542 Praeterea,
352 485 375 535 in
387 486 487 549 quolibet
496 499 578 548 genere
587 485 673 536 minora
682 499 723 549 per
732 484 819 548 majore
827 484 933 547 reguntur

145 558 209 608 sieut
227 559 351 622 corporalia
363 563 471 622 reguntur
484 571 526 622 par
539 557 680 623 spiritualia,
692 561 715 608 et
728 557 836 608 iuferiora
850 563 934 617 curpett

145 643 187 692 per
200 630 329 694 superiora,
341 634 366 682 ut
375 628 515 693 Augustinus
525 631 579 680 dicit
587 631 610 680 iu
621 631 651 680 lli
658 668 665 692 ,
677 631 714 679 Be
726 629 815 680 trinit.
831 630 894 691 (esp.
907 622 934 686 t)-

145 701 192 750 Sed
207 701 327 765 episeopus
343 701 463 752 assumitur
474 701 502 751 ad
512 700 614 765 regimen
627 701 732 752 morum.
744 701 803 763 Ergo
814 700 884 750 delet
894 707 935 747 esst

149 773 238 824 esteris
252 773 339 824 melior.

179 843 223 894 Sed
234 847 313 894 eontra
326 848 375 906 est,
385 845 444 907 quod
456 843 579 894 decretalis
589 844 657 905 dieit,
671 844 731 907 qnod
743 843 854 894 «suffidt
863 840 936 904 eligere

147 917 246 974 bouum,
260 928 334 979 neque
342 919 433 978 oportet
444 915 527 978 eligere
540 916 664 966 meliorem.
679 933 693 962 o

179 987 337 1050 (Coucnusro.
347 986 430 1046 *Qui
439 999 576 1050 quemquam
592 988 620 1036 ad
635 987 791 1051 episeopatum
806 983 887 1048 eligit,
902 992 937 1029 not

149 1057 282 1122 simpliciter
296 1057 383 1108 ueteris
394 1057 510 1108 meliorem
522 1061 613 1109 tenetur
621 1059 719 1121 eligere,
728 1057 769 1107 sed
779 1069 851 1120 quem
865 1049 938 1105 uelem

148 1129 221 1193 magis
240 1129 348 1179 idoneum
367 1129 395 1178 ad
406 1129 534 1180 animarum
543 1129 644 1192 regimen
657 1128 737 1192 uortt;
750 1127 842 1179 eiuerd
852 1125 893 1190 qui
903 1122 937 1173 eli·

149 1201 222 1264 gitur,
235 1206 271 1250 sat
279 1200 347 1250 inerit
356 1205 381 1250 ut
392 1200 449 1251 nihil
462 1201 486 1249 iu
497 1195 712 1262 seanimadrertat,
727 1199 831 1262 ob'quod
845 1197 889 1248 tali
902 1206 943 1261 mtt-¹

145 1286 205 1324 uere
218 1287 244 1322 se
257 1273 376 1334 indignum
389 1272 531 1336 existimet.)

181 1345 317 1408 Respondeo
328 1343 462 1405 dicendum,
474 1343 535 1406 qrrdd
545 1344 605 1394 eirea
616 1344 795 1408 assumptionem
808 1341 910 1404 alieuius
922 1335 943 1415 ari

149 1417 319 1481 episcopatum,
340 1414 425 1478 aliquid
443 1414 632 1465 considerandum
652 1419 687 1464 est
703 1428 732 1465 ex
750 1417 815 1478 parte
839 1414 894 1478 ejus
913 1419 943 1472 ott

146 1487 280 1546 assumitur,
289 1490 313 1537 et
327 1485 410 1549 aliquid
422 1497 452 1535 ex
462 1489 526 1548 parte
536 1485 587 1550 ejus
598 1485 638 1548 qui
647 1486 750 1536 assumit.
764 1485 799 1534 ils
810 1489 881 1548 parte
893 1481 943 1533 euim

145 1559 200 1624 ejus
222 1557 261 1620 qui
279 1557 387 1618 assumit,
404 1558 442 1606 rel
464 1557 583 1621 eligendo,
598 1559 635 1608 rol
649 1556 802 1621 providendo,
827 1553 943 1620 requiritur

148 1629 210 1694 quod
220 1629 289 1679 tutem
300 1629 382 1693 eligat,
392 1629 431 1692 qui
443 1627 540 1679 fideliter
548 1628 626 1679 diviua
636 1628 742 1694 mysteria
752 1626 893 1691 dispenset,
904 1632 943 1693 quo

149 1701 241 1764 peridem
260 1700 384 1764 dispensari
403 1700 486 1750 debent
498 1701 526 1750 ad
541 1701 662 1757 utililutem
679 1699 806 1761 Ecclesia,
822 1697 943 1757 secundun

146 1771 204 1820 'illud
217 1773 236 1820 Ι.
247 1771 285 1819 ud
301 1772 371 1830 Cor„
385 1772 434 1821 xlv
448 1787 454 1820 ι
472 1787 486 1818 u
500 1772 533 1820 rtd
547 1772 719 1822 edificationem
733 1769 845 1820 Ecclesiae
858 1766 943 1835 quesiti

146 1845 174 1892 ut
188 1842 317 1893 abundetis.
331 1861 344 1891 u
360 1845 410 1894 Non
423 1846 500 1894 autem
514 1843 592 1893 divine
605 1841 881 1894 ministerialtominibus
896 1842 943 1891 eottt.

149 1915 269 1964 ruittuutur
289 1919 381 1978 propter
402 1927 479 1964 eorum
501 1914 721 1974 remunerationem,
743 1925 812 1975 quam
832 1894 943 1974 expecta'

150 1986 232 2035 debent
243 1985 267 2034 in
282 1986 365 2035 tuturo.
374 1987 404 2035 Et
413 1986 463 2036 ideo
475 1985 515 2034 ille
527 1985 567 2048 qui
578 1985 644 2035 debet
654 1985 753 2048 aliquem
765 1983 856 2044 eligere
870 1983 898 2032 iu
909 1920 943 2043 ep]

149 2069 257 2119 scopum,
272 2055 308 2106 vel
321 2057 348 2106 de
362 2070 389 2106 eo
402 2056 538 2120 prouidere,
548 2068 595 2106 uou
607 2060 697 2106 tenetur
706 2067 821 2105 assumere
834 2053 943 2121 melioret¹

150 2125 293 2190 simpliciter,
304 2128 365 2190 quod
373 2132 408 2178 est
415 2127 537 2178 seeundum
546 2127 687 2187 charitatem,
697 2127 738 2176 sed
747 2125 872 2177 meliorem
884 2132 943 2189 quoa

150 2198 250 2260 regimen
264 2199 384 2260 Ecclesiae,
395 2199 434 2262 qui
445 2197 532 2248 scilieet
542 2198 616 2261 possit
629 2198 753 2248 Emlesiam
765 2200 790 2246 et
803 2170 943 2269 instruerei:

150 2270 285 2333 defendere,
299 2275 323 2320 et
341 2269 433 2334 pauitire
447 2271 581 2333 gubernare.
599 2270 662 2319 Unde
675 2272 754 2318 eontra
766 2269 886 2330 quosdam
901 2271 943 2318 llio

149 2354 257 2404 rouymus
271 2342 324 2391 dicit
345 2339 493 2405 (additum
506 2341 546 2403 Ι),
562 2339 622 2404 qudd
641 2339 760 2402 «quidam
777 2351 824 2389 nou
845 2336 943 2404 quaemt'

149 2423 190 2462 eos
200 2413 224 2460 iu
236 2412 337 2463 Ecclesia
346 2415 463 2464 columnas
472 2412 574 2475 erigere,
588 2425 646 2475 quos
656 2411 709 2476 plus
721 2417 868 2474 coguosouut
883 2400 943 2469 Eucti

150 2483 190 2534 siae
210 2485 330 2547 prodesse,
348 2485 387 2534 sed
404 2495 462 2547 quos
479 2484 531 2547 plus
551 2483 597 2548 ipsi
619 2486 708 2546 amant,
721 2483 759 2533 rel
778 2495 886 2545 qnorum
909 2496 943 2534 sm

150 2555 264 2619 ohsequiis
276 2555 363 2606 deliniti
374 2557 413 2606 rel
429 2555 507 2616 dediti,
517 2555 554 2605 rel
565 2567 607 2618 pro
618 2554 700 2618 quibus
709 2553 943 2620 majornmgquispisr

149 2627 277 2690 rogaverit,
293 2632 317 2678 et
330 2630 374 2687 (ut
384 2627 496 2678 deteriore
505 2630 609 2688 taceam)
619 2626 660 2690 qui
671 2630 697 2674 ut
707 2624 784 2675 elerici
794 2624 899 2687 tierent,
913 2641 943 2677 mr

149 2699 244 2747 neribus
262 2698 419 2762 impetrarunt.
438 2713 452 2746 ιι
467 2699 516 2748 lloe
533 2703 608 2748 autem
629 2696 726 2760 pertinet
748 2696 776 2745 ad
795 2699 943 2762 aeoeptiouer

149 2782 313 2832 personarum,
328 2782 379 2830 quar
394 2771 418 2818 in
429 2769 512 2820 talibus
526 2775 561 2820 est
578 2782 648 2832 gram
660 2771 789 2832 pensatum.
804 2769 877 2820 Unde
893 2785 943 2835 sup

57 2865 94 2926 X,
149 2839 204 2889 illud
213 2841 278 2894 lue,
286 2841 307 2890 ll
319 2856 325 2889 :
335 2857 348 2886 u
358 2841 449 2891 Fratres
460 2841 505 2891 mei
515 2841 585 2891 nolite
594 2841 619 2889 in
627 2843 774 2904 personarum
786 2843 943 2903 aeoeptione,

88 2922 112 2944 rr
149 2914 171 2958 et
183 2913 281 2966 caetera,
295 2911 348 2962 dicit
362 2911 438 2963 Glosse
448 2911 570 2974 Augustini
583 2912 626 2975 (ex
635 2911 704 2974 epist.
718 2910 804 2975 xxix)
817 2927 823 2961 ε
835 2913 892 2962 «Si
904 2915 943 2964 hur
