1917 3317
188 205 217 243 ns
235 206 300 244 nono
315 204 414 243 unroms
430 204 502 243 vella
517 202 654 244 melanem.
777 197 824 243 255

49 279 147 329 secrrndun
166 283 286 332 essentiam
308 281 346 331 rel
363 285 484 344 naturam,
503 295 577 344 neone
601 283 672 332 etiam
697 284 823 332 secundum

52 353 142 415 uuidere
151 355 186 404 sed
197 354 345 405 mediomodo
353 389 360 411 ‚
369 355 491 403 secuudum
503 354 672 403 subsistentiam
681 368 723 403 seu
734 356 821 418 hypos-

50 423 108 472 ruiu.
122 426 174 475 Unde
190 426 213 476 in
231 428 310 489 quinta
323 427 414 489 Synodo
432 426 513 475 dicitur
530 441 565 474 :rr
580 426 635 475 (Idm
651 426 727 476 multis
749 427 823 477 modis

51 502 108 543 ruilus
118 496 253 560 intelligatur,
265 498 304 560 qui
314 498 456 561 impietatem
467 498 600 561 apollinarii
611 503 634 547 et
644 499 771 548 Euticlretls
784 511 821 548 se-

49 572 133 629 :prumm
151 568 344 633 interemptionem
361 583 438 619 eorum
458 584 509 631 quae
527 573 683 619 conuenerunt
703 570 823 630 colentes,

51 650 53 676 ⁴
69 639 87 685 id
98 642 126 688 esl
136 638 285 692 interimentes
299 647 417 704 utramque
436 640 560 702 naturam)
573 641 680 691 unionem
694 642 820 691 secundum

48 712 173 761 ‹crrl'usiouem
187 714 274 764 dicunt.
287 713 400 763 Theodori
414 717 491 762 autem
505 716 527 761 et
540 714 637 762 Nestorii
648 726 771 774 sequaces,
785 713 822 761 di·

49 781 117 831 unone
130 786 259 849 gaudentes,
275 784 418 834 affectualem
432 785 543 833 unitatem
558 783 715 833 introducunt.
736 784 821 833 Sancta

55 854 88 902 'ud
101 856 132 905 ltci
143 858 252 917 Ecclesia,
267 857 388 919 utriusque
406 856 509 919 perfidiae
530 856 670 919 impietatem
691 855 816 918 rejiciens,

48 928 128 978 lairen
142 931 203 980 Verbi
214 930 255 979 nei
270 930 299 979 ad
313 942 404 977 earnem
421 930 547 977 secuudum
561 928 749 991 compositionem
762 942 821 978 con-

49 1002 107 1053 setur,
121 1005 174 1066 quod
195 1007 231 1053 est
248 1002 375 1053 secundum
394 1000 574 1050 subsistentiam.
595 1017 610 1047 »
628 1001 666 1050 Sic
682 1014 736 1063 ergo
757 1004 821 1064 patet

51 1075 88 1125 ,ud
102 1078 190 1125 secunda
203 1076 272 1125 trium
287 1075 422 1137 opinionum
433 1087 491 1137 quas
502 1074 610 1135 Magister
622 1074 701 1137 ponit,
718 1087 769 1137 quae
784 1087 821 1123 as·

62 1149 84 1191 ut
98 1161 183 1197 cunum
197 1145 339 1212 hypostasim
353 1145 394 1194 llei
414 1149 436 1195 et
450 1145 565 1203 lroruiuis,
584 1161 598 1192 c
614 1159 659 1195 non
674 1150 710 1195 est
723 1146 820 1196 dicenda

60 1216 112 1281 inin,
131 1221 166 1269 sed
183 1218 297 1269 sententia
319 1216 441 1267 catholice
460 1216 521 1265 fidei.
537 1215 646 1266 Similiter
661 1218 730 1267 etiam
745 1218 819 1279 prima

56 1291 100 1350 ¹irio
111 1306 155 1355 pua
172 1292 237 1356 pouit
255 1290 324 1339 duas
337 1289 490 1352 hypostases,
499 1292 522 1337 et
534 1288 599 1336 tertia
610 1302 661 1350 qua
674 1288 740 1351 ponit
749 1293 819 1337 unio-

67 1378 83 1407 u
98 1363 285 1419 unidentnlem,
303 1374 351 1411 nou
374 1364 427 1409 sunt
440 1360 544 1409 dicenda
561 1359 699 1424 opiniones,
714 1361 754 1410 sed
771 1361 820 1411 ha·

44 1448 88 1482 es
102 1437 121 1485 iu
132 1436 239 1486 Consiliis
254 1434 283 1483 ab
296 1432 399 1482 Ecclesia
413 1432 534 1480 darnuatae.

68 1508 89 1552 ll
100 1508 187 1569 primurn
201 1519 256 1570 ergo
273 1504 412 1566 dicendum,
426 1502 487 1565 quod
507 1503 566 1551 sicut
586 1502 740 1552 Damascenus
762 1503 818 1552 dicit

75 1579 103 1627 lll.
113 1580 147 1630 dn.
164 1583 228 1643 (cap.
244 1579 301 1637 adl,
318 1592 333 1623 rr
346 1588 392 1624 nou
407 1586 501 1625 necesse
515 1578 550 1623 est
563 1574 707 1624 omnifarium
721 1577 744 1623 et
756 1574 820 1624 iude-

42 1660 45 1667 ’
59 1650 105 1699 rlird
120 1651 234 1702 assimilari
247 1648 367 1711 exempla3
380 1648 439 1709 qnod
453 1646 515 1696 enim
531 1651 568 1695 est
578 1647 602 1694 in
613 1646 720 1695 omuibus
734 1645 817 1710 simile,

54 1724 86 1770 *ru
98 1725 164 1787 ulirpre
178 1722 239 1783 erit,
258 1725 343 1771 elnon
362 1718 509 1781 exemplum,
522 1722 545 1767 et
562 1715 661 1765 maxime
675 1716 699 1766 in
715 1718 816 1781 divinis3

58 1797 151 1857 ,possibile
164 1795 224 1846 enim
236 1796 273 1843 est
286 1791 362 1841 simile
373 1790 503 1851 exemplum
514 1788 618 1838 invenire
630 1788 655 1837 in
665 1788 779 1849 omnious,
794 1793 818 1839 el

54 1869 185 1931 ,ilrenlngia
200 1882 215 1913 o
229 1866 254 1915 id
269 1868 314 1925 est,
327 1863 352 1912 in
366 1861 450 1911 deitate
466 1872 623 1923 personarum,
636 1862 661 1907 et
676 1861 703 1907 in
715 1859 819 1923 dispen-

64 1942 114 1989 ¹ioue
123 1977 128 1995 ,
138 1941 159 1990 id
170 1943 203 1989 est
212 1939 237 1986 in
247 1934 360 1999 mysterio
368 1931 539 1982 iucarnationis.
553 1932 655 1979 Humana
668 1944 723 1993 ergo
736 1936 817 1981 natura

67 2013 141 2062 clerieo
153 2010 293 2061 assimilatur
306 2005 417 2060 habitui,
430 2004 454 2053 id
468 2008 513 2065 est,
527 2005 691 2058 uestimento,
703 2015 749 2052 non
766 2002 818 2065 qui·

66 2098 78 2129 n
90 2088 184 2146 quantum
198 2082 227 2131 ad
238 2077 405 2129 accidentalem
419 2075 527 2124 unionem
537 2113 543 2133 ,
553 2074 593 2124 sed
605 2079 717 2137 quantum
731 2075 759 2123 ad
773 2076 817 2124 lroc

72 2156 85 2201 d
98 2157 184 2219 terbum
198 2154 291 2202 videtur
304 2149 479 2213 perhumanum
492 2150 609 2209 naturam,
623 2145 681 2194 sicut
695 2148 763 2195 lrumo
776 2160 818 2209 per

67 2228 180 2277 ardentum.
198 2226 229 2275 Er
246 2223 315 2273 etiarn
330 2224 441 2283 quantum
461 2220 491 2268 ad
512 2218 555 2266 lroc
572 2218 632 2280 quod
653 2217 816 2267 vestimentum

77 2303 130 2362 ‘atur3
142 2299 192 2363 quia
209 2295 299 2347 scillcet
319 2291 429 2342 formatur
450 2290 574 2339 secundum
597 2289 691 2352 figuram
711 2289 816 2353 ejusqui

60 2370 98 2417 ul
113 2371 192 2437 ipsum3
215 2367 257 2431 qui
273 2366 286 2415 a
300 2378 343 2415 sua
361 2363 433 2413 torma
449 2375 495 2411 non
514 2366 614 2411 mutatur
636 2364 728 2424 propter
741 2361 816 2411 vesti-

61 2445 160 2493 ezlunAEt
173 2439 281 2493 similiter
294 2439 393 2487 humana
405 2437 486 2484 natura
498 2437 613 2497 assumpta
623 2433 637 2483 d
647 2433 721 2482 Verbo
732 2433 772 2482 Dei
781 2438 816 2483 est

66 2512 228 2579 dorstaipsum
250 2515 329 2561 autem
347 2506 447 2555 Verbum
470 2504 510 2554 Dei
530 2517 577 2553 non
597 2508 634 2553 est
651 2507 775 2565 mutatum,
789 2507 816 2553 ut

67 2585 153 2641 ustinus
163 2582 259 2649 exponit
271 2579 346 2631 inlib.
360 2577 479 2635 Llllllilll,
495 2579 584 2639 quoesr.
597 2577 651 2638 (qu.
666 2575 722 2636 63).

74 2656 95 2699 ll
106 2658 212 2707 mundun
225 2652 367 2710 dicendum,
378 2648 438 2711 qnod
452 2647 507 2696 illud
522 2648 582 2710 quod
596 2644 688 2695 aduenit
700 2648 816 2707 postesse

62 2725 166 2789 ruptum,
182 2724 352 2778 accidentaliter
370 2719 475 2781 advenit,
487 2718 534 2767 nisi
551 2720 654 2768 trahatur
675 2716 699 2765 in
712 2730 815 2767 commu-

65 2792 121 2843 lnem
133 2800 184 2850 itlius
202 2813 253 2849 esse
272 2792 384 2857 completi
405 2792 486 2841 :sicul
502 2791 526 2839 iu
545 2788 714 2839 resurrectione
734 2801 816 2849 corpus

57 2868 133 2916 ,semel
141 2871 210 2922 anime
222 2864 397 2935 praesistenti,
411 2876 458 2914 non
469 2866 546 2913 tamen
559 2859 739 2918 accidentaliter,
760 2858 815 2920 quia

53 2936 131 2987 <arden
140 2955 179 2991 aare
190 2947 324 3003 assumetur,
338 2942 366 2989 ut
378 2936 466 2989 scilicet
484 2949 567 2999 corpus
580 2932 665 2982 habeat
678 2944 728 2979 esse
743 2928 814 2978 vitale
