1917 3317
151 195 199 256 teo
329 213 388 255 rins
405 211 771 267 rrr,oneor.xmr,arr.1m

152 297 232 359 Nupt.
247 296 272 344 et
284 295 499 359 concupiscentia,
516 309 531 342 o
545 294 615 344 libido
629 296 664 345 est
684 307 735 358 que
747 296 851 358 peccatam
863 290 902 349 orio-

152 368 202 416 nalo
221 367 356 416 transmittit
369 366 394 415 in
413 367 509 430 prolem.
528 367 633 417 »Libido
649 370 724 416 antem
736 364 833 428 importat
849 363 902 411 inod-

152 443 228 487 natam
242 437 465 501 concupiscentiam,
479 452 529 500 qum
545 449 590 486 noa
601 436 699 488 totaliter
709 436 804 486 subditur
816 431 900 484 rationi*

151 510 203 560 ideo
216 511 236 560 si
250 511 349 560 totaliter
365 512 437 560 tornes
453 510 633 566 subtraheretur,
646 510 672 559 in
692 513 794 573 quantum
807 507 893 572 pertinet.

151 581 319 644 corruptionem
343 595 463 646 persone,
483 595 529 632 non
546 586 625 645 posset
646 591 776 642 remanere,
791 578 814 628 ln
832 583 900 641 quant.

151 652 251 716 pertinet
271 654 298 702 ad
310 653 477 716 corruptionem
497 656 592 703 natura.
684 675 691 690 ι

183 725 263 775 Restat
281 739 336 789 ergo
350 729 376 774 at
391 725 505 786 dicamus,
519 725 581 788 quod
597 725 636 775 rel
647 725 744 775 totaliter
755 723 824 774 lomes
833 723 895 772 luent.

153 809 181 846 ea
200 796 300 846 sublatus
314 810 355 859 per
369 796 466 860 primam
487 796 704 860 sanctificationem,
719 797 754 846 rel
769 795 786 844 si
800 801 898 844 remansi·

151 867 212 929 qudd
227 867 293 916 luerit
306 867 398 931 ligatus.
410 868 490 918 Posset
505 868 564 917 enim
583 867 681 931 intelligi
698 866 756 931 qndd
773 866 860 916 totaliter
869 866 888 911 iu

153 939 254 988 sublatus
268 941 348 1000 lomes,
358 942 402 990 hoo
413 939 479 990 modo
489 939 550 1002 qubd
559 939 687 1002 prestitum
697 938 764 989 luerit
779 937 844 988 beate
853 936 894 983 t‘i‘:v

153 1021 181 1058 er
191 1009 328 1060 abnndantia
338 1012 415 1074 gratiae
428 1011 589 1060 descendentis
601 1010 626 1059 in
636 1009 720 1074 ipsam,
731 1013 758 1058 nt
768 1009 817 1058 talis
829 1020 901 1058 esset

153 1080 236 1142 positio
249 1081 331 1131 uirium
345 1081 427 1133 anlmae
439 1083 463 1132 in
475 1082 533 1146 ipsa,
547 1081 608 1146 qnbd
630 1081 747 1132 inferiores
762 1081 889 1140 rimorum

152 1165 300 1204 mouerentur
314 1155 363 1205 sine
374 1155 466 1205 arbitrio
476 1155 579 1213 rationis,
591 1154 745 1204 sioutdictom
758 1157 792 1204 est
801 1152 831 1216 (tl
841 1152 892 1200 luiso

153 1226 255 1288 Christo,
271 1241 338 1291 quom
350 1230 438 1276 constat
451 1225 538 1290 peccati
554 1225 658 1275 tomitem
674 1239 721 1275 non
731 1225 891 1284 habndsse3ets

152 1297 196 1347 duit
215 1299 238 1348 in
258 1301 328 1348 Adam
343 1302 395 1348 ante
419 1302 537 1361 peecatum
559 1310 601 1360 per
623 1296 757 1359 originalem
771 1295 882 1360 justitiam:

152 1368 213 1432 qudd
228 1374 337 1433 quantum
351 1371 377 1418 ad
392 1370 435 1419 huo
449 1368 520 1431 gratia
532 1368 721 1417 sanctificationis
733 1369 758 1418 in
770 1365 893 1428 Virginem

150 1441 199 1490 uim
208 1441 324 1504 originalis
333 1440 438 1504 justitie.
448 1441 476 1489 Et
485 1439 590 1503 quamvis
601 1440 651 1489 haec
657 1440 771 1503 oppositio
780 1439 806 1488 ad
815 1438 888 1501 dignm

151 1512 250 1576 Virginis
262 1514 377 1576 pertinere
389 1512 508 1573 videatur3
523 1510 618 1573 derogat
629 1515 708 1562 temon
722 1512 747 1560 in
761 1511 833 1574 abono
845 1511 886 1570 dign

151 1585 248 1647 Christi,
259 1585 342 1648 absque
357 1584 422 1648 cujus
437 1584 522 1634 uirtute
539 1583 639 1633 nullnsd
650 1583 724 1647 prime
738 1583 887 1634 damnationol

151 1661 221 1706 ratur.
237 1657 265 1706 Et
285 1655 388 1719 quamvis
404 1655 527 1718 perfidem
545 1654 645 1717 Christi,
660 1654 731 1718 aliqui
751 1661 805 1705 ante
818 1652 889 1706 Christi

150 1728 305 1777 sarmationem
320 1728 366 1777 sint
381 1729 505 1777 seeundum
520 1725 624 1790 spiritum
643 1726 671 1775 ab
685 1725 725 1776 illa
737 1724 890 1777 damnationi

150 1799 203 1860 rati,
214 1802 290 1848 tamen
303 1799 363 1863 qudd
378 1799 504 1849 secundam
518 1811 610 1848 carnem
624 1797 708 1860 aliquis
721 1798 750 1848 ab
762 1797 801 1848 illa
813 1801 894 1849 damnat.

151 1869 272 1932 liberetur,
287 1883 332 1920 non
349 1871 438 1920 videtur
455 1871 503 1919 deri
520 1868 626 1919 debuisse
646 1869 692 1919 nisi
706 1875 760 1933 post
774 1868 879 1920 incamati

151 1941 219 2005 ejus,
233 1941 256 1992 in
276 1955 320 2004 qun
334 1942 407 2006 primo
423 1941 500 1992 debuit
514 1942 648 1992 immunitas
664 1941 821 1993 damnationis
837 1953 891 2005 appu:

152 2012 181 2061 Et
194 2013 257 2073 ideo,¹
271 2016 328 2063 sient
344 2019 395 2063 ante
412 2013 605 2064 immortalitatem
618 2015 694 2063 carnis
707 2015 794 2065 Christi
805 2028 893 2073 rosum¹¹

151 2084 227 2132 nullus
244 2085 339 2148 adeptus
355 2084 399 2133 luit
415 2085 489 2135 carnis
510 2084 719 2147 immortalitatem,
733 2087 767 2136 ita
788 2085 898 2136 insonum

151 2167 200 2204 esse
211 2156 300 2205 videtur
314 2156 397 2220 dicere,
412 2155 472 2220 qndd
488 2161 540 2206 ante
555 2156 643 2205 Christi
655 2169 759 2220 carnem,
770 2157 795 2208 in
811 2170 853 2221 qut
863 2169 893 2201 ori

152 2226 196 2276 luit
214 2232 343 2290 peecatum,
362 2240 414 2279 caro
431 2228 530 2292 Virginis
552 2228 631 2277 matris
649 2228 718 2291 ejus,
733 2231 774 2280 vel
795 2230 893 2293 cnjnsruff

151 2300 261 2360 alterius,
279 2299 347 2350 iurarit
367 2301 452 2364 absque
471 2300 550 2350 fomite
555 2337 563 2363 ,
577 2300 617 2364 qai
636 2300 720 2351 dieitur
734 2301 779 2352 deuo
795 2303 904 2352 cornis>

152 2372 332 2422 membrorum.
350 2373 380 2422 Et
398 2373 448 2424 ideo
467 2373 558 2424 videtur
577 2371 660 2422 melius
681 2373 821 2437 dicendum,
841 2370 889 2435 quii¹

150 2445 354 2496 sanctificationem
373 2443 397 2493 in
417 2448 481 2495 utero
503 2459 549 2494 non
569 2444 639 2494 tuerit
658 2446 765 2496 sublatus
784 2448 856 2497 beate
871 2444 904 2486 lv.

150 2517 224 2566 fomes
238 2517 363 2566 secundum
382 2516 512 2578 essentiam,
523 2517 564 2566 sed
576 2517 713 2567 remanserit
724 2518 826 2580 ligatus,
842 2527 880 2565 noa
899 2524 902 2529 ·

151 2588 202 2638 dem
221 2599 262 2652 per
275 2591 349 2636 actum
364 2586 459 2637 rationis
474 2601 534 2648 suae,
550 2587 609 2638 sient
626 2586 650 2636 in
664 2588 722 2638 airis
739 2589 837 2651 sanctis,
848 2586 881 2650 qui

151 2658 228 2708 statim
241 2659 321 2708 habirit
330 2669 396 2707 nsum
407 2657 473 2708 liberi
484 2659 579 2722 arbitrii,
590 2659 665 2709 adhuc
675 2659 700 2710 in
714 2665 797 2711 rende
810 2664 897 2710 matris·

186 2817 219 2881 (1)
233 2823 285 2866 Non
295 2819 384 2866 tanthm
398 2833 438 2877 qu.
449 2819 489 2881 15,
501 2827 544 2868 ort.
555 2822 579 2881 2,
593 2824 633 2871 ubi
646 2823 775 2871 domitemd
785 2836 882 2881 corporo
894 2835 898 2861 ι

153 2895 181 2927 ex
198 2883 303 2939 professo
319 2883 431 2936 excludit3
447 2885 487 2929 sed
510 2891 554 2932 ert.
574 2884 604 2946 d,
622 2887 662 2932 ubi
677 2889 781 2947 explicat
802 2888 892 2934 modum

152 2944 270 3000 passibilis
283 2947 334 3002 ejus
348 2945 425 2992 anime
440 2945 492 2992 luit.
