1917 3317
179 185 214 221 nn
230 182 392 222 concnrrronrr
409 183 570 237 ottramnus,
586 185 639 224 nnc.
767 179 814 226 ott

46 277 87 326 ner
106 261 210 324 aliquem
224 260 315 309 modurn
330 259 423 310 hieriam
435 262 538 314 dicamus
554 263 627 313 tuisse
640 265 669 314 ie
685 264 756 329 stirpe
769 267 816 316 iia·

39 408 63 453 ht
79 403 179 454 tertium
194 401 330 464 dicendum,
340 402 398 465 qnod
413 417 455 466 per
468 403 530 454 itiam
541 404 699 454 anctoritatem
713 408 815 470 prophe-

36 493 76 533 sn,
98 475 163 524 sicut
179 473 311 522 hrohrosins
325 471 379 522 diort
393 488 461 537 snper
474 476 483 538 (
495 477 563 532 too,
581 489 634 538 cap.
646 479 679 538 3,
694 491 764 526 «non
774 491 816 528 ne-

43 563 64 593 or
79 560 110 595 ex
131 544 225 593 semine
247 543 362 594 ieehonie
386 552 489 608 nosteros
510 546 636 596 nascituros
664 548 692 596 nt
713 547 765 597 ideo
786 549 817 600 de

44 619 85 666 thre
96 616 152 678 ejus
162 615 272 664 Christos
281 619 325 664 est.
339 615 367 663 Et
378 615 437 678 qnod
450 618 554 679 regnavit
562 617 666 668 Christus
679 632 724 668 non
737 623 816 668 eontra

43 688 146 748 goetiam
169 687 224 745 est,
252 687 378 734 nonenim
400 688 501 737 seeotari
522 689 609 739 honore
632 688 750 754 regnavit;
765 689 815 754 ipse

34 773 57 806 n
76 757 157 820 dixit,
174 759 274 818 regnum
289 769 364 806 menn
380 761 476 808 nonest
493 759 522 808 de
534 759 578 809 hoo
592 761 685 810 mnodo.
704 777 718 807 n

305 933 464 986 ARTICULUS
478 937 516 986 ΙΙΙ.

36 1065 114 1110 :irim
128 1063 308 1109 convenienter
322 1065 461 1169 genealogia
473 1065 565 1110 Christi
580 1065 610 1110 ab
625 1066 790 1124 Evangeiistis
866 1053 875 1067 ⁹

370 1137 414 1169 eno
424 1139 464 1170 or.

43 1256 171 1306 nitentium
189 1253 227 1305 sie
243 1254 381 1318 proceditur.
397 1255 493 1305 Videtur
504 1255 564 1319 qnod
578 1257 710 1320 genealogia
729 1258 815 1310 Christi

48 1329 200 1378 evenienter
213 1325 243 1374 ab
256 1325 407 1388 Evangetistis
421 1329 511 1376 texatur
521 1327 565 1391 (t).
575 1327 660 1377 Dicitur
672 1328 734 1378 eninr
752 1331 816 1388 Iro„

43 1399 62 1456 i,
76 1401 102 1450 rie
124 1397 235 1448 Christo
253 1411 261 1445 ι
279 1412 292 1444 n
311 1397 487 1446 Generationern
508 1398 560 1461 ejns
579 1398 632 1462 onis
653 1400 786 1451 enarrabit?
799 1419 816 1449 s

46 1483 111 1520 ¹¹non
128 1468 180 1519 fnit
194 1467 317 1530 generatio
334 1468 418 1518 Christi
427 1471 562 1519 enarranda.

63 1543 203 1599 Praeterea,
221 1537 364 1602 impossihile
385 1543 421 1588 est
438 1553 511 1588 nnnrn
534 1540 647 1590 hominem
665 1541 722 1590 dnos
741 1547 821 1604 patres

45 1625 83 1659 ne.
95 1613 145 1662 Sed
163 1609 291 1659 Mattheus
308 1609 435 1672 dicitquod
449 1627 462 1656 ι(
473 1610 544 1660 Joooh
560 1611 639 1673 genuit
649 1613 733 1676 loseph
743 1611 818 1662 virorn

57 1698 80 1739 a;
98 1701 113 1731 o
134 1685 221 1733 Lucas
236 1684 313 1729 autern
328 1680 384 1730 dicit
396 1681 480 1745 ioseph
500 1682 572 1732 inisse
593 1683 737 1734 hlinm'iieli.
757 1685 821 1748 Ergo

52 1755 104 1804 naria
122 1753 176 1804 sihi
191 1750 295 1800 invicem
310 1751 420 1801 scribunt.

67 1827 210 1886 Praeterea,
227 1820 336 1871 videntur
353 1821 525 1886 inquibnsdanr
539 1823 553 1873 t
566 1838 591 1875 se
606 1825 704 1875 invicem
719 1826 818 1878 dirersi-

44 1897 222 1953 :13htatthaeus
236 1893 298 1942 enirn
310 1891 335 1941 in
347 1894 460 1957 principio
474 1894 513 1944 tib.
526 1895 640 1959 incipiens
653 1897 681 1945 nh
692 1898 814 1959 Abraham,

51 1968 158 2016 enitendo
177 1976 256 2026 usone
272 1965 299 2012 ad
313 1963 414 2027 ioseph,
427 1965 574 2028 quadraginta
590 1969 647 2016 duas
658 1971 819 2030 generationes

56 2043 128 2100 ,erat3
150 2037 237 2086 Lucas
257 2038 332 2082 autern
347 2039 400 2096 post
418 2035 557 2099 baptismum
574 2037 669 2100 Christi,
685 2040 818 2102 generatio-

45 2138 48 2151 .
67 2108 160 2158 Christi
174 2104 265 2170 ponit,
278 2103 389 2167 incipiens
405 2104 419 2154 a
436 2107 528 2156 Chnsto
544 2111 569 2156 et
581 2109 711 2171 perducens
723 2123 818 2171 genera·

53 2193 80 2226 Uo
100 2189 236 2229 nnmerum
252 2187 325 2238 usque
339 2176 367 2225 ad
382 2177 471 2238 Deum,
487 2191 575 2240 ponens
588 2180 746 2242 generationes
764 2193 819 2244 sep·

53 2257 95 2300 nta
112 2265 132 2300 s
142 2255 215 2314 ptem
240 2249 337 2308 utroque
353 2251 457 2297 extremo
473 2254 612 2312 computato.
628 2249 722 2300 Videtur
735 2251 824 2312 igttur„

51 2350 55 2368 r
69 2320 278 2373 inconvenienter
291 2317 459 2379 generationem
473 2319 558 2369 Christi
574 2321 712 2371 describant.

47 2395 201 2452 .t>raeterea,
222 2387 263 2438 lV.
279 2389 348 2451 neo..
368 2389 435 2442 Viti.
450 2389 541 2452 legitur,
559 2390 621 2454 qnod
642 2392 716 2440 torarn
741 2392 828 2453 gennit

49 2465 77 2512 ni
93 2479 134 2526 m,
151 2463 196 2512 cni
212 2461 329 2509 suecessit
342 2459 398 2510 ,toas
410 2459 468 2510 filins
482 2461 546 2524 ejns3
558 2462 612 2511 huie
621 2466 697 2511 autern
708 2463 828 2512 suecessit,

50 2537 123 2599 ‚ejus
143 2531 275 2592 Amastra,
292 2534 371 2594 postea
385 2532 491 2594 regnarit
509 2533 569 2582 titius
590 2534 640 2597 ejus
656 2533 764 2596 tranas,
780 2533 820 2596 qni

53 2606 126 2656 inor
141 2605 234 2665 Ozias,
255 2602 294 2650 eni
309 2602 419 2652 successit
432 2603 539 2654 ioathanr
553 2604 614 2654 titios
627 2607 686 2669 ejus.
701 2605 828 2655 hiotthens

55 2697 74 2724 n
90 2674 237 2740 dicitquod
257 2673 335 2723 Jorom
349 2674 430 2738 genuit
452 2675 540 2726 Oziarn.
563 2677 622 2738 Ergo
638 2677 730 2726 ridetur
741 2675 830 2724 incon·-

46 2831 63 2890 i)
80 2833 180 2888 Nempe
197 2827 302 2880 north„
319 2828 347 2886 1,
362 2828 430 2883 juxto
446 2839 516 2874 unam
532 2830 630 2884 seriem
646 2830 706 2874 Loro.
728 2829 824 2885 autem,

45 2927 49 2952 ,
65 2895 135 2949 juxta
149 2890 288 2950 quamdam
303 2889 373 2937 aliem
386 2889 467 2939 restis
483 2889 562 2941 fiuent.
