1917 3317
122 160 168 208 506
318 172 379 209 nans
397 171 439 220 nr,
453 170 547 215 onaan.
564 172 622 220 m,
633 172 692 208 aar.
706 172 725 208 ι.

154 247 310 312 (Couuuusro.
321 274 351 283 -
363 248 413 296 Non
427 260 513 304 unam,
530 246 570 295 sed
592 247 651 296 duas
667 248 812 310 operationes
828 258 875 295 esse
891 245 912 294 iu

122 320 216 373 cbristo
229 320 374 368 asserentum
389 322 438 377 est,
451 331 503 367 oum
518 317 565 366 sint
580 318 605 367 iu
617 318 657 368 itte
671 320 833 378 tonantum,
847 319 905 368 dii-io

123 393 210 443 scilieet
228 396 251 441 et
262 394 375 448 bruniana,
394 403 490 452 quarum
502 395 598 453 utraque
609 390 726 454 propriam
738 390 831 441 [ornain
846 397 869 440 et
880 391 914 437 ur·

124 467 195 513 tutem
210 478 249 526 per
262 477 328 525 quarn
345 467 460 525 operatur,
476 462 583 515 babenti

156 536 292 597 Responrteo
308 535 445 594 dicendum,
460 532 520 596 quod
542 532 609 595 supra
626 534 682 583 dieti
694 534 815 596 baeretici,
830 536 867 597 qui
884 550 916 597 po·

124 612 219 659 suerunt
242 607 264 655 iu
289 605 380 655 Christo
402 618 469 653 uuarn
495 604 651 666 voluntatem,
676 607 884 668 pesuerunt'etiaor
904 607 915 652 i.

126 680 221 730 Christo
236 690 301 725 unani
317 677 482 739 operationem.
497 677 526 724 Et
540 681 564 724 ut
580 689 661 725 eorum
673 678 755 739 opinio
776 691 869 727 erronea
884 692 907 724 rn

128 751 173 803 lius
186 750 335 807 intetiiuatou
345 749 533 797 crinsideraodum
545 752 581 797 est
590 747 650 809 qnbd
661 749 801 812 ubieunque
811 751 904 810 suntptu

128 824 219 886 agentia
239 824 356 878 ordinata,
375 822 471 871 interius
492 820 619 871 ororetura
634 822 767 884 superiori3
781 823 844 871 sient
856 825 877 870 in
889 825 906 868 b

128 895 190 944 mine
205 909 287 957 corpus
298 898 401 943 mouetur
412 894 440 942 ab
452 893 527 941 anima
535 930 543 955 ‚
557 897 582 941 et
596 892 721 942 interiores
735 894 797 943 uires
816 894 829 943 a
843 898 906 943 ratur·

128 966 167 1015 sue
185 967 256 1026 igitur
275 966 377 1014 artiones
397 968 421 1013 et
440 967 516 1013 motus
531 962 647 1012 interioris
667 963 778 1028 principii
792 972 847 1016 sunt
870 980 905 1013 ora

129 1041 221 1101 operata
241 1039 353 1099 urraurtaur,
372 1035 441 1098 quam
455 1033 611 1098 operationes3
626 1033 650 1083 iu
666 1042 746 1084 autern
764 1039 827 1099 quod
845 1048 898 1101 pero

129 1108 159 1157 ad
179 1121 310 1170 supr-ernon
326 1107 477 1171 principium,
490 1112 527 1156 est
537 1105 627 1169 proprie
642 1108 762 1170 operati03
776 1110 835 1170 puta
849 1111 898 1158 sit.

129 1180 217 1229 musio
232 1180 323 1227 bourine
337 1179 397 1240 quod
414 1178 528 1227 arnbutare
545 1178 621 1240 (quod
639 1182 678 1226 est
695 1181 800 1241 pertnent
816 1186 842 1230 et
854 1183 899 1244 patr·

131 1248 206 1314 (quod
220 1253 255 1299 est
270 1249 392 1312 uranuurrr)
406 1253 460 1299 snut
478 1248 583 1311 quadarn
596 1246 700 1296 bominis
720 1256 837 1313 operata,
853 1268 899 1314 quo

131 1334 204 1371 unum
216 1326 321 1383 operatur
335 1322 408 1369 aninra
424 1334 464 1384 per
478 1320 558 1383 pedes,
567 1317 627 1367 aliud
638 1333 681 1381 per
692 1334 790 1371 manus.
807 1324 838 1372 Et
851 1326 897 1387 quir

131 1392 212 1443 oedem
227 1393 300 1441 auirna
315 1406 411 1454 operans
427 1406 468 1455 per·
483 1395 618 1453 utrumque,
633 1403 660 1440 ex
674 1396 745 1454 parte
759 1393 840 1457 ipsius
853 1411 899 1456 oper

132 1465 179 1529 tis,
195 1467 254 1528 quaed
268 1470 302 1515 est
313 1466 410 1527 primum
421 1464 562 1527 principium
575 1476 690 1522 movens,
705 1469 745 1514 est
756 1481 805 1516 una
816 1470 890 1517 inditi·

131 1539 242 1602 operatio.
259 1538 289 1584 Ex
309 1542 372 1599 parte
386 1540 461 1585 autem
479 1536 580 1597 ipsorum
600 1539 753 1597 operatorum
771 1539 898 1589 differenti.

133 1609 229 1659 venitur.
239 1609 303 1657 Sicut
312 1613 387 1657 autern
398 1608 423 1655 in
432 1606 524 1655 bornine
534 1618 591 1669 puro
600 1618 686 1668 corpus
701 1614 814 1659 movetur
824 1613 856 1661 ab
868 1628 898 1660 aa¹
922 1621 924 1632 ·

132 1683 156 1731 at
169 1682 284 1743 appetitus
295 1680 417 1729 serisitivus
428 1680 440 1727 a
451 1677 573 1739 rationali;
585 1677 616 1725 ita
630 1678 654 1725 in
671 1678 777 1731 Dounino
790 1683 850 1732 lesu
863 1686 899 1732 Cb·

131 1752 231 1801 bumana
246 1757 323 1799 natura
339 1751 472 1801 mouebatur
484 1754 507 1799 et
527 1750 645 1811 regebatur
662 1748 786 1802 adivina.
805 1757 837 1804 Et
852 1757 900 1804 ideo
922 1765 924 1778 ·

131 1822 213 1873 cebant
224 1823 283 1884 quiid
302 1824 381 1872 eadem
393 1827 427 1871 est
440 1822 543 1885 operatio
555 1826 578 1870 et
594 1820 732 1870 indifferens
747 1832 866 1889 exparte
884 1828 911 1887 i}-

131 1894 260 1947 diriuitatrs
274 1894 398 1955 operantis.
409 1895 466 1943 Sunt
479 1897 557 1943 tannen
567 1894 657 1942 uirersa
669 1900 793 1956 operata,
806 1901 835 1949 iu
847 1917 898 1963 quar

131 1966 220 2018 scilieet
233 1966 342 2015 diviuitas
356 1965 444 2015 Christi
455 1966 517 2015 atiud
532 1966 613 2028 agebat
622 1978 663 2029 per
678 1965 809 2031 seipsam,
827 1975 898 2022 secur,

62 2066 71 2077 s
133 2055 147 2087 a
161 2038 264 2102 portabat
278 2038 352 2086 onruia
367 2037 440 2087 Verbo
457 2036 547 2085 virtutis
559 2049 623 2098 suee;
638 2052 652 2082 o
670 2037 738 2086 atiud
763 2048 850 2094 autem
864 2060 897 2106 per

133 2121 223 2159 manain
241 2114 342 2157 naturam
356 2107 432 2168 ,siout
445 2107 505 2170 quod
520 2106 665 2170 corporaliter·
678 2108 835 2164 ambulabat.
854 2118 906 2165 Urn-

132 2181 171 2231 Ἡ.
186 2181 277 2245 Synorto
293 2180 355 2242 (etot.
371 2180 427 2243 10),
444 2180 583 2229 inducuntur
594 2179 661 2228 verbu
680 2180 769 2231 Seueri
784 2187 896 2238 haeretica

130 2252 228 2303 dicentis
248 2267 278 2300 :rr
289 2252 321 2301 Ea
339 2267 388 2315 quaa
403 2252 528 2312 agebantur
541 2255 564 2300 et
577 2250 735 2314 operabantur
751 2256 785 2305 ab
800 2274 854 2310 uno
870 2264 910 2309 t‘i·

131 2322 228 2373 nurum
243 2324 357 2373 differunt.
372 2323 479 2381 Quaedam
495 2322 558 2372 enim
572 2324 625 2371 sunt
639 2323 686 2372 Deo
705 2323 840 2393 decibilia,
857 2348 900 2395 quo

130 2397 246 2458 homana;
262 2398 332 2446 vetrrti
355 2395 502 2460 corporaliter
525 2396 606 2444 vadere
622 2408 694 2458 super
714 2401 836 2464 terram,
860 2422 900 2469 pp„

131 2468 255 2518 humanum
270 2475 318 2528 est3
332 2470 435 2517 cruribus
449 2468 504 2517 verb
514 2467 602 2517 uexatis
611 2471 636 2516 et
646 2468 772 2521 ambulare
790 2489 869 2540 snper
882 2488 897 2525 re

130 2540 224 2605 penitus
237 2555 282 2591 noo
299 2542 441 2602 valentibus,
454 2554 535 2589 sonoro
553 2553 654 2599 gressum
667 2540 759 2592 orruare
772 2583 780 2605 ‚
798 2548 853 2598 Deo
866 2552 898 2598 pp.

131 2617 175 2665 ast.
186 2613 229 2664 Sed
245 2627 304 2662 unus
319 2613 419 2676 (scilieet
431 2612 573 2661 incarnatum
586 2610 707 2672 berhomi,
720 2612 776 2663 hoe
793 2624 822 2668 et
839 2623 897 2669 talou

128 2688 193 2737 ratus
207 2688 252 2737 est.
271 2686 456 2745 Etnequauuam
471 2682 721 2746 perquirentium,
739 2684 793 2739 boe
810 2693 877 2745 vero
895 2696 908 2739 o

129 2849 157 2882 aa
167 2837 273 2899 explicite
286 2839 348 2881 rirua
364 2838 489 2894 singularia
499 2850 550 2882 esse
562 2838 681 2894 dicuntur,
692 2839 734 2882 sod
751 2842 805 2889 troo
818 2846 878 2906 ipso
892 2863 907 2892 a
922 2861 924 2906 Ι

129 2899 234 2973 nabatea
245 2907 269 2945 et
283 2898 393 2957 ruptione
408 2900 567 2958 intelliguntur
575 2912 633 2951 ,εεεε
648 2902 831 2959 obuolutum.
922 2909 924 2930 ¹

922 2973 924 3004 r
