1917 3317
150 242 180 278 nn
195 239 281 278 nuru
297 239 381 278 namn
396 241 504 278 annornm
520 241 723 282 ansonrmrronrr.
793 239 842 288 m

41 331 92 367 rann
106 316 135 366 sit
147 319 174 367 de
185 317 268 368 ordine
283 317 494 379 arrbangetorum,
512 317 552 380 qui
566 320 602 368 est
614 320 767 384 penultimum
781 323 842 376 num

45 389 140 438 Ecclesia
156 392 232 438 cantat
248 403 254 436 :
269 388 425 438 «Gabrielem
443 389 608 453 Archangelum
627 391 713 443 orimus
727 394 842 448 divinitus

43 465 64 506 re
78 473 124 509 esse
141 459 244 508 attatum.
260 475 274 506 n
289 458 342 508 Nou
362 473 415 523 ergo
433 459 566 523 hujusmodi
582 463 723 514 annuntiatio
740 478 780 529 per
792 464 842 516 Ga·

47 528 134 579 bridam
148 527 314 591 Archangelum
331 530 494 580 mnreuieuter
506 531 566 581 tarta
576 535 621 581 ert.

72 600 111 650 Sed
125 605 202 650 contra
217 603 261 664 est,
277 599 338 661 unbd
351 599 433 650 dieitur
446 601 517 660 doc„
532 602 557 652 l:
572 619 587 650 u
602 602 686 654 biissru
698 609 736 654 est
745 606 840 660 oubnd

45 671 136 733 *tigrius
146 672 158 722 d
169 672 227 733 Deo,
243 687 257 717 n
273 674 318 720 ern.
784 732 787 739 .

72 743 229 802 (Concursum
245 741 341 793 -Cbm
354 741 433 792 divina
447 743 560 794 ordinatio
572 744 673 814 postulet
689 748 716 795 ut
735 747 840 798 median·

44 815 97 864 ibus
112 814 207 878 angelis
221 814 250 862 ad
268 814 375 864 bomines
389 815 467 864 divina
483 816 627 878 perveniant,
641 815 780 868 conveniens
794 818 840 870 rm

47 891 64 934 rt
81 886 212 949 mysterium
230 883 314 934 divium
335 885 501 937 lnoarnationis
519 886 585 936 biatri
603 888 645 937 boi
665 901 707 952 per
726 890 839 952 angelum

48 954 234 1018 innuntiaretur.)

68 1028 204 1090 despondeo
218 1025 354 1086 dicendum,
372 1026 434 1089 qubd
447 1028 590 1078 conveniens
603 1026 646 1078 rm
661 1029 726 1079 biatri
739 1029 779 1080 bei
792 1044 838 1082 an·

48 1100 131 1148 ¹untiari
143 1113 188 1162 per
200 1098 312 1159 Angelum
321 1098 405 1148 divinae
414 1100 582 1151 incarnationis
592 1101 734 1165 mysterium,
745 1107 838 1166 propter

50 1183 75 1216 na
93 1187 98 1220 :
116 1169 193 1233 primo
212 1167 315 1231 quidem,
327 1173 352 1218 ut
365 1169 389 1218 iu
403 1171 446 1219 boo
460 1173 528 1220 etiam
542 1176 670 1221 seruaretur
684 1171 760 1222 diuina
771 1173 838 1224 ordi-

48 1242 105 1302 ¹itio,
117 1237 249 1292 seeundbm
261 1251 328 1300 quam
339 1239 491 1290 mediantibus
501 1241 593 1304 Angelis
604 1241 681 1291 diviua
691 1244 719 1292 ad
732 1242 838 1296 homiues

42 1312 181 1371 urrreniunt;
195 1311 258 1359 unde
270 1311 389 1374 Dionysius
399 1311 453 1361 dicit
468 1313 507 1362 lv.
519 1311 616 1362 Celent.
626 1312 761 1369 bier-ureb..
775 1313 838 1377 quod

43 1401 49 1415 ¹«
65 1383 161 1432 divinum
179 1383 236 1430 iesu
254 1380 401 1444 benignitatis
420 1381 553 1446 mysterium
571 1383 651 1446 angeri
669 1382 743 1448 primo
763 1383 839 1434 edocti

42 1461 97 1517 unr;
115 1461 198 1520 postea
212 1467 254 1517 per
267 1453 328 1516 ipsos
342 1455 369 1504 ad
384 1468 426 1506 uos
439 1455 577 1518 cognitionis
586 1457 658 1520 gratia
674 1455 786 1506 transivit.
799 1456 838 1508 Sir
910 1503 913 1510 .

51 1541 82 1586 rgo
95 1525 258 1577 divinissimus
269 1525 358 1575 Gabriel
369 1526 501 1575 Zachariam
515 1526 606 1589 quidem
615 1526 693 1577 docuit
703 1527 837 1589 prophetam

45 1611 140 1648 oannem
164 1611 195 1647 oa
214 1595 266 1658 ipso
287 1597 440 1656 naseiturum,
456 1597 548 1648 Mariam
566 1602 642 1648 autom
660 1598 773 1660 qrromodo
786 1599 837 1662 ipsa

49 1673 91 1716 mot
107 1667 269 1720 tbearcbieum
284 1666 315 1728 (t)
328 1665 448 1716 initiabilis
462 1667 502 1717 bei
516 1667 657 1720 formationis
669 1668 810 1731 mysterium.
819 1684 835 1716 u

46 1740 140 1800 inundo,
153 1741 201 1788 boc
215 1737 262 1786 fuit
275 1738 414 1788 conveniens
425 1737 564 1801 reparationi
573 1739 689 1800 bumana,
699 1752 750 1802 quar
760 1737 837 1791 turma

51 1814 76 1855 rat
94 1825 135 1873 per
155 1809 291 1870 Christum
305 1807 364 1858 unde
382 1807 442 1858 Beda
456 1808 512 1858 dicit
524 1808 548 1858 iu
567 1808 653 1860 Homil.
676 1810 712 1858 De
727 1810 837 1859 Annun-

51 1885 98 1937 ‹ut.,
113 1887 172 1933 tom.
191 1881 233 1929 vu
250 1893 256 1928 :
271 1881 376 1942 «aptum
390 1881 495 1930 humanae
513 1880 684 1930 restaurationis
697 1880 835 1944 principium

55 1962 60 1996 r
73 1951 197 2016 angeiusb
211 1951 259 2001 Deo
272 1950 399 2000 mitteretur
410 1951 437 2000 ad
448 1950 565 2014 Virginem
576 1956 643 2013 partu
658 1952 836 2003 consecrandam

59 2036 117 2085 uuo;
132 2023 190 2086 quin
208 2021 282 2086 prima
295 2021 428 2085 perditionis
444 2023 551 2072 bumanae
569 2020 614 2070 fuit
626 2035 709 2082 causa,
721 2021 774 2070 oiim
784 2035 835 2071 ser-

56 2108 85 2142 us
98 2095 109 2144 b
123 2094 220 2145 diabobo
232 2091 362 2142 mittebatur
376 2094 405 2142 ad
422 2093 541 2143 mulierem
556 2092 637 2156 spiritu
650 2091 761 2156 superbiae
773 2093 836 2144 deei-

52 2166 141 2214 nndam.
156 2182 172 2213 u
185 2163 275 2224 Tertib,
286 2161 340 2225 quia
353 2165 397 2214 bor
408 2164 547 2226 congruebat
560 2163 685 2226 uirginitati
694 2163 772 2214 idatris
781 2162 833 2227 bei;

52 2237 85 2284 nde
102 2236 259 2300 Hieronymus
280 2233 334 2284 dicit
352 2233 376 2284 in
397 2249 502 2286 sermone
524 2234 717 2299 desumptiouis:
739 2251 753 2281 u
772 2236 836 2287 Beue

45 2307 161 2365 'ugeiusad
175 2303 295 2370 Virginem
305 2305 416 2366 mittiturp
426 2306 477 2368 quia
487 2319 576 2369 semper
589 2311 625 2356 est
635 2304 727 2369 angelis
738 2308 836 2369 cognata

45 2405 55 2417 =.
67 2378 152 2437 pinitus.
167 2377 279 2428 Proiecto
288 2377 312 2426 in
327 2390 392 2428 carno
407 2381 591 2442 praeteroamem
601 2377 678 2428 rivere
688 2390 734 2428 nou
745 2382 835 2428 terrena

51 2459 74 2494 aa
90 2453 134 2509 est,
153 2450 195 2500 sed
213 2447 353 2498 eoelestis.»

64 2520 90 2566 ‚td
104 2520 205 2584 primurn
219 2533 274 2582 engo
292 2518 426 2582 dicendum,
443 2517 504 2581 qubd
519 2519 589 2570 idater
607 2519 646 2570 bei
663 2520 766 2584 superior
784 2519 834 2574 erat
920 2574 921 2577 Ἴ

48 2590 119 2649 agetis
128 2629 135 2654 ,
144 2593 265 2654 quantum
275 2590 303 2638 ad
313 2590 445 2654 dignitatem
457 2591 485 2638 ad
497 2603 565 2652 quam
576 2589 684 2641 divinitis
697 2590 831 2652 eligebatum
920 2608 922 2613 ·

52 2657 69 2704 d
82 2659 191 2721 quantiam
206 2661 236 2710 ad
250 2661 334 2710 statum
348 2658 466 2724 presentis
481 2656 654 2724 vitae‚dnterior
665 2663 714 2710 erat
730 2657 832 2724 augetis,
920 2658 922 2675 '

65 2807 92 2868 (ί)
106 2814 141 2858 Ex
152 2823 232 2870 graeco
247 2813 372 2880 θιορχικον,
387 2813 449 2870 quod
465 2812 478 2857 d
497 2813 607 2858 moderno
625 2814 750 2871 interprete
764 2811 833 2858 diod·

56 2893 88 2922 um
100 2884 192 2929 taurum
203 2883 320 2928 redditum
336 2888 380 2938 est,
391 2895 434 2928 neo
452 2883 506 2942 apte
519 2885 576 2929 satis
589 2884 655 2929 reddi
664 2889 751 2942 potest,
765 2881 836 2940 quael

47 2945 114 2989 anino
124 2945 283 3006 principale,
296 2945 334 3006 rai
344 2947 489 3006 principato
498 2958 559 3005 oper
571 2944 625 2994 oei.
