1917 3317
172 225 204 261 ns
219 224 260 260 urs
274 222 332 268 ounr
346 222 478 261 rsnrmnrrr
494 222 525 261 an
540 222 690 261 uuercrosos.
785 212 830 260 ill

32 302 116 352 Dicitur
124 300 188 351 enim
197 300 295 359 Exuet„
306 300 378 351 lllllll
390 315 396 349 ε
407 300 477 350 «Nee
490 299 586 364 accipies
595 313 688 351 munera
699 312 749 363 que
759 312 832 352 exce·

33 377 81 422 cant
89 374 227 437 prudentes,
238 376 260 421 et
270 374 407 423 subvertunt
419 372 487 421 rerba
497 372 607 435 justornm
617 389 623 435 ;
634 389 647 419 o
662 377 685 422 et
700 372 826 431 Proverd„

32 445 101 505 xliii,
112 445 197 493 dieitur
212 460 218 493 ε
232 445 299 503 «Qui
312 443 396 508 accipit
404 447 515 505 mutuum,
525 458 604 495 servus
614 449 650 495 est
660 444 801 507 imperantis,
814 460 829 491 r>

32 518 88 578 quod
99 522 136 566 est
153 516 262 580 religioni
271 518 411 582 contrarium
417 533 423 580 ;
437 518 497 566 unde
508 530 575 580 snper
586 516 640 566 illud
651 518 680 566 ll.
691 517 726 565 ud
738 518 827 575 Thess„

34 588 72 637 nlt.
86 604 92 637 :
109 590 161 639 «Ut
171 588 329 652 nosmetipsos
340 588 433 638 turmam
448 589 561 649 daremus,
573 592 650 652 ele.,n
664 589 718 638 dicit
726 588 806 640 Glossu
823 604 829 641 τ

34 660 144 722 «Religio
156 666 236 711 nostra
248 661 277 709 ad
291 660 415 710 libertatern
429 660 533 709 homines
545 661 669 710 advocat.»
677 660 735 725 Ergo
744 660 832 711 ridetur

36 730 93 793 qudd
105 732 206 795 religiosi
224 746 271 781 non
287 732 385 781 debeant
405 731 433 780 de
450 731 602 796 eleemosynis
621 731 707 783 virere.

67 808 88 850 5.
100 805 221 863 Preterea,
234 803 335 866 religiosi
342 800 457 866 praecipue
465 806 571 853 tenentur
582 802 667 853 inuitari
679 804 830 869 apostolorum

34 876 210 939 perlectionem3
227 876 288 926 unde
302 876 424 939 Apostolus
435 874 489 924 dicit
506 875 541 924 od
558 874 663 940 Philip„
679 877 730 927 lll:
749 877 833 935 «Qui-

32 960 123 1010 eumque
132 948 231 1012 perlecti
240 961 327 1010 snmus,
337 949 382 996 hoc
391 946 523 997 sentiamus.
534 964 547 993 n
556 948 600 997 Sed
613 948 732 1013 Apostolus
742 948 832 999 nolebat

30 1018 103 1069 rivere
118 1022 148 1069 de
159 1018 290 1082 sumptibus
304 1018 416 1078 fidelium,
433 1035 446 1064 u
459 1022 486 1067 ut
499 1020 639 1070 occasionem
653 1020 752 1073 auferret
766 1033 832 1085 pseu-

30 1089 184 1155 doapostoliS‚
204 1108 220 1137 n
236 1090 295 1140 sieut
314 1091 363 1154 ipse
382 1089 450 1152 dicit,
465 1090 495 1139 ll.
515 1090 550 1140 ud
566 1091 636 1151 Con,
652 1092 697 1154 xl;
721 1091 757 1142 rel
778 1108 791 1139 o
803 1102 832 1142 ua

29 1163 158 1213 scandalum
171 1167 295 1228 poneretur
305 1161 433 1224 infirmis»
446 1165 471 1211 nt
480 1165 543 1226 patet
554 1163 571 1212 l.
585 1162 620 1212 ud
634 1163 704 1223 Com,
718 1162 758 1212 lll.
775 1162 832 1225 Ergo

28 1234 116 1284 ridetur
127 1235 295 1299 quodpropter
309 1234 400 1284 eusdem
414 1247 494 1284 causes
503 1234 603 1298 religiosi
612 1234 709 1284 debeant
720 1233 833 1285 abstinere

29 1317 56 1355 ne
65 1308 92 1356 de
107 1307 266 1371 eleemosynis
276 1306 369 1370 rirenl3
380 1307 441 1356 unde
454 1310 477 1355 et
490 1304 629 1369 Augustinus
644 1306 698 1355 dicit
712 1306 736 1355 in
748 1305 786 1355 lib.
797 1306 833 1355 De

28 1379 143 1441 operibus
160 1379 343 1428 monoclerum
361 1379 426 1443 (cap.
444 1377 489 1441 28)
503 1394 508 1427 :
524 1396 538 1426 «
553 1378 679 1441 amputetis
690 1378 833 1429 occasionem

29 1452 127 1514 turpium
137 1452 306 1515 nundinarum,
317 1451 400 1513 quinus
411 1450 550 1501 existimatio
564 1453 639 1499 vestra
650 1450 753 1510 leditnr,
762 1454 786 1499 et
798 1448 833 1499 in-

32 1520 102 1571 tirmis
115 1523 279 1573 offendiculum
295 1522 404 1586 ponitur;
418 1526 441 1572 et
455 1522 567 1572 ostendite
584 1520 713 1573 hominibus
730 1534 776 1572 non
792 1535 834 1573 vos

33 1591 60 1641 in
76 1593 122 1642 otio
136 1595 230 1644 tardem
247 1593 349 1657 rictum,
369 1595 409 1644 sed
429 1606 470 1657 per
494 1597 612 1657 augustam
629 1596 652 1642 et
673 1597 756 1643 aretam
773 1592 834 1645 uiam

31 1676 130 1727 regnum
144 1666 183 1715 liei
196 1678 335 1729 quaerere.»

59 1738 107 1789 Sed
120 1743 203 1789 contra
224 1742 275 1800 est,
291 1736 352 1802 quod
366 1736 424 1787 sicut
436 1736 557 1801 Gregorius
575 1736 630 1787 dicit
646 1737 670 1787 in
684 1738 711 1787 ll.
729 1736 830 1803 Dialop.

27 1811 36 1874 (
43 1824 98 1875 cup.
110 1812 197 1873 1),B.
212 1809 350 1859 Benedictus
361 1808 433 1859 tribus
445 1811 512 1859 annis
526 1810 549 1858 in
561 1822 630 1873 specu
640 1822 791 1874 permanens,
805 1810 833 1860 de

24 1883 59 1932 luis
74 1896 131 1946 quar
141 1882 155 1931 i
166 1883 271 1931 Romano
280 1882 391 1931 monacho
401 1880 599 1941 ministrabantur,
611 1880 709 1931 reiectus
720 1884 764 1942 est,
772 1884 834 1945 post·

22 1970 91 2019 qnam
107 1956 207 2005 domum
219 1958 372 2017 parentesque
392 1954 513 2017 reliquerat
521 1969 528 2015 3
543 1957 566 2003 et
580 1958 654 2003 tamen
667 1952 757 2003 validus
778 1966 833 2003 eor-

21 2041 75 2090 pore
92 2028 204 2078 existens
217 2038 265 2075 non
278 2026 361 2088 legitur
380 2025 407 2075 de
424 2024 501 2075 labore
519 2036 627 2073 manuum
641 2024 771 2089 quesivisse
785 2024 835 2075 ric-

23 2106 78 2151 tum.
96 2101 164 2163 Ergo
176 2097 279 2160 religiosi
292 2096 355 2148 liciti
368 2100 464 2161 possunt
477 2098 505 2147 de
518 2097 669 2161 eleemosynis
682 2098 770 2147 vivere.

50 2175 228 2237 (conscensio.
246 2193 275 2205 -
292 2169 392 2219 Possunt
412 2168 512 2232 religiosi
530 2182 559 2219 ex
578 2170 729 2233 eleemosynis
750 2169 834 2233 absque

18 2244 143 2295 manualis
150 2240 229 2305 operis
239 2241 302 2290 lucro
312 2241 400 2303 uiuere,
410 2240 525 2305 precipue
537 2237 556 2291 si
566 2240 679 2303 religiosis
691 2240 797 2305 operibus
806 2240 834 2291 ad

16 2317 187 2380 proximorum
198 2312 320 2362 utilitatem
333 2311 443 2375 vacent.)

47 2387 203 2453 Respondeo
222 2376 357 2448 dicendum,
371 2383 432 2448 qnod
451 2384 572 2449 unicuique
590 2382 644 2435 licet
663 2383 739 2435 vivere
757 2384 785 2435 de
806 2396 834 2435 eo

14 2462 81 2525 quod
97 2472 174 2511 suurn
186 2461 236 2520 est,
251 2456 288 2507 rel
301 2456 346 2507 sibi
361 2456 470 2506 debitum.
486 2456 523 2506 Fit
539 2460 615 2506 antem
626 2456 709 2520 aliquid
723 2456 834 2517 ulieuJ'us

15 2546 47 2583 ex
60 2530 214 2583 liberalitate
232 2528 348 2577 donantis.
362 2528 393 2577 Et
409 2528 460 2578 ideo
475 2528 576 2592 religiosi
595 2530 618 2578 et
639 2527 726 2589 cleriei,
741 2541 836 2590 qnorum

12 2601 180 2655 monasteriis
196 2599 235 2650 uel
249 2600 351 2649 ecclesiis
364 2613 394 2649 en
414 2600 569 2651 munificentia
584 2600 712 2665 principum
726 2601 763 2651 vel
779 2613 837 2665 quo·

8 2687 183 2739 rnmcumqne
204 2671 305 2721 fidelium
325 2675 378 2721 sont
394 2671 513 2721 facultates
530 2673 634 2735 collate,
650 2670 772 2735 exquibus
786 2686 837 2722 sus-

8 2753 163 2807 tententur,
172 2747 274 2809 possunt
281 2744 308 2793 de
315 2743 350 2793 eis
359 2743 437 2793 virere
445 2743 508 2797 licite
519 2744 603 2807 absque
610 2746 655 2794 hoc
662 2744 722 2809 qnod
731 2744 837 2795 manibus

8 2823 146 2881 lahorem
163 2820 190 2867 et
201 2819 279 2865 muron
290 2818 378 2865 cerium
389 2819 423 2865 est
435 2828 474 2867 eos
485 2818 512 2866 de
521 2816 666 2880 eleemosyna
679 2817 764 2866 rivere.
773 2816 838 2866 Unde

6 2898 43 2945 et
52 2892 171 2944 similiter
181 2887 205 2938 si
217 2888 294 2950 aliqua
306 2887 399 2937 mobilia
413 2887 523 2951 religiosis
534 2886 548 2937 a
562 2888 667 2937 fidelibus
681 2888 837 2946 conterentur,

5 2967 125 3033 possunt
140 2963 173 3013 de
185 2959 222 3011 eis
234 2958 297 3011 licite
306 2958 396 3010 uiuere.
405 2959 503 3010 Stultum
514 2962 550 3011 est
560 2958 622 3009 enim
635 2958 710 3009 dicere
722 2956 784 3020 qnod
795 2954 837 3004 ali-
