1917 3317
116 152 163 198 atos
295 160 355 196 raes
372 161 413 210 ιιι,
429 159 522 203 eumer.
539 159 615 208 xurrr,
630 158 687 195 uer.
706 158 739 195 ιἰ.

116 236 177 288 lebet
195 235 338 300 passionem,
354 233 480 285 secuudum
495 232 557 283 ilud.
574 234 648 289 drot..
667 233 746 284 xiiltt'
762 247 768 281 :
787 246 803 279 ιι
823 230 903 283 (illurn

115 314 167 371 est,
181 306 234 371 quia
250 304 300 369 ipse
314 304 400 368 voluit;
418 321 432 353 u
448 302 574 355 secuudum
591 307 670 355 autem
683 316 772 354 carnem
785 303 898 369 passiones

115 377 249 442 refugiebat.
272 376 331 440 nugo
350 381 400 427 erat
411 375 437 427 in
453 389 482 426 eo
495 374 646 426 contrarietas
660 375 813 426 voluntatum.

146 453 170 497 ι.
185 450 305 507 Ριιιιιιι,
320 448 391 503 tuo..
411 447 482 509 lilill,
500 446 583 497 dicitur
600 444 663 509 quod
676 463 691 494 u
708 447 784 496 tactus
796 446 822 496 iu
838 458 892 508 agon

114 516 224 584 prolixius
233 518 342 568 orabat.»
356 516 401 567 Sed
412 518 495 580 agonia
507 516 542 579 (l)
554 516 648 566 videtur
661 517 786 580 importare
800 517 891 580 quamdo

114 588 328 655 compugnationem
342 588 414 638 enimi
431 587 456 637 iu
476 587 590 637 contraria
608 587 734 638 tendentis.
754 586 819 651 Ergo
833 588 896 635 viden

114 661 174 727 qudd
187 661 211 711 iu
224 661 315 711 Christe
328 660 399 711 tuerit
411 658 559 709 contrarietas
567 658 720 709 voluntatum.

147 734 191 783 Sed
204 735 284 782 contra
292 735 330 782 est
340 768 346 793 ,
355 730 415 793 quod
428 731 454 781 iu
464 729 655 780 determinatione
667 730 707 779 Vl.
719 730 812 795 synodi
825 730 899 781 dicitur

118 804 293 855 «Praedioamns
302 804 358 855 duas
367 804 483 853 naturales
492 802 622 853 voluntates
630 840 638 864 ,
647 815 696 853 nou
710 804 843 853 mummius
851 804 892 864 (jun

117 876 177 941 quod
192 874 257 939 impii
271 877 374 925 asserunt
387 873 516 937 heretici),
529 874 568 924 sed
585 877 725 937 sequentem
735 874 791 935 ejus
805 876 880 924 humer

117 947 270 1007 uoluntatem,
288 950 312 997 et
325 959 369 997 nou
390 946 537 995 resistentem
554 944 591 994 vel
606 941 777 1007 reluctantem,
791 947 837 997 sed
852 957 892 1009 por.

118 1018 243 1083 subjectam
259 1018 343 1068 diviua
354 1017 405 1081 ejus
415 1020 485 1081 atque
499 1014 653 1079 omnipotenti
665 1016 794 1067 uoluntati.
803 1036 818 1066 n

152 1087 466 1155 (Coruinum-Quoniam
476 1086 558 1137 divine
571 1089 594 1135 et
607 1085 729 1136 rationalis
743 1089 873 1138 voluntatis
886 1089 890 1131 ¹.

119 1160 231 1227 ueplncito
244 1160 350 1209 voluntas
365 1157 524 1209 sensualitatis
536 1161 561 1207 et
574 1156 703 1217 naturalis,
718 1158 853 1209 secundum
869 1173 889 1204 or

120 1246 172 1283 uem
185 1235 272 1280 uaturae
290 1243 337 1279 sue
351 1230 375 1279 in
385 1228 476 1278 Christo
490 1228 652 1290 mouebantur,
667 1226 693 1277 in
707 1241 738 1279 eo
747 1231 841 1280 nullam
851 1232 894 1280 volu

41 1300 42 1311 ¹
120 1308 191 1355 tatum
207 1301 391 1351 contrarietatem
406 1300 477 1349 tuisse
487 1296 633 1363 nemptonum
643 1301 704 1359 est.)

151 1372 286 1437 llespoudeo
304 1371 436 1433 dicendum,
458 1369 519 1434 quod
537 1369 686 1419 contrarietas
703 1382 754 1421 nun
767 1376 854 1435 potest
866 1385 894 1421 ee

121 1443 167 1497 uisi
179 1442 292 1509 oppositio
301 1441 549 1493 attendaturiueodem
559 1444 583 1491 et
592 1439 721 1491 secundum
732 1441 811 1493 idem.
827 1444 853 1492 Si
861 1457 891 1490 au

122 1514 247 1567 secundum
264 1513 353 1566 diversa
367 1516 391 1562 et
409 1513 434 1561 in
451 1512 549 1563 diversis
561 1511 645 1562 existat
659 1511 810 1575 diversitas,
825 1527 871 1564 uon
886 1528 894 1559 ε

122 1588 170 1637 tlcit
187 1589 232 1638 hoc
249 1586 277 1636 ad
295 1584 405 1635 rationem
424 1581 606 1644 contrarietatis,
632 1581 692 1631 sicut
707 1596 756 1633 nec
778 1586 810 1635 ad
829 1584 895 1634 ratior

122 1656 320 1717 contradictionis,
334 1654 388 1713 pull
399 1654 459 1718 quod
475 1655 544 1704 homo
554 1653 585 1704 sit
595 1653 693 1717 pulcher
706 1659 749 1704 aut
763 1669 841 1707 sanus
858 1673 887 1706 su

126 1728 180 1780 dium
197 1742 306 1791 manum,
321 1731 344 1777 et
361 1740 407 1777 non
422 1724 547 1776 secundum
556 1726 647 1789 pedem.
661 1725 696 1774 ad
705 1726 755 1777 troc
767 1741 829 1792 ergo
840 1731 894 1793 quir:

122 1798 275 1862 contrarietas
287 1798 428 1849 voluntatum
443 1797 467 1847 lu
481 1797 572 1861 aliquo,
589 1796 722 1859 requiritur,
740 1797 825 1860 primd
840 1800 896 1862 quid

123 1870 183 1933 quod
192 1868 316 1921 secuudum
329 1869 389 1919 idem
400 1870 531 1919 attendatur
538 1867 657 1918 diversitas
664 1867 834 1937 voluntatum,
845 1873 869 1920 Si
878 1888 896 1918 et

123 1940 192 1991 unius
203 1941 307 1991 voluutas
321 1940 351 1991 sit
365 1942 393 1991 de
407 1940 484 2002 atquo
497 1939 573 1989 tiendo
587 1935 713 1988 secundum
726 1942 862 2002 quamdam
874 1958 893 1989 u·

125 2026 176 2062 nem
191 2011 351 2070 universalem,
363 2016 386 2061 et
396 2009 491 2061 alterius
499 2010 606 2060 uoluntas
616 2008 647 2059 sit
660 2009 688 2058 de
699 2010 792 2061 eodem
803 2026 855 2063 uon
868 2017 900 2060 tu.

124 2080 248 2135 secuudum
265 2083 387 2145 quamdam
407 2082 519 2131 rationem
532 2079 705 2145 particularem,
719 2092 776 2131 uon
796 2088 838 2134 est
851 2098 894 2133 our

125 2152 272 2203 contrarietas
282 2154 424 2203 voluntatum
440 2166 446 2201 z
463 2151 521 2215 puta
538 2151 559 2202 si
573 2151 646 2212 judex
660 2150 713 2199 vult
733 2155 858 2219 suspendi
876 2158 901 2203 ιι

126 2236 180 2275 uerri
194 2229 285 2287 propter
296 2224 381 2275 bouum
394 2224 524 2289 publicum,
539 2227 564 2273 et
578 2222 660 2287 niquis
674 2222 728 2285 ejus
750 2229 894 2290 consangm:

124 2296 181 2345 nolit
193 2309 245 2345 eum
258 2296 366 2359 suspendi
379 2299 578 2359 propterumorem
590 2293 719 2358 privatum,
735 2303 846 2349 nonest
855 2313 895 2347 cen

125 2366 193 2418 rietus
213 2367 349 2431 voluntatis,
366 2368 411 2428 nisi
432 2366 491 2417 lorti
508 2367 533 2416 in
550 2370 640 2415 tantum
655 2378 681 2415 se
698 2368 820 2418 extendat
841 2373 919 2419 voltur

125 2438 224 2489 irominie
237 2438 336 2503 priuati,
349 2442 374 2487 ut
389 2440 474 2487 bouum
487 2437 602 2501 pullicum
613 2436 671 2487 velit
688 2436 832 2503 impedire,
848 2450 874 2489 ut
888 2459 899 2487 ι
917 2479 919 2487 ,

126 2515 228 2561 servetur
243 2511 326 2561 honum
349 2510 476 2573 privatum,
491 2512 546 2558 tunc
562 2507 624 2557 enim
644 2509 706 2557 circa
726 2507 796 2559 idem
818 2518 900 2562 atter.

128 2583 279 2645 repugnantia
297 2581 449 2631 voluntatum.
470 2580 575 2631 Secundi
587 2584 678 2638 auteur,
694 2580 831 2641 requviritnr
846 2589 878 2633 ad
890 2608 906 2631 ι·

127 2655 265 2705 trurietatem
277 2652 419 2714 uoluntatis,
436 2651 498 2717 quod
510 2651 542 2702 sit
553 2650 611 2702 circe
623 2652 729 2701 eumdem
743 2655 910 2705 volumtatem.

160 2796 191 2857 tl)
206 2799 241 2843 Ex
253 2808 327 2855 graecu
342 2794 446 2865 ἀγωνία,
462 2796 525 2853 quod
534 2798 565 2841 alr
576 2807 650 2853 egone
662 2797 713 2841 sive
726 2795 740 2840 i
752 2803 895 2847 certamino
907 2805 918 2846 ιι

130 2868 223 2911 riuutur.
