1917 3317
176 186 220 234 too
266 185 517 244 remunerentur,
533 193 624 237 oum.
642 195 746 243 auru,
761 196 817 232 aar.
834 196 875 231 ru.

175 271 221 320 sint
233 271 292 321 bona
302 283 352 333 quae
360 269 443 320 dotent
451 269 476 320 in
486 281 553 320 usum
562 270 665 334 episcopi
677 270 760 320 eadere
768 269 798 321 ab
807 270 843 322 iris
855 283 900 332 que
908 280 928 315 su

176 340 313 406 pauperibus
326 345 350 392 et
359 341 468 392 ministris
476 346 501 392 et
514 341 585 391 ouitni
594 339 703 392 lindesia
715 343 842 404 eroganda,
854 345 877 391 et
885 340 928 400 utini

177 412 221 463 sibi
233 411 351 464 retinuerit
363 412 485 477 episeopus
493 413 522 463 de
532 413 568 462 tuis
576 425 627 476 puae
636 415 690 462 sunt
700 413 837 477 pauperibus
848 423 928 474 erogant

178 483 216 534 vel
229 483 300 534 etiarn
312 485 338 534 in
350 497 417 534 usum
432 484 587 534 ministrorum
595 483 667 532 autin
679 483 765 534 outtunr
774 484 875 534 diuinum
886 493 929 544 erp

180 554 262 616 denda,
276 567 322 605 non
336 559 372 606 est
384 555 476 606 dubium
490 556 546 617 quin
558 557 636 605 eontra
645 553 713 606 tidem
724 553 896 618 dispensationis
907 566 928 613 ag

180 631 205 676 et
220 624 343 678 mortaliter
353 629 448 691 peeoet,
460 627 521 676 etad
530 624 695 676 restitutionem
707 629 819 676 teneatur.
833 627 864 676 ite
878 624 929 674 nisa

181 702 227 750 tem
237 710 288 761 quae
296 703 349 750 suut
356 697 484 763 specialiter
493 710 536 748 suo
546 689 726 761 pontoponto,
733 697 826 749 ridetur
834 710 884 748 esse
893 695 926 746 ead

162 806 167 819 .
182 771 302 834 ratioque
317 773 352 820 est
365 769 393 820 de
413 769 511 834 propriis
522 768 606 831 bonis,
620 772 647 818 ut
660 768 749 818 scilieet
762 772 853 834 propter
867 769 928 817 inno

181 844 254 891 rutum
266 841 372 892 edentum
386 843 410 891 et
426 853 507 897 usum.
520 842 602 903 peccet
613 839 720 902 quidem,
736 839 757 889 si
773 836 929 891 immoderatis

181 910 294 974 retineat,
308 918 332 964 ot
346 912 397 962 aliis
413 925 459 964 non
472 911 591 962 subveniat
605 911 666 961 sieut
677 911 772 975 requirit
791 912 890 966 debitum
901 910 928 958 eir

179 983 242 1034 tatis.
257 983 281 1034 Si
289 984 344 1036 reno
354 997 401 1035 uon
410 983 457 1034 sint
464 984 572 1048 predicta
580 983 641 1034 bona
649 983 765 1047 distincta,
780 997 858 1034 eorum
871 979 929 1032 distri

181 1054 216 1106 tio
228 1055 281 1106 fidei
293 1056 345 1119 ejus
355 1053 510 1106 committitur.
525 1055 554 1104 Et
566 1053 587 1104 si
596 1055 688 1117 quidem
702 1054 826 1105 inmodico
837 1054 920 1104 deficiat

182 1129 365 1192 superabundet,
379 1129 457 1190 petest
468 1128 514 1176 hoo
524 1125 574 1176 fieri
585 1126 669 1189 nhsqne
683 1126 749 1175 bonae
765 1125 821 1176 idei
833 1127 928 1176 detrimen

181 1200 234 1264 qrria
248 1213 292 1250 nou
312 1203 387 1264 potest
403 1199 471 1249 homo
489 1198 515 1246 in
533 1196 617 1248 utilius
633 1197 787 1262 punctuaiiter
806 1197 906 1262 aeoipere
917 1194 929 1242 it

182 1273 242 1336 quod
255 1271 304 1322 deri
314 1273 410 1334 oportet.
428 1270 453 1320 Si
462 1270 518 1320 vero
529 1270 560 1319 sit
574 1271 659 1320 multus
668 1281 777 1320 excessus
781 1283 846 1333 ,non
858 1271 925 1334 potest

181 1347 245 1406 tere3
260 1343 321 1392 uude
333 1341 423 1392 ridetur
434 1343 500 1393 borum
511 1342 563 1392 idei
572 1353 715 1405 repugnare,
728 1345 753 1391 et
759 1341 813 1392 ideo
826 1353 872 1392 non
882 1345 929 1391 estr

182 1427 226 1478 que
241 1417 336 1477 peceato
349 1413 445 1463 mortuti.
463 1412 550 1462 dieitur
567 1413 628 1462 enirn
644 1411 746 1471 Morti„
763 1412 844 1474 xxtV,
855 1411 929 1476 qudde

184 1484 268 1536 dixerit
280 1485 353 1534 malus
365 1498 444 1536 seruus
455 1485 480 1534 in
500 1485 566 1535 eorda
584 1497 626 1534 suo
639 1499 646 1532 ι
662 1491 760 1534 trorum
774 1485 842 1547 facit
855 1484 929 1532 Dorou

185 1569 255 1604 mene
269 1557 352 1604 venire
363 1557 438 1620 (quod
454 1556 553 1620 pertinet
565 1557 592 1606 ad
607 1555 679 1605 diuini
690 1554 776 1619 judicis
788 1559 929 1619 contemptun

184 1630 207 1676 et
219 1627 314 1690 ooeperit
328 1632 444 1691 pereutere
457 1641 579 1679 conservos
589 1640 644 1678 suos
655 1628 665 1688 t
672 1626 733 1690 quud
745 1627 846 1690 pertinet
858 1628 885 1675 ad
901 1639 928 1685 sn

185 1696 244 1746 biam
254 1697 272 1761 i,
287 1698 406 1749 manducet
420 1703 497 1750 autem
512 1705 536 1751 et
546 1699 608 1750 bibat
621 1712 674 1748 eunr
685 1697 782 1748 ebriosis
794 1697 872 1762 (quod
881 1701 928 1760 pert

185 1769 211 1818 ad
237 1768 382 1832 luxuriam),
400 1771 478 1821 reniet
496 1770 600 1821 dominus
617 1769 677 1820 serui
693 1769 755 1818 illins
772 1768 797 1818 in
815 1770 852 1819 die
872 1783 914 1832 qna

185 1843 275 1903 sperat,
287 1843 310 1890 et
326 1839 413 1890 diridet
421 1853 474 1891 euru
484 1841 587 1905 (seilicet
597 1841 610 1890 i
619 1841 728 1892 societate
737 1839 881 1905 bonorum),
893 1845 928 1902 etp

184 1915 230 1962 tem
243 1911 294 1976 ejus
307 1915 376 1975 ponet
390 1925 441 1962 eum
455 1913 615 1976 hypocritis»
631 1911 728 1974 (scilieet
740 1912 765 1961 in
777 1912 893 1973 inferno).

215 1983 249 2032 rid
264 1983 363 2047 primum
383 1996 438 2048 ergo
456 1984 593 2046 dicendum,
607 1983 668 2048 quod
684 1983 779 2034 verbnm
794 1983 851 2034 ittnd
868 1983 927 2033 timii

185 2065 231 2104 nou
246 2053 319 2105 solim
333 2058 367 2104 est
376 2057 517 2106 referendum
526 2058 554 2106 ud
566 2055 758 2120 dispensationem
771 2067 849 2105 rerum
860 2055 927 2104 eontes

183 2125 293 2188 dieamus,
315 2127 356 2175 sed
376 2139 568 2190 quorumcumque
584 2128 707 2188 bonorum,
728 2139 757 2177 er
771 2127 855 2189 quibus
874 2130 926 2175 tene

184 2196 266 2260 aliquis
280 2197 355 2248 debito
365 2198 480 2248 eharitatis
488 2199 607 2262 providere
615 2197 776 2249 nenessitatem
786 2196 923 2262 patientibus

184 2268 235 2318 Non
249 2273 325 2319 eutem
341 2273 415 2332 potest
427 2271 570 2321 determinari
584 2271 674 2334 quando
687 2269 773 2320 sitista
789 2269 927 2320 nenessitas·

185 2339 213 2388 ad
223 2344 341 2404 peceatum
351 2342 444 2392 mortale
454 2342 557 2405 obliget,
567 2342 627 2392 siout
635 2355 678 2392 nee
686 2347 765 2393 cetera
774 2341 918 2405 particularia

185 2410 331 2462 inhumanis
346 2411 433 2462 actibus
452 2413 635 2477 considerantum
648 2414 728 2464 horum
743 2413 805 2462 enim
825 2413 926 2463 determir

185 2481 319 2546 relinquitur
335 2483 441 2534 humane
458 2486 594 2548 prudentiae.

218 2555 251 2604 nd
268 2555 392 2606 seeundum
406 2557 541 2620 dicendum,
556 2557 618 2621 quod
633 2557 693 2608 bona
705 2556 857 2607 Ecclesiamnr
872 2569 916 2606 non

219 2724 250 2786 (i)
266 2730 296 2772 Ut
309 2741 337 2773 ex
357 2729 471 2785 adiunctis
490 2729 548 2774 iocis
568 2735 632 2785 patet
642 2762 648 2787 ,
660 2730 702 2774 ubi
718 2728 855 2775 Ambrosius
869 2740 925 2784 praer

186 2790 264 2836 vereris
277 2790 361 2836 finem:
382 2791 457 2837 Terra
470 2793 631 2836 nommeuoiter
645 2791 756 2837 omnibus
768 2790 912 2836 dominibus

186 2855 236 2905 est‚·
255 2855 320 2908 quasi
340 2854 455 2900 debonis
475 2854 606 2910 inteitigeus
627 2867 679 2910 quae
696 2855 828 2899 hominihus
848 2859 925 2897 natura

185 2916 331 2968 proveniunt.
