1917 3317
144 203 190 249 ott
324 207 384 248 raba
401 212 442 260 nr,
459 209 551 254 oum.
569 209 651 260 mar,
668 209 725 246 aar.
740 209 767 244 rr.

145 305 160 336 n
175 287 355 348 attendendum,
376 286 436 349 qubd
458 299 505 337 non
517 285 550 334 ait
562 285 591 334 de
602 285 669 348 ipso,
686 286 726 334 secl
739 298 768 334 ex
780 273 906 348 ipsttti'tlil

144 358 206 409 eninr
223 357 274 408 oceli
291 362 344 407 nunt
358 362 382 406 ct
394 360 474 419 terra,
488 357 542 420 quia
558 357 609 421 ipse
623 357 682 406 lecit
699 370 740 417 aa,
755 368 802 405 uon
819 357 878 402 anun
895 347 906 393 l·

144 429 203 493 ipso,
217 429 269 491 qula
284 443 330 480 uon
349 430 376 479 da
392 429 519 479 substantia
533 443 584 479 sua.
598 446 613 476 n
625 430 670 479 Sed
686 428 786 492 Spiritus
797 428 874 476 sauctus
883 432 906 465 „a

143 503 251 552 lorruarit
266 515 348 564 corpus
360 500 444 551 Christi
458 501 487 550 de
501 501 629 550 substantia
645 515 698 550 sua.
710 502 769 563 Ergo
786 497 907 550 Chn'stusrna

144 571 213 622 debet
231 572 275 622 dici
291 577 413 636 conceptus
425 573 453 623 de
463 573 551 636 Spiritu
561 575 650 622 sancto.

177 648 199 694 3.
215 645 336 705 praterea,
348 644 486 707 principium
500 644 601 694 activum
611 643 641 694 ria
653 657 701 708 quo
711 641 796 706 aliquit
812 637 905 699 concipit·

144 727 170 766 se
185 715 254 764 habat
268 715 329 764 sicut
338 729 417 766 semen
427 715 452 763 in
467 715 676 778 generationeSerl
690 715 790 778 Spiritus
802 716 909 763 sanciusu

144 799 170 837 se
194 786 274 835 habuit
295 787 355 835 sicut
375 799 454 836 semen
476 787 501 836 in
520 787 671 850 conceptione
693 786 794 848 Christi3
813 783 861 834 dicit
879 793 891 827 rr

144 857 298 920 Hieronymus
315 856 339 905 in
359 857 526 921 Expositione
543 858 672 906 catholicoe
690 857 780 922 fidet:
800 875 814 903 u
825 855 867 903 Non
881 863 903 896 ‚a

144 927 235 990 quiriani
254 928 427 978 sceleratissimi
453 930 588 992 opinantur,
605 929 720 992 Spiritum
739 934 841 979 sanctuar
853 924 904 972 <libv

112 1061 115 1068 Α
144 997 215 1046 luisse
231 1011 271 1061 pro
286 999 390 1060 semiue,
403 1001 443 1049 sed
460 1000 566 1063 potentia
580 1012 607 1048 ao
621 1000 708 1050 uirtute
729 997 842 1050 Crantoris
856 996 901 1042 tar„

144 1081 196 1118 esse
210 1073 338 1132 operatum,
352 1085 365 1116 n
378 1070 401 1119 irl
411 1073 460 1130 est,
472 1070 594 1120 lornratnm
610 1083 706 1133 corpus
716 1073 827 1122 Christi.
837 1069 908 1117 honri.

145 1139 214 1190 debet
229 1141 272 1190 dini
289 1141 350 1204 qubd
363 1141 468 1191 Christus
480 1142 510 1190 sit
524 1147 650 1204 conceptus
661 1149 691 1192 cx
700 1143 791 1206 Spiritu
804 1144 880 1191 sanun

179 1218 200 1262 3.
215 1214 342 1274 Praeterea,
360 1213 418 1262 nihil
439 1229 510 1262 rruuur
525 1215 553 1264 de
569 1214 657 1263 duobus
677 1215 800 1279 innuuntur,
815 1212 855 1264 nisi
870 1209 901 1256 nh·

145 1285 214 1334 modo
228 1284 365 1334 commixtis:
379 1287 423 1336 Sed
436 1299 518 1348 corpus
533 1285 621 1334 Christi
635 1286 760 1336 lorrnatnnr
774 1293 810 1336 cst
820 1287 846 1335 ie
858 1284 898 1337 luz

144 1355 223 1405 Maria.
234 1356 259 1405 Si
272 1369 326 1417 ergo
338 1356 441 1406 Christus
459 1357 549 1405 dicutur
567 1360 693 1419 conceptus
709 1359 740 1407 rie
754 1357 840 1420 Spiritu
856 1367 903 1401 sunu

145 1426 237 1476 ridetur
252 1426 311 1490 qrrbd
330 1427 389 1475 lacta
402 1427 432 1476 sit
446 1427 578 1477 cornrnintio
599 1429 706 1488 quadarn
720 1429 822 1492 Spiritus
842 1422 898 1474 sarira

145 1499 264 1558 materiae,
280 1511 347 1560 quarn
365 1499 434 1561 Virgo
459 1499 613 1559 ministrarit,
630 1500 692 1561 quor]
709 1505 775 1563 patet
795 1513 844 1550 esse
861 1497 899 1545 ints¹

145 1569 197 1620 Nun
211 1583 264 1631 ergo
279 1569 385 1619 Christus
395 1570 461 1620 dehet
475 1570 519 1618 dici
531 1574 655 1631 conceptus
666 1571 696 1619 de
707 1569 797 1634 Spiritu
806 1575 885 1620 sancto.

178 1643 222 1692 Seri
235 1645 313 1691 contra
327 1645 381 1701 est,
395 1641 458 1704 qubd
470 1641 553 1691 <licitur
563 1640 668 1700 Mutila,
683 1643 694 1690 l
714 1657 722 1691 t
737 1661 754 1690 n
766 1646 884 1704 autequam
893 1651 905 1678 r.

146 1712 263 1775 venirent,
275 1713 369 1762 iuventa
383 1716 418 1762 est
432 1713 457 1762 in
475 1718 539 1762 utero
551 1712 639 1761 babens
655 1713 684 1762 rie
699 1713 791 1777 Spiritu
806 1717 885 1763 sancto.
901 1726 905 1741 .

181 1783 459 1846 (Conclusio-Filius
478 1785 519 1834 Dei
533 1783 699 1834 convenienter
720 1787 750 1835 de
770 1784 857 1849 Spiritu
875 1794 903 1829 sa:

146 1860 273 1918 conceptus
287 1856 311 1906 in
326 1856 449 1920 Scripturls
470 1855 561 1917 dicitur,
574 1855 629 1917 quia
647 1855 702 1917 ejus
715 1856 790 1920 opera
807 1869 885 1918 corpus
900 1862 903 1871 ·

147 1932 233 1974 rnatum
254 1931 305 1988 est,
324 1931 347 1977 et
360 1927 493 1990 elaqualis
507 1926 531 1974 iu
544 1924 672 1976 substantia
685 1932 820 1991 conceptus
838 1928 890 1981 cst}

178 1998 313 2060 Respornleo
332 1999 466 2062 dicendum,
479 1997 539 2060 quod
562 1997 685 2060 conceptio
702 2011 751 2047 nou
765 1998 890 2048 attribuitur

147 2070 236 2132 corpori
248 2069 345 2130 Christi,
358 2070 397 2119 sel
413 2069 483 2118 etiaur
499 2066 546 2130 ipsi
564 2067 675 2131 Christo,
698 2069 794 2120 ratione
816 2070 885 2132 ipsius

147 2140 219 2202 poris.
241 2141 264 2189 ln
280 2140 366 2202 Spiritu
380 2144 455 2189 autern
474 2144 553 2190 sancto
570 2141 653 2202 duplex
667 2141 785 2191 habitudo
805 2142 873 2190 cousi.
883 2162 906 2185 t·

147 2215 252 2274 respectu
270 2212 355 2261 Christi
370 2225 439 2261 :narn
451 2213 479 2260 ad
494 2212 570 2274 ipsum
582 2211 667 2260 Filium
682 2212 743 2274 Dei,
759 2213 804 2277 qui
816 2213 907 2264 dicitnr·

148 2286 284 2345 conceptus,
297 2284 366 2332 habet
379 2282 538 2332 habitudinem
552 2281 819 2348 consubstantialitatis,
837 2288 863 2333 ari
877 2299 898 2329 r·-

148 2357 224 2402 autem
240 2355 289 2415 epus
308 2354 376 2403 habet
390 2354 549 2404 habitudinem
565 2367 640 2403 camo
658 2354 794 2407 efficientis.
818 2358 870 2406 nar
882 2370 898 2398 ιι·

103 2445 107 2454 .
148 2425 292 2488 propositio,
309 2427 357 2484 De,
377 2430 497 2490 utramque
515 2425 672 2475 habitudinem
690 2427 822 2490 designat,
838 2430 892 2477 sicu

149 2494 245 2545 clicirnus
266 2497 382 2546 homiuem
396 2497 496 2560 aliquem
511 2497 600 2546 esseda
612 2509 654 2545 suo
667 2500 744 2559 patre.
762 2501 794 2549 Et
808 2499 861 2548 ideir
874 2519 890 2543 t·

149 2567 239 2618 nieuter
251 2568 325 2618 dicere
338 2582 460 2632 possumus
474 2569 588 2619 Christum
602 2581 654 2617 esse
667 2575 812 2633 conceptum
831 2571 858 2621 de
874 2570 902 2619 S.»

149 2643 237 2699 sancto,
252 2640 296 2688 hoo
310 2640 378 2690 modo
391 2639 451 2704 qubd
466 2639 589 2690 afficientia
603 2637 702 2702 Spiritus
714 2641 793 2690 sancii
806 2643 901 2691 celerari

148 2721 230 2771 corpus
248 2713 405 2772 assumptum,
421 2709 646 2760 consubstantialitas
663 2708 719 2760 verb
734 2711 767 2760 ad
781 2726 901 2776 personas

149 2782 289 2828 sumentem.

181 2849 214 2896 hd
226 2849 322 2910 priunum
337 2862 391 2911 ergo
405 2850 527 2900 dicendum
537 2889 544 2911 ,
554 2849 614 2914 qubrl
626 2864 711 2914 corpus
724 2852 837 2915 Christi,
851 2856 901 2917 qui·

149 2919 185 2964 est
200 2919 387 2970 consubstantiale
401 2920 497 2984 Spiritui
509 2927 609 2986 uncto,
629 2934 675 2973 uon
697 2923 798 2988 proprio
822 2931 899 2990 potest
