1917 3317
144 155 176 190 uu
193 154 277 192 umrm
294 155 377 192 amrin
392 155 497 194 vraunns
514 158 716 196 annumrmrorra.
786 148 836 196 62⁷

40 231 127 280 tentio
142 229 213 293 quam
223 243 307 280 seusus
318 230 567 296 exterior3quiatamen
580 233 717 298 principium
728 234 835 286 bumana

44 301 164 360 :ultionis
174 306 212 352 est
226 315 321 363 seusus,
335 303 388 353 ideo
401 304 423 351 in
437 317 464 354 eo
476 304 582 354 consistit
592 306 690 354 maxima
704 306 833 368 certitudo,

40 378 71 420 rin
90 386 187 436 semper
199 377 292 437 oportet
306 372 365 436 quod
382 374 496 438 principia
511 375 648 438 cognitionis
660 377 707 426 siut
725 376 832 426 certiora.

40 458 46 492 t
68 445 123 494 ideo
145 445 251 508 loseph,
273 443 310 494 oui
327 445 426 507 Angelus
449 446 578 496 insomnis
600 447 721 511 apparuit,
736 461 782 498 nou
802 447 837 497 itt

40 517 176 564 metientem
193 513 361 577 apparitionem
375 516 467 578 babuit,
479 517 538 567 sicut
549 519 614 568 beate
630 517 708 581 Virgo.

53 588 87 634 bd
108 586 208 636 tertium
230 585 368 650 dicendum,
387 586 445 650 quod
466 588 527 637 sicut
546 588 678 638 Ambrosius
695 587 750 640 dicit
766 602 836 652 super

43 673 91 711 ur„
107 657 311 721 «perturbamur,
327 661 350 707 el
371 658 384 708 b
404 662 482 708 nostro
494 659 619 710 alienamur
631 660 728 722 ellectu,
743 661 835 722 quando

50 730 203 792 rstringimur
218 727 316 792 alicujus
333 729 455 792 superioris
469 731 587 793 potestatis
601 744 729 781 occursu.»
744 733 772 780 Et
791 732 836 780 boc

65 802 135 862 lingit
154 813 203 850 uon
216 795 290 849 solium
302 800 326 849 in
337 800 425 849 risione
437 801 563 864 corporali,
577 803 694 852 sedetiam
705 803 728 850 in
744 802 834 851 visione

56 871 172 935 ‘ignitaria3
196 871 259 920 uude
276 871 347 926 Gen„
364 871 436 930 XXV,
451 871 542 935 dicitur,
553 872 614 936 qubd
629 872 704 922 ocium
716 873 750 922 sol
763 886 838 922 occu-

46 949 118 1002 .,sset,
134 955 211 1006 sopor
226 940 292 990 irruit
305 955 374 1005 super
385 942 514 1004 Abrabam,
529 948 553 992 et
563 945 642 994 horror
654 957 748 1006 maguus
760 949 783 994 el
799 949 835 994 le-

49 1017 131 1064 brosus
145 1013 238 1063 invasit
247 1027 309 1076 eupu.
323 1032 336 1060 u
350 1014 410 1064 Talis
425 1019 500 1064 lumen
512 1016 650 1078 perturbatio
661 1015 775 1076 bominis,
790 1030 837 1066 oon

53 1103 65 1134 n
84 1086 180 1136 bomini
196 1090 270 1136 nocet
288 1087 312 1134 ul
326 1093 420 1150 propter
433 1099 482 1135 eam
496 1088 577 1137 debeat
598 1087 703 1151 tugelira
724 1088 836 1152 apparitio

56 1156 174 1208 immitti.
191 1156 381 1220 primoquidem,
392 1157 444 1220 quia
456 1172 486 1208 eu
498 1159 542 1207 boc
556 1158 607 1221 ipso
616 1159 677 1222 qubd
689 1160 757 1208 bomo
767 1172 837 1222 supra

51 1233 120 1281 'mum
134 1230 250 1280 elevatur
266 1228 335 1292 (quod
350 1229 378 1278 ed
393 1229 443 1293 ejus
454 1229 554 1294 pertinet
567 1229 710 1293 dignitatem)
721 1244 771 1294 pars
784 1230 838 1292 ejus

50 1304 112 1351 *unior
135 1301 287 1356 debilitatur,
309 1313 338 1350 er
361 1313 405 1363 quo
426 1301 533 1363 provenit
551 1301 688 1365 perturbatio
711 1302 835 1364 praedicta3

57 1380 77 1421 :rt
91 1375 165 1424 etiarn
182 1371 264 1420 mlore
279 1370 375 1419 naturali
386 1371 413 1420 ad
427 1371 534 1421 interiora
545 1373 644 1434 reducto,
660 1371 771 1422 exteriora
787 1377 838 1421 tre-

49 1451 90 1492 mit.
107 1441 237 1503 Secundo,
248 1442 302 1504 quia
316 1441 375 1491 sicut
387 1441 497 1504 Origenes
509 1442 563 1492 dicit
574 1456 644 1506 super
654 1445 721 1501 Luc,
736 1443 838 1504 Angelus

54 1529 143 1578 urens,
162 1514 246 1564 sciens
261 1515 321 1562 liano
333 1525 383 1562 esse
399 1513 521 1564 humanam
537 1518 654 1574 naturam,
672 1513 769 1577 primurn
787 1526 840 1576 per-

60 1589 145 1636 ‘utioni
175 1585 299 1646 medetur;
320 1584 380 1633 uude
402 1588 446 1632 tam
464 1585 590 1646 Zachariae,
604 1585 672 1648 quim
693 1584 768 1633 lilarire
786 1588 839 1646 post

60 1660 176 1708 unitionem
191 1654 269 1718 dixit,
283 1669 312 1704 ue
332 1657 432 1704 timeus.
447 1655 476 1704 m
496 1661 587 1720 propter
605 1658 662 1715 boc,
677 1659 703 1704 ut
718 1655 800 1718 legitur
812 1653 839 1706 in

49 1739 65 1776 n
79 1728 189 1787 Antonii,
203 1739 277 1776 «nou
292 1730 326 1776 est
336 1725 435 1775 difficilis
445 1728 563 1777 beatorum
574 1728 695 1792 spirituum
709 1728 839 1777 malorum-

83 1800 206 1852 disuretio.
224 1797 249 1848 Si
265 1797 328 1848 enim
342 1802 393 1862 post
407 1802 511 1848 timorem
529 1799 667 1849 successerit
684 1797 801 1862 gaudium,
821 1796 836 1848 i

52 1874 114 1923 virino
136 1872 243 1922 venisse
264 1869 364 1920 sciamus
386 1870 509 1933 auxilium3
528 1870 581 1932 quia
603 1871 714 1920 securitas
736 1869 838 1931 anima,

54 1946 140 1994 esculis
157 1941 295 2006 majestatis
312 1940 420 1990 indicium
437 1947 481 1991 est.
497 1943 520 1991 Si
540 1945 617 1991 auteur
634 1941 725 1992 incussa
741 1941 839 1991 formido

57 2017 194 2075 manserit,
211 2013 291 2062 bostis
313 2017 349 2062 est
371 2013 410 2076 qui
428 2013 526 2062 videtur.
544 2029 559 2060 »
573 2014 624 2076 ipsa
646 2017 723 2063 autern
740 2011 840 2063 turbatio

56 2087 119 2140 >gruis
138 2083 293 2135 conveniens
311 2081 356 2132 init
369 2083 511 2132 vererundia
529 2083 648 2147 virginali;
663 2083 730 2146 quia,
745 2087 772 2132 ut
786 2084 842 2132 bm-

55 2158 110 2206 uins
135 2157 197 2208 dicit
224 2167 295 2218 super
316 2155 385 2210 Luc,
403 2153 543 2218 «trepidare
562 2154 674 2217 virginum
698 2160 745 2216 est,
764 2158 788 2204 et
811 2152 841 2203 ad

59 2242 102 2277 :nes
124 2228 173 2277 viri
200 2226 321 2290 ingressus
339 2237 438 2290 parere,
461 2239 541 2274 omues
562 2225 605 2274 riri
624 2225 706 2276 affatus
722 2224 804 2275 vereri.
822 2239 839 2271 u

46 2303 114 2348 t:ulam
128 2303 215 2349 tamen
227 2297 325 2358 dicunt,
341 2295 400 2357 pubd
414 2311 466 2346 cum
479 2297 505 2345 B.
516 2298 583 2358 llirgo
599 2301 688 2347 assueta
697 2300 756 2347 esset
769 2295 842 2347 visio·

55 2371 89 2418 tus
107 2371 271 2434 Angelorum,
287 2379 334 2416 nou
348 2368 437 2416 turbata
456 2367 500 2416 luit
514 2367 538 2416 iu
551 2368 636 2418 risione
648 2368 745 2432 bugeli,
758 2368 798 2417 sed
812 2365 838 2415 iu

62 2442 176 2492 libratione
192 2453 277 2490 eorum
296 2451 348 2501 quar
360 2437 383 2488 ei
396 2439 425 2487 ab
445 2438 686 2499 immoriebantur,
701 2438 754 2502 quia
773 2437 800 2488 de
813 2448 841 2487 ee

58 2524 74 2556 n
86 2511 208 2576 magnilica
230 2523 280 2560 uon
299 2509 423 2572 cogitabat.
437 2509 503 2559 Unde
523 2514 547 2559 et
558 2509 704 2577 Euangelista
722 2523 769 2560 uun
785 2507 844 2559 dicit

53 2581 86 2630 dd
96 2585 189 2634 turbata
202 2582 279 2632 luerit
291 2579 316 2630 in
329 2579 420 2632 risione
428 2581 518 2645 bugeli,
529 2581 570 2632 sed
582 2582 610 2630 in
618 2594 731 2631 sermone
743 2581 809 2643 eiua.
