1917 3317
467 138 557 186 824
881 146 1003 186 rans
1039 148 1120 195 ιιι,
1152 146 1339 193 οιιιετ.
1375 147 1419 195 ι,
1452 146 1561 184 An.
1596 148 1649 184 ιι.

467 237 628 275 nemus
641 223 902 289 pet-eandm
923 224 1044 274 unde
1068 223 1352 286 Augustinus
1370 222 1482 273 dicit
1498 222 1549 271 in
1566 222 1653 272 tib.
1680 223 1917 275 Deverw

471 300 592 361 (cap.
615 298 692 359 16)
725 311 786 347 εκ
804 295 1140 347 Demonstravit
1173 295 1306 346 nobis
1338 296 1459 345 Deus
1487 294 1623 359 quam
1654 297 1902 347 excelsum

471 369 589 419 inter
606 372 832 419 creaturas
860 369 1024 418 habeat
1043 367 1241 416 humana
1273 370 1464 427 natura,
1484 366 1533 415 in
1550 367 1637 416 hoc
1665 368 1798 430 quod
1826 370 1917 419 hon

475 441 519 495 in
552 453 661 492 vero
694 439 880 490 homine
911 438 1137 503 apparuit.
1176 453 1203 483 ιι
1236 438 1294 487 Et
1325 438 1418 487 Leo
1455 439 1577 501 Papa
1604 438 1717 487 dicit
1743 439 1798 489 in
1835 451 1917 491 seri

475 512 676 562 Natio„-
711 529 739 558 «
768 510 1039 574 Agnosce‚d
1066 508 1341 567 Christiane,
1369 508 1637 570 dignitatem
1658 511 1789 560 tuam
1811 550 1826 571 ,
1848 516 1897 562 et

476 596 664 635 consors
681 584 828 633 factus
850 587 1024 633 natnrae
1038 620 1055 645 ,
1069 582 1173 631 noli
1194 582 1242 632 in
1272 585 1474 631 veterem
1489 580 1710 632 vilitatem
1730 583 1916 646 degene

477 656 735 707 versatione
757 654 920 706 redire.
953 671 981 701 ι)
1011 654 1191 713 Tertio,
1225 653 1332 717 quia
1364 654 1420 703 ad
1447 653 1861 717 praesumptionem
1895 658 1917 705 t

479 728 742 788 tollendam,
772 726 916 789 gratia
937 726 1021 777 Dei
1047 727 1095 775 in
1115 726 1244 776 nobis
1273 725 1411 775 nuliis
1443 724 1617 775 meritis
1636 728 1916 787 praeeedent

480 799 665 851 homine
686 799 869 849 Christo
892 799 1250 859 commendatur,
1281 800 1331 846 ut
1352 796 1513 846 dicitur
1546 797 1595 847 iu
1618 796 1848 847 xlm-de
1884 799 1917 847 T

483 872 623 935 (cap.
646 871 730 932 7).
755 869 949 930 Quarto,
971 869 1078 933 quia
1104 869 1316 934 superbia
1332 867 1551 928 hominiS‚
1581 881 1681 931 quae
1708 869 1917 919 maximi

483 942 682 993 dimento
719 948 791 993 est
819 956 877 993 ne
911 942 1183 1009 inhaereatnr
1209 941 1329 1002 DeO,
1351 945 1435 1004 per
1466 944 1638 989 tantam
1670 939 1755 988 Dei
1781 940 1917 990 humi

483 1013 691 1077 redargui
714 1017 868 1078 potest
892 1017 1028 1077 atque
1053 1013 1224 1074 sanari,
1246 1016 1297 1062 ut
1318 1012 1429 1062 dicit
1446 1010 1728 1075 Augustinus
1750 1011 1896 1063 ibid.

485 1085 541 1141 ad
565 1086 848 1136 liberandum
879 1086 1111 1136 hominem
1144 1084 1170 1134 a
1195 1083 1413 1134 servitute
1432 1083 1628 1147 peccati3
1657 1082 1779 1146 quod
1803 1085 1917 1148 quid

485 1156 765 1219 Augustinus
791 1157 901 1206 dicit
923 1156 1042 1207 xm.
1076 1156 1141 1205 de
1172 1156 1327 1212 Tria„
1361 1155 1497 1218 (cap.
1532 1156 1644 1217 13),
1676 1154 1774 1204 fieri
1816 1156 1917 1206 deb

487 1231 539 1278 ut
553 1229 758 1279 diabolus
775 1229 952 1292 justitia
986 1227 1184 1279 hominis
1201 1228 1309 1278 Jesu
1326 1227 1495 1277 Christi
1513 1230 1800 1290 superaretur
1819 1244 1836 1291 ;
1863 1244 1917 1292 qt

487 1303 583 1349 tum
609 1303 682 1350 est
710 1301 890 1351 Christo
919 1298 1226 1350 satisfaciente
1263 1312 1347 1363 pro
1388 1298 1539 1348 nobis.
1576 1299 1722 1348 Homo
1760 1302 1917 1349 autem

485 1370 744 1422 satisfacere
778 1383 870 1421 non
890 1374 1067 1436 poterat
1100 1383 1183 1434 pro
1216 1374 1313 1421 toto
1335 1371 1535 1420 humano
1564 1382 1729 1432 genere
1748 1408 1761 1430 ,
1788 1370 1917 1421 Deus

488 1441 749 1493 satisfacere
770 1455 866 1493 non
888 1442 1078 1493 debebat
1093 1457 1106 1502 3
1124 1442 1245 1493 unde
1264 1441 1500 1505 oportebat
1518 1442 1659 1491 Deum
1678 1442 1725 1489 et
1737 1442 1917 1492 homin«

490 1511 648 1563 Jesum
665 1512 914 1563 Christum.
932 1512 1060 1563 Unde
1077 1516 1126 1562 et
1141 1512 1233 1562 Leo
1251 1515 1373 1576 Papa
1393 1510 1500 1561 dicit
1518 1511 1564 1561 in
1584 1524 1721 1561 serm.
1745 1516 1771 1561 1
1794 1513 1873 1561 De
1892 1517 1917 1564 Ι

497 1600 525 1631 «
549 1584 801 1648 suscipitur
831 1584 860 1633 a
884 1584 1053 1633 virtute
1094 1582 1332 1632 infirmitas
1350 1619 1367 1645 ‚
1409 1582 1436 1632 a
1462 1584 1701 1647 majestate
1742 1584 1917 1633 humilii

491 1656 744 1707 eternitate
781 1654 1063 1719 mortalitas,
1100 1658 1154 1703 ut
1189 1655 1309 1718 quod
1346 1655 1513 1706 nostris
1549 1654 1765 1705 remediis
1792 1666 1917 1721 cong

493 1741 612 1779 unus
649 1731 786 1791 atque
819 1728 952 1780 idem
970 1727 1050 1777 Dei
1082 1729 1128 1778 et
1152 1727 1389 1776 hominum
1420 1726 1661 1789 mediator,
1688 1730 1736 1776 et
1762 1728 1883 1777 mori

497 1802 546 1849 et
579 1812 814 1862 resurgere
841 1793 986 1863 possit
1018 1811 1076 1849 ex
1097 1796 1254 1849 attero.
1278 1798 1377 1848 Nisi
1404 1797 1525 1865 enim
1558 1801 1679 1848 esset
1707 1811 1844 1847 verus
1868 1800 1917 1849 D«

497 1870 680 1921 afferret
700 1870 979 1932 remedium,
1001 1870 1092 1920 nisi
1110 1874 1235 1921 esset
1258 1882 1395 1919 verus
1410 1870 1566 1932 homo,
1589 1882 1678 1919 non
1698 1868 1917 1932 praeberei

495 1942 691 2006 plum.»
719 1942 834 1991 Sunt
855 1945 1005 1991 autem
1028 1945 1075 1992 et
1100 1942 1201 1992 aliae
1220 1941 1426 2006 plurima}
1448 1941 1685 2003 utilitateS,
1707 1956 1810 2006 quae
1842 1956 1917 1993 cor

493 2018 601 2065 sunt
624 2026 760 2078 supra
789 2014 1198 2078 apprehensionem
1226 2025 1389 2063 sensus
1416 2012 1647 2062 humani.-

559 2087 625 2137 Ad
652 2085 846 2150 primum
866 2099 975 2149 ergo
1000 2085 1273 2148 dicendum,
1300 2085 1421 2168 qnod
1448 2086 1567 2136 ratio
1596 2085 1670 2134 illa
1699 2085 1910 2148 procedit

497 2158 604 2207 dum
640 2157 836 2222 primum
877 2156 1063 2209 modum
1088 2158 1391 2217 necessarii,
1410 2156 1523 2237 sine
1555 2169 1645 2219 quo
1677 2156 1733 2205 ad
1769 2156 1906 2207 finem

496 2228 586 2278 uiri
621 2242 712 2279 non
747 2231 914 2292 potest.

561 2300 629 2351 Ad
651 2299 902 2350 secundum
930 2297 1167 2348 dicendum
1182 2335 1200 2361 ‚
1225 2296 1344 2361 quod
1378 2298 1528 2362 aliqua
1550 2298 1803 2349 satisfactio
1829 2301 1917 2362 pot

500 2371 738 2435 dupliciter
761 2371 1026 2421 sufficiens:
1048 2384 1141 2420 uno
1166 2371 1299 2421 modo
1315 2370 1537 2434 perfecte,
1558 2370 1662 2433 quia
1684 2373 1756 2421 est
1777 2370 1917 2431 condi3

499 2445 739 2507 quamdam
779 2442 1137 2506 adaequationem
1179 2441 1235 2491 ad
1282 2442 1758 2505 recompensationem·
1790 2442 1917 2505 culpa

499 2514 678 2577 missae3
699 2517 746 2564 et
769 2512 834 2564 sic
851 2513 1048 2564 hominis
1064 2512 1166 2577 puri
1192 2512 1440 2563 satisfactio
1460 2511 1694 2562 sufficiens
1712 2525 1811 2562 esse
1833 2525 1917 2563 non

499 2598 582 2649 pro
610 2590 826 2649 peecato3
857 2589 954 2635 tum
978 2586 1083 2648 quia
1110 2588 1205 2634 tota
1226 2586 1423 2634 humana
1451 2589 1613 2633 natura
1635 2587 1732 2634 erat
1754 2597 1835 2648 per
1861 2587 1917 2647 pe

498 2661 724 2721 corrupta,
747 2670 832 2705 neo
856 2656 1025 2705 bonum
1048 2656 1242 2719 alicujus
1269 2667 1498 2719 personae,
1522 2656 1596 2706 vel
1620 2657 1768 2716 etiam.
1790 2654 1917 2720 plur-ii

499 2729 615 2776 ierat
648 2738 732 2789 per
762 2725 1131 2787 aequipamntiam
1165 2726 1305 2775 totius
1349 2730 1522 2776 naturae
1562 2726 1883 2776 detrimentum

500 2807 720 2857 pensan-(33
749 2799 848 2843 tum
873 2794 1007 2844 etiam
1024 2830 1042 2857 ‚
1069 2795 1175 2857 quia
1195 2798 1432 2857 peecatum
1456 2799 1611 2845 eontra
1636 2797 1776 2845 Deum
1800 2808 1917 2846 comi

499 2865 741 2927 quamdam
776 2863 1046 2920 infinitatem
1081 2866 1215 2915 hahet
1251 2879 1309 2915 ex
1345 2866 1568 2917 infinitate
1606 2866 1773 2917 divinar
1812 2866 1917 2929 Majr
