1917 3317
222 202 252 254 ori
265 212 417 255 renuamus
434 198 538 256 usaisrr.
734 178 780 261 ’181

55 290 105 341 irruas
120 291 201 355 armari;
214 292 270 345 uude
285 308 299 341 u
309 292 369 345 iuter
388 307 451 345 arma
462 293 559 359 justitie
579 309 594 341 o
610 294 732 359 Apostolus
744 298 782 365 je7

57 364 73 411 ia
87 368 228 426 connumerat,
241 364 270 415 11.
290 366 326 415 od
342 366 414 427 Cor„
430 367 458 416 Vl
471 366 516 431 (1).
529 365 649 431 sosarmo,
665 373 694 420 ut
705 374 784 421 osteo·

55 441 71 484 et
81 435 132 498 puhd
141 438 199 485 etiam
206 436 330 500 jejunantes
342 438 444 489 diabolus
456 438 586 503 aggreditur
597 439 625 489 ad
634 442 779 504 tentandum,

55 512 68 555 u
81 508 131 557 aiios
142 506 176 571 qui
189 508 248 559 honis
263 510 369 574 operibus
379 514 468 562 uacant.
482 512 511 562 iit
521 511 581 573 ideo,
592 511 651 563 siem
661 517 714 577 post
724 514 782 579 hap-

55 594 106 641 um,
119 580 148 629 iia
163 583 209 644 post
221 580 334 644 jejunium
353 584 458 634 Christus
476 587 591 645 tentatur;
607 584 668 635 uude
680 586 782 650 Chryso·

55 669 86 703 rus
104 653 154 703 dieit
166 668 234 717 super
247 654 339 705 Mutth.
361 656 437 721 (Hom.
452 657 511 722 11111)
526 674 531 707 :
550 674 564 706 u
576 658 605 708 Ut
615 656 697 709 ‘diseas
715 657 783 722 quim

56 741 102 775 uum
118 726 195 775 murm
205 728 238 775 est
248 725 380 791 jejunium,
396 732 419 779 et
431 730 498 793 quale
511 736 601 781 sautum
617 732 652 780 est
672 729 782 781 aduersis

55 800 123 858 otum,
144 801 166 845 et
185 797 285 861 puouiam
306 804 358 863 post
377 800 515 863 baptismum
537 813 585 851 non
603 800 719 865 lasciuia,
742 800 785 853 sed

56 873 82 919 uo
95 870 205 921 intendere
216 874 313 935 oportet,
325 872 378 923 ideo
393 873 496 924 Christus
507 872 631 937 jejunarit,
639 887 685 924 nou
692 874 783 939 jejunio

55 958 104 1006 eus,
115 942 153 993 sed
167 956 206 993 uos
217 943 339 993 instruens.
354 961 367 993 u
378 944 468 1009 Tertio,
484 945 538 1009 quia
550 949 604 1009 post
614 945 730 1009 jejunium
745 959 783 996 se·

55 1020 86 1062 ost
97 1013 193 1076 esuries,
204 1028 251 1078 quae
260 1014 323 1065 dedit
333 1015 422 1067 diaholo
432 1018 550 1067 audaciam
560 1030 613 1066 eum
626 1018 781 1081 aggrediendi,

61 1088 144 1135 rhotum
158 1088 189 1135 est
205 1100 211 1134 :
226 1102 239 1133 u
251 1086 309 1137 Cim
324 1090 399 1137 autem
413 1088 494 1139 esuriit
506 1087 630 1149 hominus,
646 1104 660 1135 u
676 1092 702 1138 ut
719 1088 783 1138 iiiia-

55 1158 106 1207 dioit
120 1171 195 1221 rupea·
211 1158 301 1209 dietih.
321 1160 377 1225 (uhi
393 1158 495 1225 supra),
510 1176 525 1208 u
535 1160 636 1212 nonfuit
649 1174 678 1210 er
690 1172 783 1225 surrep-

62 1229 160 1290 ioediae,
171 1228 208 1279 sed
218 1234 305 1281 natura
319 1242 366 1282 suar
380 1232 497 1283 homiuem
507 1231 644 1295 dereliquit3
660 1230 784 1281 nonenim

55 1302 62 1349 1
79 1302 127 1351 Deo
141 1300 257 1361 diabotus,
281 1302 321 1353 sed
335 1302 349 1353 i
366 1316 433 1355 carne
447 1302 582 1355 uincendus.
598 1302 690 1354 »Unde
704 1303 785 1365 etiam·

56 1376 207 1437 upsostomus
220 1372 289 1435 dicit,
307 1389 321 1421 u
331 1375 383 1435 thou
396 1375 454 1425 uitri
471 1375 584 1441 prooessit
601 1374 626 1425 iu
641 1373 784 1438 J'ejuuaudo,

64 1446 160 1509 Moyses
176 1446 199 1495 et
220 1443 281 1495 Elias
290 1482 299 1509 ,
314 1455 343 1497 uo
361 1445 500 1499 incredibilis
521 1445 636 1497 rideretur
651 1446 728 1496 earnis
747 1458 784 1495 as·

55 1530 82 1565 10.
96 1533 112 1564 i)

60 1590 164 1653 primum
185 1600 241 1652 ergo
262 1587 398 1654 dioeudum,
417 1588 479 1653 qudd
500 1588 615 1640 Christum
638 1602 686 1640 nou
708 1588 786 1640 decuit

55 1662 120 1713 satio
135 1660 273 1712 austerioris
287 1661 355 1725 vita,
374 1665 399 1711 ut
413 1676 438 1713 se
452 1674 595 1712 communem
606 1660 723 1712 exhiberet
739 1660 787 1710 illis

67 1733 220 1798 praedicauit.
231 1733 312 1783 Nullus
323 1736 399 1783 autem
410 1734 478 1784 dehet
491 1746 606 1784 assumere
617 1731 787 1796 predicationis

55 1822 80 1869 u,
103 1805 154 1855 uisi
169 1802 238 1869 priirs
254 1804 323 1855 fuerit
344 1810 453 1869 purgatus
470 1807 495 1855 et
510 1805 535 1855 iu
551 1806 637 1855 uirtute
648 1804 783 1868 perfectus,

55 1893 67 1928 e
92 1876 194 1929 Christo
215 1876 301 1927 dieitur
321 1877 390 1932 Aet„
404 1878 430 1941 1,
445 1876 505 1941 quhd
521 1894 535 1926 (ι
550 1876 619 1941 ooepit
631 1877 697 1927 iesus
710 1876 787 1927 iacere

55 1964 88 1999 re.
107 1966 124 1997 u
141 1948 175 1999 Et
189 1946 244 1998 ideo
258 1947 360 1999 Christus
379 1947 456 1999 statim
469 1949 523 2012 post
538 1947 677 2012 baptismum
690 1945 786 1997 austeri·

55 2023 106 2071 1113)
133 2018 287 2083 assumpsit,
305 2022 331 2069 ut
354 2018 445 2069 doceret
467 2023 520 2082 post
540 2032 631 2069 caruem
648 2018 784 2078 edomitam,

55 2108 62 2142 e
74 2094 141 2143 alios
150 2092 185 2142 ad
192 2090 366 2155 predicationis
375 2091 476 2143 othotam
485 2090 590 2152 transire,
599 2088 723 2140 saouudium
730 2088 787 2138 illud

55 2167 112 2229 ipa)
129 2180 136 2214 :
151 2181 168 2213 a
180 2163 282 2226 Castigo
296 2176 379 2226 eorpus
388 2175 464 2212 meum
479 2166 504 2212 et
516 2161 540 2210 iu
556 2159 689 2211 servitutem
699 2158 786 2223 redigo,

71 2238 135 2287 cium
152 2234 213 2285 aliis
228 2234 399 2299 predicarem,
411 2235 463 2299 ipse
476 2234 586 2297 reprobus
599 2232 721 2282 efficiar.»

59 2310 177 2358 eundum
195 2306 333 2368 dioeudum,
343 2305 403 2367 quhd
413 2304 507 2356 uerbum
520 2303 578 2354 iilud
591 2303 662 2354 harei
670 2305 745 2367 potest
753 2302 788 2353 sio

69 2380 145 2443 quod
164 2394 181 2429 u
195 2382 249 2429 erat
261 2378 286 2427 io
296 2378 387 2429 deserto
401 2375 548 2441 quadraginta
561 2376 643 2426 diehus
654 2379 677 2425 et
690 2374 787 2439 quadra-

55 2452 169 2513 ·otibus,
183 2466 201 2497 i>
217 2450 304 2514 quihus
322 2448 408 2499 seilicet
423 2448 546 2513 jejunarit.
561 2446 625 2505 Quod
635 2449 712 2497 autem
725 2445 787 2495 dioi-

55 2560 158 2607 senim
175 2560 216 2605 ibi
227 2590 234 2618 ,
247 2572 309 2606 vers.
322 2557 354 2603 t:
368 2557 533 2604 Eottteomats
546 2569 590 2601 asoa
603 2559 669 2602 sicut
680 2556 727 2601 Dea·
740 2556 787 2600 ma·-

55 2627 84 2668 e'rr
103 2623 206 2669 multa
220 2622 409 2679 potissumus
427 2620 542 2679 otpttta't,
556 2621 586 2665 trs
595 2619 724 2677 dejeratio,
742 2621 785 2663 ato.

55 2688 111 2733 nde
133 2684 223 2743 pauli
235 2690 291 2747 post
305 2701 311 2729 :
323 2684 374 2733 Par
388 2696 459 2730 ormo
469 2679 575 2741 iustitio
585 2682 601 2726 d
613 2681 710 2727 dextris
721 2683 745 2725 at
753 2680 791 2724 et·

55 2754 167 2867 socierum
185 2821 213 2865 1.
238 2819 273 2865 od
287 2822 356 2868 Gor„
370 2818 417 2879 lx,
432 2829 494 2865 uera.
514 2817 555 2873 27,
569 2815 609 2861 uhi
623 2809 789 2872 significantiis

55 2882 204 2941 τωπιαῖζω
223 2894 269 2939 per
289 2880 449 2939 metaphoram
474 2880 488 2927 d
505 2880 618 2928 livoribus
638 2875 706 2922 iaoiei
730 2886 789 2931 quas

74 2966 249 3014 pugnorum
260 2952 327 3001 iuuit.

653 3041 700 3098 η’,
