1917 3317
267 230 299 266 nn
314 228 460 265 utrrvrrnrn
476 228 580 265 cunrsrr.
780 219 825 265 ⁶95

311 411 472 466 insinuans
488 410 528 461 Vl.

89 539 175 583 Utrum
192 534 302 583 Christus
316 534 394 590 suerit
412 537 485 577 notus
502 533 553 578 sinc
566 532 646 577 dolere
662 534 754 577 metria.

55 665 84 713 nd
99 667 192 713 sextum
208 662 242 711 sic
259 659 388 723 proceditur
398 658 442 723 (t).
458 658 553 707 Videtur
570 656 631 720 qnod
654 657 759 707 Christus
779 672 826 709 nou
914 670 915 673 ’

45 736 89 783 ierit
108 739 179 785 natus
197 733 247 781 sine
265 729 340 780 dolore
359 728 447 779 matris,
463 728 527 777 Sicut
545 728 605 777 enim
625 740 685 777 mors
705 728 825 779 hominum

45 805 137 854 insecuta
149 807 188 855 est
201 816 231 851 ex
245 804 338 864 peccato
351 800 473 863 primorum
488 802 617 861 parentum,
628 796 752 847 secuntum
767 796 824 849 iliurl

45 879 114 932 erres„
126 876 166 926 n:
182 874 352 934 «Quacumque
365 871 402 919 die
417 868 539 919 comederis
552 881 581 917 ex
597 882 635 930 eo,
650 873 721 917 morte
739 868 826 919 morie-

45 961 67 1007 ες
80 964 92 992 u
109 947 141 995 ita
156 944 229 995 etiam
251 942 314 991 dolor
330 939 421 1005 partus,
436 937 559 989 secuudum
579 939 634 987 iilud
658 940 752 994 Genea„
770 939 822 989 tlt:
914 970 915 973 κ

54 1019 75 1065 tn
88 1018 164 1067 dotore
179 1014 258 1079 paries
275 1012 342 1062 iilius.
356 1028 371 1058 »
391 1011 436 1061 Sed
457 1010 561 1059 Christus
575 1014 671 1060 mortem
689 1012 765 1061 subire
780 1023 824 1060 vo-

47 1092 69 1139 n.
86 1092 149 1155 Ergo
158 1089 252 1138 uidetur
262 1085 323 1149 quod
335 1083 386 1149 pari
399 1083 487 1134 ratione
500 1082 551 1147 ejns
561 1088 640 1147 partus
659 1096 710 1133 esse
723 1080 825 1133 debuerit

45 1176 69 1209 ru
87 1161 177 1211 dolore.

54 1236 72 1279 t.
88 1234 222 1288 Praeterea,
237 1226 290 1277 iinis
306 1225 491 1287 proportionetur
508 1222 629 1287 principio.
644 1224 687 1273 Sed
702 1223 752 1273 finis
771 1222 825 1274 uitae

49 1304 98 1353 nisti
116 1304 164 1353 tuit
180 1313 235 1350 cum
253 1298 346 1357 dolore,
361 1295 486 1346 secuudum
503 1294 558 1344 iliud
573 1295 643 1351 tsoi„
659 1294 724 1344 Lttt:
743 1310 756 1342 n
767 1292 827 1344 Vere

48 1376 57 1420 i
66 1390 104 1424 res
117 1378 217 1423 nostros
229 1370 280 1433 ipse
294 1368 356 1418 tulit.
370 1384 383 1414 u
398 1367 457 1430 Ergo
471 1366 562 1415 ridetur
579 1364 640 1429 quid
654 1364 721 1415 etiam
736 1365 760 1413 in
776 1364 827 1429 ejus

45 1445 138 1496 atiritate
152 1441 228 1493 inerit
243 1440 306 1490 dolor
316 1438 403 1503 partrts.

54 1521 73 1563 ³.
89 1520 224 1573 Praeterea,
239 1511 265 1559 in
282 1511 322 1559 tib.
342 1510 379 1558 De
395 1512 455 1557 ortu
475 1506 619 1557 Solootorz's
639 1508 750 1569 narratur,
768 1504 829 1569 quod

46 1586 149 1636 iCtrristi
168 1582 317 1633 nativitatem
332 1580 466 1630 obstetrices
482 1580 640 1640 accurrerunt,
656 1590 706 1639 quae
723 1576 830 1625 videntur

45 1670 70 1706 ce
79 1653 222 1707 necessariae
235 1650 336 1715 parienti
354 1655 447 1713 propter
464 1649 573 1699 dotorem.
588 1647 646 1710 Ergo
661 1648 752 1697 videtur
769 1645 829 1709 qnod

47 1734 83 1777 :ata
96 1729 167 1791 Virgo
182 1722 277 1790 peperit
291 1735 342 1771 cnm
357 1721 441 1771 dolore.

55 1799 92 1849 Sei
105 1803 188 1850 contra
202 1797 254 1854 est,
270 1793 329 1857 quot
343 1791 484 1855 Augustinus
495 1788 550 1841 dicit
563 1789 587 1839 in
598 1790 708 1839 Sermone
723 1788 759 1836 De
776 1788 830 1837 Nu-

52 1874 134 1927 u'toie,
152 1869 277 1930 alloquens
294 1863 410 1926 virgiuum
424 1866 518 1910 matrem
534 1876 539 1909 :
557 1877 571 1907 «
581 1862 629 1911 Nec
640 1860 665 1909 in
679 1858 830 1923 conceptione

47 1943 125 2004 *nquitt
137 1942 241 1991 iuuenta
255 1949 282 1986 es
298 1934 348 1985 sine
362 1933 462 1997 pudore,
472 1945 516 1982 nec
529 1931 734 1996 imperta-inuenta
745 1943 770 1981 cs
779 1941 831 1978 curn

52 2012 103 2063 inre.
116 2030 131 2061 o

59 2086 226 2147 (toncuusro.
247 2075 360 2127 -cnm
383 2074 486 2125 Christus
506 2086 535 2124 er
559 2070 635 2123 clauso
663 2075 729 2123 utero
752 2070 829 2121 matris

47 2168 126 2210 nessus
143 2156 191 2217 sit,
208 2164 260 2201 non
270 2147 338 2199 modo
353 2147 451 2196 dotorem
463 2146 530 2195 beata
543 2145 611 2207 Virgo
624 2144 711 2194 uultum
725 2140 797 2192 sensit
805 2141 831 2191 in

51 2227 128 2277 utendo
143 2224 285 2284 Christum,
300 2219 341 2269 seri
355 2216 452 2267 maximi
473 2220 509 2267 est
520 2215 662 2280 jucunditate
675 2214 766 2275 affecta,
781 2212 833 2262 cium

49 2310 93 2345 eum
105 2302 129 2348 et
139 2296 264 2347 hominem
278 2304 304 2339 se
317 2289 435 2356 peperisse
446 2287 587 2351 conspexit.)

59 2368 192 2433 Respondeo
216 2363 358 2421 dicendum,
378 2359 439 2424 qnod
459 2359 523 2409 dolor
543 2356 652 2421 parientis
676 2356 781 2405 causatur
804 2364 833 2403 ex

47 2442 140 2499 pertioue
163 2441 302 2492 meatuum,
315 2447 357 2497 per
376 2445 434 2495 qnos
451 2432 527 2495 proies
546 2430 668 2493 egreditur.
689 2428 778 2477 Dictum
799 2428 833 2475 est

48 2514 98 2559 utem
111 2510 201 2576 supra,
212 2506 278 2571 qnod
292 2503 396 2553 Christus
413 2506 447 2552 est
457 2514 563 2565 egressus
577 2513 604 2549 er
616 2500 692 2549 clauso
707 2502 771 2547 utero
786 2508 834 2545 ma·

46 2580 79 2644 rie;
94 2586 117 2633 et
138 2584 176 2633 sie
197 2579 262 2629 uuila
281 2574 394 2625 violentia
415 2572 539 2637 apertionis
556 2574 670 2621 meatuum
688 2568 722 2619 ibi
734 2566 785 2617 tuit.
807 2566 834 2616 Et

51 2662 114 2715 uper
128 2656 176 2703 hoc
197 2648 278 2701 initio
298 2648 366 2709 partu
385 2644 461 2694 nutius
482 2644 526 2692 init
539 2642 614 2703 dolor,
629 2640 688 2691 sicut
703 2652 746 2689 nec
760 2636 834 2699 aliqua

45 2726 152 2789 'nrmptio3
171 2724 215 2774 sed
231 2719 279 2770 init
292 2715 326 2767 ibi
339 2715 437 2765 maxima
444 2713 591 2779 jucunditas.
601 2726 630 2762 er
641 2713 685 2761 hoc
694 2709 754 2773 quod
767 2708 835 2757 homo

45 2792 84 2844 nus
99 2802 136 2848 est
152 2798 225 2846 natus
244 2791 271 2841 in
289 2788 413 2850 mundum,
431 2784 555 2836 secundum
569 2784 625 2833 iilud
639 2783 711 2836 isai„
728 2778 809 2828 XXXV
827 2790 831 2823 :

66 2948 91 3010 (¹)
105 2955 137 2999 lte
148 2952 188 2997 his
200 2950 272 2995 etiarn
289 2943 352 3004 m,
366 2955 408 3001 qu.
420 2940 475 3001 164,
491 2946 535 2987 art.
545 2939 570 2997 ἰ,
585 2938 613 2984 ad
627 2934 651 2979 3.
