1917 3317
146 225 174 270 et
240 233 349 272 senonen
365 235 493 283 securos,
510 235 604 278 onaan.
621 235 725 283 ccxxxv,
743 235 798 271 sar.
817 215 843 270 ri,

144 309 258 371 latorum,
272 322 301 359 ex
319 321 414 372 quorsom
428 321 525 373 persona
538 309 619 360 dicitur
632 311 652 360 l.
666 310 701 359 od
720 309 791 368 Cor„
806 309 836 359 lv
853 325 860 356 ι
877 303 935 355 «Sic

146 392 189 431 nos
206 379 322 430 existimet
339 382 423 442 bomo,
447 385 472 430 ut
490 382 606 433 ministros
627 382 709 432 Christi
730 386 754 433 et
776 382 936 446 dispensatores

145 451 302 515 mysteriorum
312 452 361 501 liei.
371 467 385 498 o
396 453 424 502 Et
435 452 486 504 ideo
498 466 544 502 non
552 453 687 516 intelligitur
696 453 734 502 illa
746 453 889 503 abscondere
897 450 936 498 lru·

146 528 224 572 menta
233 523 372 586 spiritualia,
384 523 421 574 coi
434 537 480 576 nou
495 525 606 588 mmpetit
618 538 646 574 ex
659 522 745 586 cilicio,
755 536 799 573 uec
809 522 833 573 ei
846 523 861 573 d
875 532 937 584 sope-

144 593 200 642 m'ori
219 593 357 658 iniungitur,
373 595 392 646 si
413 596 441 644 eb
460 594 555 644 aliorum
575 595 713 645 correctione
727 597 766 644 ant
779 592 936 657 gubernatione

145 664 250 714 desistat.
266 666 309 716 Sed
328 665 400 716 solino
418 672 473 716 tnnc
492 666 625 729 intelligitur
646 667 797 726 abscondere,
813 664 936 726 si-dispen·

147 735 257 786 sationem
271 737 384 801 negligat,
394 736 444 786 edm
457 737 479 786 ei
494 751 523 786 ex
531 737 607 787 olticio
618 737 741 800 incumbit,
752 736 788 786 sel
800 736 821 788 si
832 736 937 789 olilcinn,

147 804 198 855 cbm
214 805 236 857 ei
249 807 385 871 injungitur,
402 808 549 872 pertinaciter
558 808 659 872 recipere
673 813 762 858 renuat.
777 807 842 858 Unde
857 810 938 868 liugos·

145 878 207 928 tinus
221 878 283 943 dicit,
295 881 355 930 lllll.
366 882 403 930 Do
416 880 494 931 civit.
513 881 561 929 Dei
570 881 635 944 (cap.
647 879 711 943 lbi:
727 897 741 927 o
751 879 827 929 Otium
840 882 939 930 sanctuni

146 949 226 1012 quaerit
240 952 337 1002 charitas
350 952 467 1014 veritatis3
482 950 597 1014 negotium
609 952 698 1014 justum
711 950 807 1013 suscipit
819 949 938 1001 necessitas

145 1021 269 1072 charitatis.
279 1024 349 1082 Quam
359 1023 470 1072 sarcinam
480 1023 499 1072 si
510 1023 586 1072 nullus
595 1018 702 1086 imponit,
712 1021 867 1086 percipiendae
878 1025 938 1082 atquo

145 1091 260 1142 intuendo
276 1093 402 1142 vacandum
420 1097 453 1143 est
472 1092 577 1157 venuti3
591 1094 610 1143 si
629 1098 705 1143 eutem
721 1093 861 1158 imponitur,
877 1091 941 1143 susci-

146 1163 227 1226 pienda
239 1167 274 1213 est
290 1168 383 1228 propter
395 1165 512 1213 claritatis
525 1165 694 1215 necessitatem.
704 1181 718 1212 »

178 1235 211 1284 lid
222 1239 326 1298 qrrartum
337 1234 466 1298 dicendum,
477 1234 538 1298 qudd
550 1235 608 1284 sicut
617 1236 737 1300 Gregorius
744 1235 799 1286 dicit
810 1235 835 1284 in
846 1237 941 1286 Pastor.

58 1341 63 1352 .
149 1307 215 1369 (part.
228 1307 247 1368 l,
261 1319 311 1370 cap.
322 1305 361 1370 7),
374 1323 387 1354 α
398 1307 478 1368 isaias,
487 1306 527 1370 qui
539 1307 599 1356 mitti
609 1306 689 1367 voluit,
701 1312 753 1356 ante
762 1319 804 1370 per
814 1307 895 1358 altaris
905 1305 942 1356 cal·

146 1377 223 1426 colom
239 1391 264 1428 se
278 1380 397 1440 purgatum
406 1378 478 1440 vidit,
491 1389 521 1427 ne
531 1391 577 1427 non
589 1384 698 1441 purgatus
709 1377 770 1428 adire
778 1378 879 1442 quisque
887 1389 941 1429 saera

146 1447 274 1497 ministeria
294 1447 384 1498 audeat.
399 1448 456 1507 Quia
470 1461 525 1510 ergo
537 1447 605 1498 saldd
623 1448 715 1498 difficile
733 1451 769 1496 est
783 1453 908 1511 purgatum
924 1462 943 1495 so

146 1518 269 1637 gluerrrtlibet
281 1529 349 1581 posse
364 1530 516 1582 cognoscere,
526 1519 695 1584 predicationis
710 1518 810 1569 officinm
820 1520 897 1570 tutius
909 1521 942 1569 de·

167 1601 205 1638 ind
216 1602 252 1638 tlt.
262 1605 276 1635 rr

443 1671 604 1750 seniculus
619 1698 649 1755 n,

186 1819 272 1866 Utrum
286 1819 355 1865 liceat
369 1820 527 1878 episcoporum
537 1821 674 1875 indirectum
683 1820 781 1864 omorioo
794 1833 919 1870 resonare.

180 1946 214 1996 ltd
232 1947 354 1996 secundum
367 1945 400 1996 sio
414 1947 550 2011 proceditur.
562 1946 656 1997 Videtur
666 1946 727 2009 qndd
740 1945 810 1995 liceat
825 1947 946 2012 episcopa-

148 2021 198 2066 tum
211 2016 340 2080 injunctum
358 2017 449 2068 omnino
465 2030 578 2068 recusare.
596 2019 626 2068 Ut
639 2018 701 2068 euim
718 2016 839 2080 Gregorius
855 2019 916 2069 dicit
927 2017 946 2065 'n

149 2089 249 2138 Pastor.
259 2089 334 2151 (part.
346 2089 365 2148 l,
374 2102 395 2138 c.
407 2089 445 2151 7),
456 2101 521 2152 uper
531 2088 629 2138 activam
639 2088 708 2139 mum
719 2089 829 2153 prodesse
838 2090 946 2153 proximis

149 2159 244 2223 cupiens
256 2159 340 2220 Isaiae,
353 2158 630 2222 oibciumpredicationis
644 2160 745 2224 appetit,
759 2173 802 2222 per
809 2161 946 2225 contempla⁴

148 2231 219 2279 ticam
231 2229 284 2280 verb
298 2231 423 2282 Hieremias
437 2231 508 2282 amori
519 2231 729 2282 conditorissedulo
742 2232 854 2282 inbaerere
863 2232 944 2283 deside

149 2313 216 2361 rans,
232 2313 261 2351 nc
275 2301 335 2350 mitti
352 2302 380 2352 ad
395 2302 562 2366 predicandum
576 2303 669 2364 debeat,
684 2301 853 2354 contradicit.»
870 2305 944 2354 Nullo

149 2377 225 2422 antero
239 2376 318 2435 percat
331 2372 350 2422 si
363 2373 456 2424 meliora
470 2373 527 2424 nolit
540 2373 690 2437 desererent
703 2372 779 2423 minbs
791 2373 859 2424 bonis
873 2375 945 2424 iubae

149 2446 207 2492 reat.
225 2441 282 2492 con
298 2456 351 2507 ergo
365 2457 428 2494 arnor
448 2444 489 2494 liei
506 2445 654 2507 praeemineat
668 2443 785 2496 dilectioni
798 2445 915 2507 proximi,
936 2457 945 2493 r

150 2512 200 2561 vita
211 2515 385 2578 contemplativa
398 2515 533 2578 pralerator
543 2515 598 2565 ritae
614 2515 709 2576 activae,
719 2519 743 2563 ut
754 2528 784 2564 ex
801 2513 873 2578 suprir
888 2516 941 2566 dict

148 2587 213 2647 putet
222 2583 254 2648 (l)
259 2622 267 2648 ,
278 2585 370 2636 uidetur
378 2585 438 2650 qubd
449 2599 496 2637 non
507 2590 587 2650 peccat
594 2585 633 2636 ille
640 2587 681 2650 qui
692 2586 783 2641 omnino
793 2585 944 2652 episcopatur

148 2660 247 2706 recusat.
424 2699 430 2721 ,

181 2731 206 2776 2.
217 2730 341 2792 Pretereo,
352 2729 411 2780 siout
420 2728 543 2793 Gregorius
549 2730 604 2780 dicit
611 2729 659 2794 (obi
666 2728 753 2794 sopri),
762 2745 776 2776 (ι
784 2728 852 2780 mide
862 2730 944 2781 difficit

183 2880 217 2941 (l)
232 2883 311 2936 Quoad
324 2884 424 2939 priorem
439 2883 533 2939 quidem
543 2885 693 2941 appendicem
708 2897 737 2930 ex
750 2897 791 2941 qn.
806 2884 853 2944 96,
866 2893 911 2932 art.
931 2888 943 2928 i

153 2945 231 2999 quoad
246 2946 400 3000 posteriorem
414 2947 469 2990 verb
484 2959 513 2990 ex
528 2958 568 3002 qn.
580 2947 633 3006 182,
649 2954 692 3027 art.
707 2947 734 3011 l..
