1917 3317
180 201 331 242 nuscanum
346 202 424 240 nnana
439 202 523 240 anau
538 203 642 242 ouuusm.
763 193 811 240 sto

49 271 282 338 'ilipulaeudiscientiam
302 277 390 329 scilicet
403 279 543 330 inveniendo
556 284 580 331 et
590 279 747 341 addiscendo,
758 293 811 332 mo

54 342 82 389 lus
92 344 121 404 qai
130 351 156 397 ost
165 361 200 412 per
210 347 379 412 inventionem,
389 355 423 400 est
436 351 576 415 praeeipuus‚
588 352 669 404 modos
682 354 759 401 autem
769 351 812 414 oui

49 416 76 458 cst
85 427 115 475 per
123 416 242 483 disciplinam
250 459 257 482 ,
266 429 304 471 est
313 421 470 484 secundanos
484 423 545 472 uude
556 421 638 472 dicitur
646 422 694 472 inl,
707 424 812 474 attic:

49 499 62 564 y«
76 485 105 534 lllc
114 489 185 550 quidem
201 495 234 542 est
245 492 363 556 optimus,
376 493 418 556 qui
429 494 507 544 omnia
519 506 560 557 per
573 493 675 557 seipsum
689 493 810 559 iutelhgit3

50 565 105 605 lcddds
113 563 170 610 amon
179 575 253 614 rursus
266 566 303 614 est
311 562 350 612 illc
366 563 406 626 qui
417 565 477 614 hene
488 564 574 614 dicenti
588 564 672 615 obedit.
690 581 704 612 »
716 565 744 614 Et
757 565 812 617 ideo

49 628 179 694 lluslouagis
188 634 329 698 competebat
343 635 426 684 hahere
443 635 560 686 scientiam
574 635 710 699 acquisitam
721 650 762 700 per
774 637 811 686 in·

49 699 158 763 'illimem
170 719 233 770 quam
246 719 288 770 per
306 706 466 770 disciplinam,
486 708 613 770 praesertim
627 706 680 757 ciam
700 708 750 771 ipse
764 709 806 758 da-

50 773 95 817 selu
109 771 164 826 tileo
176 777 280 826 omnihus
303 775 326 826 io
342 777 470 840 doctorem,
481 777 606 828 secundhm
620 779 677 828 illud
694 777 759 837 dcet,
770 779 806 830 ll:

66 840 189 920 letaniuiin
202 849 299 900 homino
312 849 359 899 lleo
369 852 460 912 vestro,
472 849 527 913 quia
540 848 602 900 dedit
617 849 684 900 vohis
691 850 811 900 [doctorem

55 915 144 966 'anldl'aedd

67 985 91 1032 ld
103 991 208 1041 aemulum
218 990 418 1054 dicendumquhd
431 993 533 1043 humana
542 1005 607 1044 mous
617 992 732 1055 duplicem
740 992 812 1042 hahet

55 1063 141 1117 ‘plectum
155 1077 161 1110 ε
175 1077 244 1112 unum
258 1062 350 1126 quidem
368 1063 397 1112 ad
411 1063 541 1127 superiora3
557 1067 581 1113 et
598 1063 723 1114 secundum
744 1065 808 1113 huuc

49 1135 154 1202 “ssliactun,
166 1135 241 1185 anima
255 1135 341 1185 Christi
358 1133 403 1184 tuit
420 1135 488 1199 plena
507 1148 549 1199 per
560 1133 681 1185 scientiam
694 1133 809 1197 inditam3

51 1206 159 1252 ,21osautem
173 1209 292 1270 respectus
303 1208 355 1270 ejus
366 1209 401 1256 est
415 1207 443 1256 ad
458 1207 581 1268 iuferiora,
598 1206 686 1265 idest,
702 1206 731 1255 ad
740 1207 812 1268 phau-

58 1277 172 1339 snalapun
183 1281 236 1328 suut
247 1281 301 1327 nata
311 1290 402 1328 movero
412 1281 512 1328 montem
522 1279 645 1326 humanam
653 1289 696 1340 per
703 1276 811 1326 virtutem

58 1342 141 1395 ¹allectus
148 1348 242 1411 agentis.
252 1348 358 1412 oportuit
369 1352 444 1398 autem
457 1347 516 1411 qudo
529 1349 600 1399 etiam
611 1345 737 1397 secuudum
748 1348 810 1396 hunc

61 1420 142 1473 specim
151 1419 224 1470 anima
239 1419 325 1470 Christi
340 1420 436 1470 scientia
450 1420 592 1485 impleretur,
609 1431 655 1468 uon
671 1417 723 1480 quia
738 1418 812 1480 prima

60 1485 130 1538 coitudo
142 1493 207 1542 manti
223 1493 332 1542 humanae
350 1504 396 1542 non
416 1491 531 1541 sufficeret
550 1489 675 1541 secundhm
694 1488 812 1552 seipsam,

50 1555 69 1600 nl
83 1560 179 1618 oportebat
195 1575 246 1614 eam
259 1561 340 1628 perfici
357 1563 427 1614 ctiam
439 1564 567 1614 secundum
578 1557 772 1624 comparationem
783 1559 814 1610 ad

49 1633 175 1683 inclamata,

62 1700 89 1747 ,td
104 1703 182 1754 tardum
198 1705 336 1765 dicendum,
349 1703 411 1768 quod
424 1705 468 1754 alia
485 1704 542 1754 ratio
553 1705 588 1754 est
600 1703 629 1753 da
641 1701 722 1752 hahita
734 1701 814 1766 acqui-

49 1783 79 1829 c,
89 1777 107 1822 et
119 1776 143 1824 de
155 1777 233 1826 habitu
246 1775 333 1826 infuso,
345 1777 402 1826 Nam
417 1775 510 1826 habitus
522 1775 626 1825 scientim
639 1773 763 1837 acquiritur
771 1785 813 1836 per

59 1847 198 1904 ¹rip-arationem
210 1849 319 1898 humanae
331 1847 457 1898 mentisad
467 1849 642 1910 phantasmata3
655 1845 717 1894 unde
731 1858 815 1894 secun·

49 1927 75 1959 ‘aad
85 1919 176 1968 eamdem
184 1918 298 1969 rationem
309 1931 355 1968 non
364 1921 442 1982 potest
451 1918 510 1967 alius
520 1917 614 1967 habitus
623 1915 706 1966 iterato
717 1914 812 1978 acquiri.

60 1985 69 2031 l
83 1987 161 2039 habitus
175 1989 277 2040 scientiae
289 1988 371 2040 inlusae
383 1993 419 2039 est
432 1988 525 2038 alterius
537 1988 639 2050 rationis,
652 1986 731 2050 utpote
745 1986 757 2035 'a
770 2000 818 2036 ou·

61 2058 101 2106 :icd
119 2061 260 2112 descendens
276 2059 302 2109 in
320 2060 420 2109 animam
435 2073 482 2110 non
500 2057 625 2110 secundiam
645 2057 815 2122 proportionem

67 2136 200 2184 incasualem.
213 2134 244 2184 Et
261 2133 315 2184 ideo
333 2145 379 2182 non
398 2136 434 2182 est
453 2132 533 2182 eadem
545 2130 603 2180 ratio
619 2130 647 2180 de
661 2133 757 2192 utroque
772 2129 817 2178 ha-

61 2215 82 2246 h.

300 2473 468 2544 QUAESTIO
486 2474 522 2538 X.

59 2615 83 2658 lle
92 2622 180 2669 scientio
195 2623 265 2668 heato
280 2621 370 2665 animm
384 2619 492 2670 Christi,
507 2620 536 2664 to
549 2622 655 2677 quotuor
667 2620 787 2664 articulos

370 2690 460 2736 diuiso.

65 2839 131 2894 ilcindc
143 2844 336 2898 considerandum
350 2846 386 2894 est
400 2843 428 2894 dc
450 2843 552 2908 qualibet
568 2844 726 2908 predictamm
740 2840 821 2890 scien-

49 2925 110 2963 amn.
127 2915 167 2970 Sed
183 2918 239 2982 quia
255 2917 284 2968 de
303 2914 399 2966 scientia
420 2915 499 2967 divina
517 2915 601 2966 dictum
617 2916 653 2964 est
667 2913 695 2962 in
712 2912 731 2961 l.
750 2913 820 2974 parte
