1917 3317
155 220 188 259 on
202 222 281 261 onom
297 224 436 263 murormurn
451 226 574 273 rnssronrs
590 229 696 267 cunrsrr.
780 224 825 271 8⁷³

38 310 90 357 sse,
102 296 162 360 qndd
175 298 287 353 innocens
302 301 402 365 passioni
416 305 439 353 et
452 302 522 353 morti
534 305 646 356 tradatur.
664 308 708 359 Sed
720 308 780 360 siunt
790 311 826 362 di-

38 370 82 419 itur
94 370 211 433 neuter„
221 372 319 435 XXXll,
335 390 349 421 u
368 374 429 425 lions
444 374 519 427 ndens
533 378 557 425 et
575 377 660 441 absque
678 380 725 431 nlla
739 382 827 448 iniqni-

38 446 106 565 ¹gerii»
122 443 181 507 Ergo
201 444 316 496 Christum
339 446 488 498 innocentem
507 460 554 499 non
573 450 664 501 tradidit
681 453 783 516 passioni
801 461 825 507 st

50 592 76 635 2.
92 588 217 653 preterea,
232 602 278 641 non
289 588 380 640 ridetur
393 590 454 655 qndd
473 592 556 657 aliquis
569 591 583 643 i
595 594 671 659 seipso
690 598 714 647 et
732 599 761 648 ab
781 599 825 651 alio
921 591 922 600 ¹

41 660 88 709 orti
104 661 214 710 tradatur.
234 661 277 711 Sed
296 661 398 713 Christus
412 662 506 713 tradidit
523 664 673 727 semetipsum
685 681 726 733 pro
744 670 822 733 uobis,

42 730 145 783 uuudbm
163 733 221 795 quod
241 732 323 783 dieitur
343 735 416 799 Inui„
439 736 490 787 Llll
507 752 514 785 z
532 737 660 788 «Tradidit
682 738 707 789 in
727 746 825 793 mortem

38 806 120 853 rimam
130 816 202 854 snam.
216 820 229 852 n
242 805 293 855 Non
307 818 360 869 ergo
374 806 466 859 ridetur
479 806 540 871 qnbd
554 810 615 859 bens
628 810 695 861 Pater
708 824 761 863 enm
775 816 824 865 tra-

41 876 110 927 derit.
206 922 208 931 r

49 954 72 998 3.
90 950 202 1001 Praeterea
209 986 219 1013 ‚
237 950 309 1001 ludas
323 950 464 1014 vituperatur
477 965 507 1002 ex
523 964 550 1003 eo
565 952 627 1017 qnbd
640 953 733 1005 tradidit
746 956 825 1010 curis-

41 1034 68 1068 rn
85 1020 173 1074 ludaeis
185 1058 192 1083 ‚
206 1020 331 1071 secundnm
348 1020 404 1073 illud
421 1024 505 1079 loom,
522 1022 552 1073 vt
572 1038 579 1072 z
600 1040 615 1071 u
628 1024 691 1074 linus
708 1040 737 1076 er
757 1030 824 1080 vobis

41 1093 122 1143 obolus
137 1096 188 1154 est3
199 1108 213 1139 n
224 1092 283 1157 qnod
292 1092 381 1143 dicebat
393 1097 486 1157 propter
497 1094 589 1157 ludam,
598 1096 638 1158 qui
652 1108 704 1147 eum
714 1103 764 1149 erat
777 1103 822 1151 tra-

41 1170 115 1213 turus.
129 1162 238 1215 Similiter
248 1162 317 1215 eiiam
327 1162 485 1227 vituperantur
496 1165 576 1229 iudai,
595 1166 636 1229 qui
649 1180 702 1217 eum
716 1171 822 1224 tradide-

42 1240 67 1285 ut
81 1235 176 1298 Pilato,
187 1234 312 1285 secundnm
321 1236 379 1299 quod
395 1235 444 1299 ipse
458 1236 527 1299 dicit,
536 1237 619 1298 toan,
636 1238 724 1291 Xlllll:
738 1258 752 1289 u
762 1244 823 1300 Gens

39 1322 50 1357 a
66 1313 91 1359 et
102 1307 226 1371 pontifices
238 1304 271 1355 tui
284 1306 427 1357 tradiderunt
436 1311 458 1359 te
468 1307 535 1357 mibi.
546 1325 560 1354 u
570 1307 657 1360 Pilatus
667 1311 736 1360 etiam
748 1317 821 1365 utra·
871 1369 873 1376 ,

38 1379 71 1427 dit
83 1378 165 1442 ipsum
178 1380 205 1426 ut
218 1376 403 1441 crucifigeretur,
416 1393 429 1425 n
446 1382 471 1428 ut
484 1379 581 1429 babetur
595 1380 679 1431 donnu
697 1382 758 1434 XlX.
771 1386 822 1437 Non

39 1454 142 1501 tantem
156 1448 301 1513 participatio
316 1449 412 1514 justitie
430 1464 482 1500 eum
498 1450 635 1518 iniquitate,
652 1456 678 1505 ut
698 1454 779 1506 dieitur
792 1459 820 1508 ll.

38 1522 47 1569 l
68 1524 144 1579 Cor„
162 1521 200 1571 Vl.
217 1521 274 1584 Ergo
291 1520 380 1571 videtur
393 1520 454 1585 qnod
474 1522 535 1573 Dens
553 1523 622 1574 Pater
639 1537 686 1576 non
704 1527 823 1580 tradiderit

38 1595 133 1644 rristnm
149 1591 263 1656 passioni.

41 1668 84 1716 Sed
104 1666 189 1716 eontra
207 1668 242 1715 est
249 1700 258 1727 ‚
273 1664 334 1728 qnod
352 1662 435 1715 dieitur
446 1667 527 1723 Rom„
542 1668 592 1717 Vlll
608 1682 613 1716 :
631 1669 749 1733 «Proprie
761 1671 821 1724 Filio

39 1754 51 1789 o
73 1750 125 1789 non
154 1736 258 1799 pepercit
280 1736 357 1797 neus,
381 1734 421 1786 sed
441 1749 484 1801 pro
503 1738 568 1789 nobis
593 1739 700 1790 omnibns
721 1742 819 1794 tradidit

38 1826 82 1861 um.
96 1825 116 1856 l)

45 1882 213 1946 (Cononnsro.
228 1906 259 1919 -
278 1879 378 1931 tradidit
396 1881 455 1931 bens
476 1882 543 1931 Pater
562 1880 679 1933 Christum
698 1882 818 1949 passioni,

40 1950 192 2004 nordinundo
205 1951 278 2016 ipsum
290 1964 331 2015 pro
344 1953 438 2001 humaui
450 1952 541 2015 generis
552 1952 686 2004 liberatione
696 1954 757 2018 pati,
768 1960 821 2005 tan·

38 2040 102 2089 mque
120 2023 258 2073 charitatem
270 2023 303 2073 illi
316 2022 470 2087 infundendo,
485 2028 510 2074 nt
526 2024 576 2088 pati
587 2024 669 2089 vellet,
681 2030 705 2075 et
717 2027 793 2089 ipsum
805 2027 820 2078 d

41 2100 123 2149 ssione
137 2108 186 2147 non
200 2095 326 2157 liberando,
342 2096 381 2145 sed
395 2096 583 2160 persequentibus
593 2099 754 2161 exponendo.)

44 2169 187 2235 despondeo
196 2166 325 2227 dicendum,
335 2164 396 2229 qubd
408 2166 467 2217 sient
476 2165 562 2217 dietum
571 2172 615 2228 est,
627 2168 731 2219 cbristus
738 2183 819 2233 pessus

39 2250 45 2289 t
57 2236 193 2291 voluntarie
204 2250 234 2287 err
245 2237 375 2289 obedientia
390 2236 472 2288 Petris.
485 2238 549 2289 Unde
565 2239 691 2290 seenudirm
702 2240 745 2291 tria
758 2242 819 2293 Deos

38 2318 74 2363 der
88 2310 189 2364 tradidit
202 2309 318 2360 Christum
335 2308 452 2373 passioni:
471 2321 516 2359 nno
530 2310 623 2373 quidem
639 2313 722 2375 modo,
737 2326 819 2363 sennu-

38 2402 62 2435 uu
72 2384 136 2451 qubd
152 2379 411 2433 suiaeterndvoluutute
423 2380 585 2441 preordinavit
595 2383 726 2446 passionem
735 2384 820 2435 Christi

38 2498 39 2504 ,
53 2454 150 2507 bomani
169 2452 262 2515 generis
275 2452 444 2512 liberationem,
459 2452 585 2503 secundnm
595 2454 651 2503 illud
661 2456 721 2517 qnod
734 2454 818 2505 dicitnr

39 2532 81 2590 ul,
93 2528 145 2581 Llll
158 2542 166 2577 ι
186 2542 199 2573 u
214 2524 323 2575 Dominus
336 2525 413 2589 posuit
423 2525 446 2575 in
457 2538 485 2575 eo
497 2524 641 2589 iniquitatem
653 2526 755 2576 omnium
766 2540 819 2577 nos-

40 2600 82 2663 iur3
95 2617 109 2647 u
128 2603 155 2651 et
168 2597 272 2647 iterum:
289 2612 303 2642 u
313 2594 421 2644 bomiuus
435 2594 509 2645 uoluit
522 2601 640 2646 conterere
653 2609 705 2645 eum
716 2593 741 2642 in
755 2595 820 2646 infir·

39 2674 121 2723 itate.»
139 2666 265 2730 seeundo,
279 2667 304 2717 in
319 2669 429 2730 quantum
446 2666 566 2729 inspirarit
585 2666 607 2718 ei
620 2668 761 2717 voluntatem
780 2681 819 2731 ps-

38 2745 79 2791 uuli
102 2754 147 2807 pro
173 2738 258 2801 nobis,
276 2737 418 2788 infundendo
439 2737 461 2787 oi
483 2738 634 2799 ebaritatem;
657 2737 716 2787 unde
734 2736 819 2789 ibidem

45 2814 113 2876 poitur
126 2828 134 2864 ε
153 2828 169 2859 u
186 2810 280 2862 obrutus
298 2812 332 2860 esi
346 2808 400 2872 quia
413 2809 465 2873 ipse
476 2808 559 2860 noluit.
572 2826 587 2857 n
601 2806 695 2868 Tertio,
706 2820 753 2857 non
766 2822 820 2872 pro·

38 2888 108 2949 pende
124 2896 181 2937 eum
190 2881 204 2931 b
212 2881 336 2946 passione,
347 2880 386 2932 sed
398 2882 534 2946 exponendo
545 2877 746 2947 persequentibus;
757 2880 818 2931 unde

48 2956 133 3024 luitur
143 2950 437 3021 manuninum
446 2953 550 3023 nornen
560 2949 818 3015 nemorumn-
