1917 3317
258 213 288 249 ns
303 210 449 253 swnnsrouu
464 212 568 253 cmm.
757 207 819 255 tuos

49 292 72 337 ι.
93 287 220 348 praterea,
236 300 306 353 super
325 300 406 339 onnes
417 289 488 339 coelos
501 302 548 341 non
560 292 597 341 est
610 290 692 355 aliens
702 291 780 356 iocus,
795 298 822 345 ut

36 360 124 410 robatur
132 360 158 410 in
168 361 186 410 t.
199 360 236 411 De
252 360 320 410 coelo.
335 360 379 410 Sed
389 372 458 411 omne
468 374 551 425 corpus
561 365 652 426 oportet
660 376 712 415 esse
723 366 748 417 in
759 367 819 419 loon.

39 446 75 489 rao
85 444 169 497 oopus
181 431 268 481 Christi
280 445 325 483 non
339 430 444 481 aseendit
463 445 534 496 super
544 444 624 483 omnes
637 434 714 485 contos

49 508 71 553 a.
86 505 212 565 preterca,
230 504 274 555 duo
285 515 383 567 corpora
397 516 444 554 non
454 507 613 567 possontesse
625 504 650 554 in
663 507 745 558 eodem
760 509 821 564 loco.

34 574 73 621 :hur
83 576 153 638 igitur
164 588 211 625 non
223 574 253 625 sit
261 574 373 625 transitus
386 574 415 624 de
424 580 528 625 extremo
538 575 564 625 in
573 576 710 640 extreman,
720 578 768 630 nisi
780 595 822 646 per

33 644 126 705 redium,
138 644 232 695 ridetur
243 643 304 708 quid
316 644 420 695 Christus
431 658 478 695 non
492 644 603 708 potuisset
614 647 739 699 ascenden
751 663 821 714 super

34 728 94 764 noes
112 715 198 775 custos,
209 715 256 766 nisi
272 714 355 765 cetuna
374 714 526 778 diuideretur;
538 716 601 779 qaod
616 720 653 766 est
669 717 819 782 impossihile.

49 789 70 834 t.
90 788 220 849 Praeterea,
235 786 317 837 dieitur
332 788 399 841 Act..
420 788 446 847 1,
460 785 521 849 quhd
536 804 550 834 ι
564 786 638 837 nunes
649 789 752 853 suscepit
767 804 820 843 euur

34 858 45 903 h
58 858 127 909 ocutis
141 870 230 910 eornm.
246 874 260 905 u
275 857 319 908 Sed
330 858 403 909 unhes
415 869 463 908 nou
477 861 573 921 possunt
583 858 669 909 elevari
683 874 751 926 super
768 876 819 914 ose-

32 942 70 977 rn.
90 931 150 993 Ergo
169 929 275 979 Christus
289 942 335 979 nou
349 928 450 981 assentit
460 942 621 993 superonues
631 932 700 981 ooetos

48 1004 68 1047 t.
82 1003 211 1064 preterea,
224 999 256 1051 ihi
269 999 380 1049 crethmos
393 999 510 1049 Christum
527 999 701 1063 inperpetuum
713 1016 819 1067 perman-

34 1086 101 1135 urunr,
113 1072 161 1135 qud
175 1070 286 1123 ascendit.
298 1072 345 1121 Sed
357 1072 416 1133 quod
431 1074 510 1121 contra
519 1075 623 1121 ιιιιιιιιιιιι
632 1076 676 1131 est,
685 1086 733 1124 uon
742 1078 819 1138 potest

33 1156 64 1191 se
77 1143 258 1208 sempiternum
271 1142 324 1206 quia
337 1142 361 1193 id
377 1143 437 1205 quod
456 1147 493 1191 est
511 1142 636 1193 meunddrn
649 1148 769 1207 naturam,
782 1150 819 1197 est

32 1226 39 1259 r
59 1214 174 1275 pluribus,
189 1217 212 1265 et
232 1218 259 1263 ιιι
272 1214 424 1277 frequentius.
433 1212 490 1262 Ciani
507 1226 561 1276 ergo
577 1217 656 1265 contra
670 1219 775 1267 naturam
788 1218 819 1270 sit

32 1287 101 1349 orpori
113 1290 208 1337 terreno
218 1298 271 1337 esso
279 1284 348 1350 sopri
359 1285 456 1345 coetum,
467 1283 557 1335 ridetur
566 1285 627 1349 quhd
637 1299 721 1350 corpus
733 1288 819 1339 Christi

32 1356 80 1419 rprt
93 1358 178 1408 ooelum
195 1370 243 1410 nou
257 1356 393 1409 escenderit.

47 1428 87 1479 Sed
100 1433 183 1481 contra
200 1430 318 1493 est,quod
326 1428 410 1479 dicitur
419 1428 526 1491 Epiros,
538 1428 568 1478 111
582 1442 589 1476 ε
602 1444 616 1477 s
629 1426 739 1477 Ascendit
751 1442 819 1494 super

33 1502 191 1560 missitatos,
211 1504 237 1551 ut
250 1500 384 1564 adimpleret
393 1499 478 1551 omnia.
493 1516 508 1546 s

50 1572 248 1631 (Coresusro.-
256 1572 312 1623 Char
321 1586 403 1635 corpus
416 1570 502 1623 Christi
511 1570 634 1632 gloriosum
647 1571 817 1634 perfectissimo

32 1644 79 1694 rodo
107 1644 211 1695 diuinam
235 1642 406 1708 participaverit
426 1642 563 1703 honitatem,
591 1641 667 1692 decuit
691 1645 718 1691 ut
748 1656 819 1708 super

33 1728 91 1766 ures
107 1716 180 1767 coelos
196 1714 346 1778 elevaretur.)

45 1786 180 1853 despondeo
202 1788 341 1848 dicendum,
360 1785 420 1850 qudd
434 1784 522 1850 quanto
534 1784 610 1848 aliqua
620 1796 717 1847 corpora
728 1788 818 1850 mutec-

36 1872 58 1907 us
72 1860 213 1923 participant
227 1858 351 1910 bonitatem
361 1856 461 1907 divinum
470 1892 479 1919 ‚
489 1854 554 1906 tantd
571 1858 625 1905 sunt
637 1854 754 1919 superiora
767 1870 818 1908 cor·

33 1930 82 1979 orati
100 1930 192 1991 ordini,
207 1930 247 1994 qui
267 1933 303 1979 est
316 1930 371 1980 ordo
384 1928 471 1979 localis.
488 1928 554 1978 Unde
568 1926 671 1976 udonus
686 1925 747 1989 quot
762 1941 818 1978 cor-

33 2012 67 2049 ora
82 2016 134 2066 quaa
148 2004 203 2052 sunt
215 2000 288 2063 magis
299 1997 418 2059 tormalia,
434 2002 488 2047 suut
500 1996 635 2048 actualiter
643 1997 774 2061 superiora,
790 2002 817 2048 ut

33 2076 74 2122 atet
89 2088 132 2138 per
150 2073 316 2136 Philosophum
333 2071 359 2121 iu
379 2070 417 2119 tv.
439 2070 549 2132 Physie..
564 2071 588 2119 et
610 2068 635 2117 in
653 2069 683 2119 11.
702 2070 739 2117 De
756 2068 816 2119 coeto

34 2146 86 2194 tert.
102 2150 132 2195 au
142 2143 160 2208 );
175 2157 216 2207 per
230 2144 325 2194 tornum
338 2141 399 2193 enim
408 2140 587 2203 mumquodpue
596 2150 680 2201 eorpus
692 2137 817 2202 pactidpet

33 2214 114 2267 irinum
134 2228 202 2275 esse,
215 2218 242 2264 ιιι
261 2216 326 2277 patet
343 2212 368 2263 iu
381 2212 480 2275 Physic.
505 2213 573 2271 (text.
593 2213 622 2259 81
634 2208 656 2272 ).
670 2211 726 2260 Plus
738 2214 815 2262 autem

33 2286 132 2353 urticipat
144 2290 173 2339 de
185 2287 263 2337 diviua
275 2284 376 2335 houihte
389 2297 472 2346 eorpus
485 2296 527 2346 per
539 2281 649 2345 gloriam,
661 2280 728 2344 quam
743 2284 816 2345 quod-

33 2372 108 2422 amque
122 2372 207 2422 corpus
219 2356 321 2407 naturale
333 2368 375 2419 per
388 2356 482 2405 formem
493 2367 540 2404 sna
551 2357 647 2404 natura.
659 2352 689 2403 Et
699 2353 759 2403 inter
772 2367 817 2404 ce·

33 2441 59 2477 rra
79 2442 175 2495 corpora
197 2428 310 2492 gloriosa,
331 2423 476 2475 manifestum
491 2428 527 2474 est
542 2423 604 2487 qndd
628 2437 711 2486 oorpus
732 2421 818 2474 Christi

33 2501 93 2563 rajori
114 2501 216 2564 retutget
236 2499 315 2564 glorie.
333 2498 398 2548 Unde
412 2495 657 2547 convenientissimum
671 2498 706 2544 est
722 2493 745 2545 ei
758 2492 817 2558 quhd

33 2572 45 2619 t
59 2586 127 2638 supra
141 2572 220 2624 omnia
235 2582 328 2635 corpora
345 2568 498 2619 constitutum
510 2569 535 2619 in
549 2568 604 2619 aito.
623 2568 652 2617 Et
669 2566 735 2629 ideo,
750 2580 818 2631 saper

35 2642 67 2693 iud
83 2646 192 2712 Ephes,
205 2643 238 2695 lv
251 2658 257 2692 :
273 2658 287 2691 ιι
298 2640 430 2692 Αιοιιιάθιιι
446 2640 470 2689 in
486 2640 567 2702 altum,
582 2654 596 2685 n
611 2637 666 2689 dicit
678 2638 759 2690 Clusa
773 2637 818 2702 ιίιι·

33 2716 100 2779 utin.)
117 2733 122 2767 :
139 2734 153 2766 ιι
168 2716 230 2769 Loco
241 2718 264 2765 et
277 2712 422 2777 dignitate.»

35 2880 91 2977 une3
104 2872 129 2927 ¹t
143 2878 169 2917 ot
181 2868 273 2915 Contra
284 2868 363 2925 Ceut,
374 2866 416 2913 dih.
431 2868 474 2925 tv,
490 2877 545 2923 esp.
559 2863 604 2917 8⁷;
620 2868 643 2908 et
658 2863 758 2921 opusc„
774 2864 814 2922 vt,

33 2942 65 2987 ap.
95 2968 100 2981 ,
