1917 3317
289 184 322 220 nn
337 182 406 221 nono
420 182 528 221 nerone
763 176 812 225 m

44 267 77 300 rus
95 259 216 309 mmmm
233 262 277 309 est.
291 274 308 305 o
320 259 431 309 Similiter
443 259 512 310 etiem
527 272 575 311 uon
586 260 661 323 potuit
673 261 758 311 amomi
769 264 813 312 hu-

43 342 55 371 r
63 340 99 373 ma
110 332 172 377 natura
184 329 197 379 l
208 330 264 380 Filio
275 330 329 392 Dei,
339 331 464 380 secundum
477 332 539 393 quod
553 333 621 381 estin
638 332 755 383 intellectu
775 334 812 383 di-

44 398 145 459 ‘xnuzouia
157 400 186 450 sic
197 402 251 451 nihil
259 402 321 451 aliud
332 406 367 451 est
380 402 448 460 uuam
462 406 543 452 nature
556 403 633 452 lirina
644 441 650 466 ,
661 408 685 453 et
698 418 739 467 per
750 406 812 455 hunc

49 469 114 517 rotun
124 470 149 519 ab
160 476 236 523 aterno
247 477 310 523 esset
321 473 346 522 iu
358 473 418 523 Filio
427 474 468 523 liei
482 474 581 523 humana
595 479 684 524 natura.
700 476 814 527 Similiter

57 556 75 587 n
97 545 183 593 mareuil
195 545 268 595 dicere
282 544 344 607 quud
354 546 425 595 Filius
438 546 479 595 Dei
493 547 615 609 assumpsit
631 548 754 596 humanam
769 562 813 598 na-

57 626 112 673 rum,
123 622 179 677 nont
194 625 228 667 est
242 617 268 665 in
281 616 401 667 intellectu
419 620 534 679 humanm
547 619 601 681 quia
616 620 659 668 hoc
678 620 735 667 nltil
749 621 811 671 aliud

48 689 91 731 «el
102 686 152 745 quim
168 689 227 752 quod
241 689 408 750 intelligeretur
425 702 542 739 assumere
558 694 661 739 naturam
675 692 809 739 humanam.

73 755 135 816 sicci
149 774 191 810 mn
206 766 336 809 assumeret
354 773 405 809 eam
420 761 447 809 in
462 774 537 811 rerum
556 767 651 823 natura,
666 767 727 811 esset
742 762 810 811 intel·

59 833 97 875 tus
107 830 174 894 latum
188 846 233 883 nec
245 836 309 881 esset
323 831 384 881 aliud
396 832 437 881 ista
453 837 540 883 naturae
550 834 656 883 humanm
671 834 810 897 assumptio,

52 914 88 946 mn
99 902 146 953 fictio
157 905 261 967 quaedam
280 904 459 965 luminationis,
475 909 502 953 nt
516 906 666 955 Damasceuus
681 906 742 955 dicit.

59 973 83 1019 ll
94 977 175 1034 uiuum
187 990 243 1039 ergo
257 975 393 1037 dicendum,
407 976 468 1039 qnod
482 976 554 1026 Filius
567 977 607 1025 Dei
622 978 762 1040 incarnatus,
774 983 811 1029 est

59 1045 133 1096 ‘ononis
151 1048 256 1097 omnium
281 1048 398 1107 Salvator,
414 1061 460 1097 non
483 1048 645 1097 communitate
667 1051 757 1111 generis
775 1052 812 1101 rel

48 1117 111 1176 ml,
123 1133 167 1181 que
181 1118 425 1169 attribuiturnaturae
443 1120 472 1169 ab
490 1120 613 1168 individuis
626 1125 749 1183 separatae,
771 1124 811 1172 sed

62 1191 164 1240 inirritate
176 1204 272 1252 causae3
288 1194 357 1253 prout
368 1190 440 1239 Filius
454 1191 495 1240 ltei
507 1190 654 1253 incamatus‚
668 1195 704 1241 est
719 1192 813 1243 uuiver-

84 1274 141 1310 causa
156 1264 239 1313 salutis
252 1264 372 1311 humanae.

56 1332 79 1377 ul
92 1336 205 1384 secundum
217 1334 357 1393 dicendum,
373 1333 432 1395 qnod
444 1348 491 1397 per·
502 1348 527 1381 se
543 1336 616 1382 tomo
632 1347 678 1383 non
694 1334 813 1385 invenitur

62 1416 124 1453 rerum
139 1413 234 1466 nutura,
250 1407 285 1455 ita
299 1405 362 1468 quod
375 1404 405 1453 sil
417 1409 499 1469 praeter
513 1405 644 1467 singularia,
658 1410 683 1453 ut
701 1407 811 1457 Platonici

51 1482 141 1538 cerunt,
155 1478 265 1541 quamvis
277 1476 373 1540 quidam
389 1476 464 1524 dicant
477 1476 537 1535 ‹ruorl
554 1479 620 1525 Plato
632 1490 678 1526 non
697 1478 813 1527 intellexit

59 1559 119 1595 mem
131 1553 261 1613 separatum
271 1561 341 1608 esse,
353 1547 397 1596 nisi
410 1548 435 1596 in
447 1548 565 1597 intellectu
578 1548 665 1598 divino.
678 1550 707 1596 Et
717 1549 749 1597 sic
761 1562 807 1597 uon

62 1621 168 1683 scultella
183 1618 466 1681 assumeretur'avemm
478 1618 530 1669 curn
546 1620 575 1669 ab
594 1623 679 1669 eterno
695 1620 718 1669 ei
733 1620 811 1669 allue-

51 1762 73 1807 ll
86 1763 169 1813 tertium
177 1764 319 1824 dicendum,
331 1761 391 1825 qnod
399 1762 504 1825 quamvis
517 1766 597 1812 natura
606 1764 707 1811 humana
718 1776 763 1811 nou
778 1761 808 1811 sit

44 1839 117 1895 -mmta
128 1835 152 1884 in
165 1839 294 1896 melereto,
308 1838 335 1883 nt
348 1834 492 1897 suppositum
506 1834 694 1897 praeintelligatur
706 1847 809 1898 assump-

53 1920 71 1951 ·r.
81 1907 111 1955 sic
123 1912 198 1956 tamen
209 1910 330 1970 mumpla
340 1911 377 1957 est
388 1907 414 1954 in
427 1906 576 1965 indiuiduo,
586 1906 639 1969 quia
651 1911 764 1969 assumpta
773 1909 811 1955 est

51 1983 73 2022 x:t
83 1978 103 2026 in
116 1978 247 2030 individuo»

307 2092 468 2145 numeneus
480 2094 510 2143 V.

65 2219 104 2263 aim
120 2220 199 2265 filies
213 2220 262 2265 Dei
277 2223 396 2263 naturam
410 2218 541 2262 cumanam
555 2230 675 2263 assumere
690 2217 797 2263 debuerit

258 2283 406 2327 inomnitree
415 2282 553 2326 indiuiduis.

54 2409 178 2472 ‘'qnmtnm
190 2411 226 2460 sic
240 2410 374 2474 proceditur
382 2409 428 2470 (ll.
443 2408 538 2458 Videtur
549 2408 608 2472 quod
622 2407 697 2457 Filius
711 2407 751 2455 liei
762 2408 812 2455 liu-

55 2494 93 2529 ‘m
110 2488 216 2532 naturam
233 2494 353 2532 assumere
374 2480 479 2531 debuerit
498 2481 523 2529 in
543 2480 650 2530 omnibus
673 2478 808 2529 individuis.

64 2589 68 2596 .
84 2556 140 2603 euim
153 2556 215 2617 quod
229 2554 305 2618 primo
318 2559 343 2603 et
357 2567 400 2617 per
413 2566 439 2602 se
449 2557 592 2615 assumptum
609 2554 662 2612 est,
677 2554 713 2599 est
729 2553 809 2599 natura

72 2637 109 2672 «m,
127 2627 171 2676 Sed
189 2626 256 2689 qnod
271 2626 379 2675 convenit
395 2636 477 2687 perse
499 2622 567 2672 alicui
586 2625 676 2672 nature
686 2656 693 2679 ,
705 2621 812 2669 convenit

71 2695 110 2745 ⁴'mn
120 2698 145 2747 in
162 2699 249 2748 eadem
261 2701 344 2746 natura
359 2695 524 2746 existentibus.
539 2695 599 2757 Ergo
613 2688 756 2742 conveniens
770 2690 814 2739 fnit

65 2846 78 2888 i'
92 2852 118 2894 lte
128 2853 161 2898 tie
171 2854 248 2899 etiam
258 2850 339 2912 supra,
351 2863 394 2908 qn.
406 2850 431 2910 2,
447 2855 490 2896 art
502 2848 557 2902 teet
566 2850 617 2907 111,
632 2846 713 2891 seer„
725 2841 778 2884 ‘¹1⁸‘-
789 2841 814 2898 θ’

49 2929 62 2949 ..
72 2910 86 2959 ¹.
99 2917 175 2975 arcs,
185 2914 330 2975 quam
346 2915 371 2961 t.
554 2956 557 2964 ,
