1917 3317
185 132 215 167 nr
231 129 365 178 ourmrsrs
381 130 474 171 osursrr
491 133 662 171 morsurus.
780 124 825 174 967

38 216 57 256 a.
73 209 216 270 Praeterea,
232 219 314 271 corpus
327 207 416 259 Christi
426 208 540 270 integrum
552 209 692 275 resurrexit,
706 210 767 261 sicot
776 210 825 260 dic-

40 283 103 330 rcst
119 276 187 343 (art.
201 279 243 343 a).
264 280 310 331 Sed
322 284 432 343 apertura
447 278 568 330 vulnerum
583 281 749 333 contradantur
764 282 827 332 iute-

44 350 81 399 ati
96 348 228 414 corporis,
243 348 296 413 quia
310 364 349 415 par
358 364 398 401 eas
411 349 592 401 discontinnatur
602 364 695 415 corpus.
708 354 759 403 Non
769 364 823 415 ergo

39 426 95 469 mur
113 422 195 471 fuisse
215 422 355 475 conveniens
372 420 433 485 qnod
454 422 478 471 in
500 434 595 487 corpore
610 423 695 475 Christi
713 427 826 488 aperturas

43 506 139 541 aarum
157 496 311 553 remanerent,
321 494 365 545 cisi
381 498 529 545 remanerent
545 493 577 544 ibi
590 495 694 558 quedam
707 496 827 545 rainerum

39 564 128 627 Agnis,
150 578 204 629 que
221 566 365 617 sufficiebant
386 568 413 631 ad
437 574 570 631 aspectum,
591 568 619 617 ad
641 580 710 630 quem
730 568 827 619 Thomas

41 636 125 701 didit,
141 635 180 686 cri
197 636 349 692 dictumest:
367 652 381 685 u
395 636 453 697 Quia
468 637 547 688 vidisti
562 652 617 701 me,
633 637 737 703 Thema,
754 637 827 689 credi-

41 709 69 757 ti.
85 725 101 757 >r

38 785 60 827 3.
79 782 225 843 Praeterea,
239 782 392 831 Damascenus
406 780 462 831 dicit
475 779 501 831 in
514 780 554 831 iV.
569 780 609 832 lib.
613 818 621 845 ,
633 779 693 846 qubd
706 786 779 847 «post
791 796 826 833 re·

44 852 185 903 rectionem
198 852 225 903 de
241 852 334 903 Christo
348 852 454 906 dicuntur
467 853 571 917 quadam
582 852 646 913 rere,
660 868 711 916 que
725 866 772 906 non
785 856 826 906 ira·

38 924 55 970 it
78 924 217 975 secundnm
233 928 350 985 naturam,
369 924 409 976 sed
425 922 553 977 secundnm
574 925 784 989 dispensationem,
798 928 826 979 ad

38 996 192 1046 ‚tidcandnm
205 996 267 1061 pubd
280 996 354 1061 ipsum
365 996 425 1061 quod
438 1010 532 1063 passum
541 1000 578 1047 est
590 1010 680 1061 corpus,
693 998 825 1060 resurrexit,

52 1066 223 1119 cicatrices.»
244 1069 354 1121 Cessante
371 1072 449 1119 autem
468 1068 537 1119 causa
550 1068 748 1120 cessat'etiectus.
768 1071 827 1133 Ergo

39 1139 103 1188 tetur
123 1138 187 1204 qnbd
200 1140 331 1192 certificatis
345 1140 463 1205 discipulis
477 1141 506 1192 de
520 1155 562 1192 sua
575 1141 751 1204 resurrectione,
766 1143 826 1191 cica-

40 1224 80 1260 res
93 1210 196 1263 ulteriirs
209 1224 257 1263 non
269 1210 383 1263 babuerit.
395 1213 437 1263 Sed
451 1227 498 1264 non
518 1213 670 1263 conveniebat
683 1212 827 1272 immutabiti-

38 1282 49 1328 ,i
70 1282 158 1343 gloriae
178 1282 238 1347 qubd
257 1284 343 1349 aliquid
356 1289 484 1336 assumeret
496 1286 557 1349 qood
568 1284 679 1349 perpetui
692 1285 717 1335 in
732 1297 760 1336 eo
779 1298 825 1335 non

38 1358 159 1405 rrraneret.
173 1356 234 1419 Ergo
247 1356 337 1407 videtur
353 1356 412 1419 qubd
426 1371 472 1408 non
483 1357 586 1408 debuerit
599 1369 681 1421 corpus
698 1370 750 1405 cum
769 1357 827 1407 cica-

41 1426 110 1477 ribus
127 1427 153 1477 iu
168 1427 333 1479 resurrectione
346 1442 470 1479 resumere.

43 1496 91 1545 Sed
108 1501 193 1549 contra
211 1501 260 1561 est,
274 1500 335 1563 quod
353 1499 463 1549 Dominus
478 1498 532 1550 dicit
546 1500 654 1561 Thomas,
669 1498 753 1555 douo..
767 1501 824 1554 xx:

39 1569 103 1617 tuter
119 1570 219 1633 digitum
230 1574 294 1621 tunm
303 1572 358 1631 huc,
371 1573 394 1619 et
402 1570 455 1620 vide
465 1583 546 1621 monus
557 1583 628 1631 meas,
640 1573 664 1621 et
673 1569 825 1624 adarmanuu

40 1651 92 1700 aru,
110 1640 139 1689 et
157 1640 220 1689 mitte
233 1640 258 1689 iu
271 1639 330 1691 latus
349 1652 441 1701 meum,
460 1643 483 1691 et
496 1640 608 1692 nobesse
627 1640 771 1704 incredulus,
788 1641 827 1693 sed

38 1708 98 1758 ielis.
113 1726 130 1757 u

47 1782 219 1840 (Comensem.
235 1810 266 1818 -
280 1781 359 1833 Docuit
383 1782 482 1833 animam
510 1782 598 1833 Christi
617 1782 642 1831 in
663 1784 825 1835 resurrectione

38 1866 101 1913 rpus
114 1868 170 1905 curn
178 1854 321 1907 cicatricibus
334 1868 458 1915 resumere,
470 1857 496 1905 ut
509 1853 611 1906 victorie
624 1867 672 1905 sue
686 1852 826 1921 triumphurn

41 1926 193 1990 rcrrmtcrret,
210 1928 233 1977 et
247 1925 328 1977 dubios
342 1924 367 1976 in
378 1924 423 1976 tide
437 1924 564 1990 firmaret.)

51 1992 192 2065 Responde'o
203 1998 338 2063 dicendum,
349 1995 410 2061 quod
419 1996 559 2049 conveniens
569 1997 614 2048 fuit
628 1997 730 2049 animam
742 1997 828 2050 Gbmsti

38 2086 43 2119 r
66 2071 238 2123 resurrectione
258 2084 341 2134 corpus
359 2082 410 2120 cum
433 2067 574 2119 cicatricibus
591 2084 707 2122 resumere
726 2086 733 2121 :
749 2069 825 2121 Primi

38 2144 128 2209 cidem,
141 2148 234 2209 propter
247 2141 341 2207 gloriam
355 2140 427 2205 ipsius
440 2139 535 2203 Christi,
544 2140 668 2191 dicitenim
676 2142 738 2193 Beda
750 2156 827 2207 super
895 2160 905 2172 ·
921 2161 922 2164 ¹

38 2231 93 2273 arc,
108 2215 172 2279 quid
187 2233 201 2264 o
214 2228 260 2267 non
273 2227 302 2264 ex
321 2212 457 2277 impotentia
470 2211 565 2261 curandi
578 2212 695 2266 cicatrices
709 2214 824 2277 serravit,

38 2288 61 2335 rd
76 2293 102 2339 ut
120 2288 145 2339 in
162 2289 298 2351 perpetuum
312 2282 411 2335 victorie
427 2297 474 2334 sue
485 2281 630 2333 circumierat
648 2285 824 2350 triumphum.»

38 2358 86 2408 'ude
97 2363 122 2411 et
135 2356 275 2422 Augustinus
283 2355 337 2407 dicit
351 2355 503 2405 indixistis
518 2353 574 2404 Cio.
588 2355 635 2402 Det
645 2358 655 2419 t
664 2368 715 2420 cap.
725 2357 770 2423 20)
783 2357 826 2421 (t).

51 2431 117 2486 Qubd
137 2427 239 2481 fortassis
253 2428 278 2479 in
295 2428 334 2477 illo
352 2440 423 2491 regno
436 2425 460 2475 in
479 2423 614 2489 corporibus
624 2431 747 2489 martyrum
760 2429 826 2479 ride-

38 2500 99 2551 iurus
116 2500 238 2551 reinerum
252 2497 384 2559 cicatrices,
399 2510 450 2561 quae
465 2509 505 2560 pro
518 2495 604 2545 Christi
618 2497 711 2546 nomine
728 2501 827 2560 pertule-

40 2577 93 2636 nnt3
109 2586 157 2624 uon
172 2572 235 2622 enirn
248 2569 381 2620 deformitas
392 2570 415 2618 in
426 2568 475 2629 eis,
489 2568 531 2617 sed
543 2566 643 2629 dignitas
659 2568 715 2625 erit,
732 2571 754 2617 et
763 2585 827 2633 qus-

38 2640 91 2707 tou,
105 2641 210 2710 quamvis
222 2642 247 2691 irr
261 2653 354 2705 corpore
368 2654 415 2691 uon
428 2638 545 2705 corporis,
562 2638 604 2691 sed
625 2637 715 2688 rbtobs
727 2640 828 2703 pulchri-

38 2862 39 2867 *
60 2800 94 2863 (1)
110 2806 160 2849 Non
169 2802 269 2849 occurrit
278 2802 322 2847 nisi
334 2802 395 2849 inter
406 2814 525 2849 sermones
537 2799 672 2862 Augustini,
681 2801 757 2845 serm.
767 2798 826 2857 LVI,

38 2874 56 2909 m
65 2868 190 2925 appendice
202 2868 230 2913 de
242 2866 347 2912 dirersis.
