1917 3317
205 214 236 249 on
251 210 389 256 inmerente
404 212 539 254 renuerim
553 213 658 254 omrem
769 201 834 249 torn

26 303 78 355 poe
100 286 157 342 dicit
174 289 349 346 Jouu.,xv111‚
367 304 372 337 :
390 290 522 351 «Regnum
541 301 618 339 meum
637 302 684 341 uon
698 292 734 340 eet
746 288 774 339 de
786 290 833 339 hou

22 360 150 413 nunde.»
166 360 275 411 Similiter
285 360 354 411 etiarn
365 360 510 424 judiciariam
524 364 660 425 potestatem
669 372 776 413 exemere
791 372 834 409 no·

24 434 65 483 ult
80 444 152 495 snper
166 445 202 483 res
208 432 355 495 temporales,
365 431 404 496 qni
415 434 512 481 venerat
518 431 623 481 homines
633 431 661 481 ad
671 430 749 481 <lirina
757 434 833 481 mens·

22 507 99 555 erre.
116 503 181 553 Unde
196 504 328 553 Ambrosius
340 503 424 553 ibidem
438 502 493 552 dicit
506 517 512 550 ι
523 504 606 552 «Bene
619 507 711 555 terrena
720 502 831 566 declinet,

21 576 62 639 1ui
79 577 177 639 propter
190 573 266 625 diviua
285 575 445 636 descenderam
466 587 509 624 nee
524 574 598 638 juder
616 573 722 638 dignatur
741 586 792 626 esee
803 574 832 624 li-

19 649 101 707 mum.
118 649 143 697 et
161 646 245 698 arbiter
259 646 405 708 facultatum,
423 646 528 699 vivorum
545 646 631 696 hahens
645 648 832 710 mortuorumque

18 718 155 782 judicium,
173 718 336 781 arbitriumque
356 718 524 768 meritorum.»

54 790 95 841 Ad
108 790 236 841 secundm
248 790 383 850 dicendum,
394 789 555 853 antechristo
565 790 707 843 euntemnia
719 790 833 855 oohjeela,

18 860 146 928 quantiam
158 862 187 912 ad
199 865 336 926 potestatem
357 876 424 926 quam
438 862 451 912 a
466 862 534 913 Patre
554 861 714 927 superomnia
731 862 834 925 aceepit,

17 931 159 987 secundum
169 931 226 983 illud
241 932 343 993 Mutilo,
359 934 399 983 nlt.
413 949 420 982 ε
432 950 445 981 n
456 934 514 983 llata
527 939 562 984 eot
573 932 630 983 mihi
642 933 719 983 omnio
732 935 834 996 potestas

16 1008 42 1056 ln
70 1003 136 1055 coelo
155 1004 178 1052 et
196 1002 221 1052 in
240 1008 338 1053 terra.»
358 1003 463 1053 Nondum
483 1006 562 1052 tamen
580 1006 634 1053 sunt
646 1002 721 1053 omnia
738 1002 835 1053 moub-

17 1080 89 1137 jecta
107 1073 219 1137 ouantium
230 1075 258 1124 ad
272 1074 430 1127 executionem
447 1088 495 1125 sum
515 1074 647 1138 potestatis.
661 1075 725 1134 Quod
742 1074 835 1137 quidem

17 1150 71 1201 erit
85 1146 112 1197 in
125 1145 321 1209 intermeante
335 1147 362 1197 de
374 1146 480 1197 omnihus
494 1146 631 1197 volumtatem
646 1159 711 1197 snam
726 1146 836 1210 adimple·

15 1222 65 1285 ott,
80 1218 197 1283 quosdam
209 1217 301 1282 quidem
311 1218 429 1279 salvando,
441 1218 551 1281 quosdam
561 1221 637 1269 autem
650 1218 776 1280 puniendo.

51 1292 94 1343 Ad
110 1288 206 1339 tertium
219 1290 349 1351 dicendum,
364 1288 425 1353 quod
446 1293 500 1339 ante
513 1289 693 1339 lnearnationem
706 1288 838 1353 lujnsnodl

13 1361 115 1429 judicia
138 1360 303 1421 exercebantur
317 1374 357 1425 per
376 1360 508 1422 Christum,
522 1360 549 1411 in
562 1358 672 1423 nummu
684 1361 721 1410 est
738 1359 837 1409 terbum

16 1435 85 1499 θείς
101 1431 172 1497 enjus
189 1433 313 1494 potestatis
332 1433 395 1483 laeta
408 1436 444 1483 est
462 1431 577 1497 particeps
596 1443 638 1495 per
656 1430 837 1481 incarnationem

16 1506 108 1558 anima
119 1502 144 1555 ei
158 1502 309 1565 personaliter
321 1503 392 1555 unita.

332 1680 494 1734 nollemus
508 1683 536 1732 V.

52 1806 152 1857 Utrum
164 1808 347 1862 postponentem
361 1808 424 1865 prend
435 1807 519 1865 opiter
527 1806 555 1850 in
569 1804 811 1862 pentemimerim,

297 1874 368 1917 restet
377 1871 579 1927 attedjuettclum.

52 2000 98 2053 Ad
112 1996 221 2063 quintum
232 1996 265 2047 siu
275 1997 402 2063 propellitur
413 1996 456 2063 (l).
467 1997 561 2048 Videtur
574 1996 635 2061 quon
645 2000 698 2061 poet
709 1996 821 2060 judicium
832 2034 840 2058 ‚

17 2072 93 2141 quod
111 2069 263 2131 inpraesenti
280 2068 481 2133 temporeagilnr,
495 2082 542 2119 non
560 2072 632 2118 restet
645 2068 706 2117 mul
725 2066 839 2130 jndieium

16 2139 153 2211 generale.
167 2140 224 2191 Post
243 2139 351 2191 nltimam
374 2140 436 2190 enim
458 2139 629 2191 retributionem
651 2138 796 2203 premiorum
815 2141 840 2188 et

17 2224 163 2284 poenarum,
184 2212 267 2263 trustra
289 2210 409 2263 adhibetur
426 2210 546 2276 judicium.
563 2212 608 2262 Sed
627 2210 652 2260 in
669 2211 715 2261 troe
734 2210 842 2273 presenti

17 2295 140 2351 tempore
163 2281 188 2331 lit
206 2281 324 2336 retributio
346 2282 490 2347 premiorum
511 2288 536 2335 et
551 2295 684 2349 poenarnm3
700 2282 758 2331 dixit
777 2280 841 2333 onim

18 2356 148 2415 Dominus
164 2353 247 2405 latroni
259 2353 285 2405 iu
298 2368 362 2405 eruee
382 2355 454 2415 Lon,
465 2354 537 2406 xxlll
550 2369 557 2405 t
571 2371 585 2402 u
597 2354 670 2405 Hodie
685 2366 774 2403 meeum
791 2352 838 2405 erio

13 2438 44 2485 in
62 2423 191 2497 perediam
203 2442 217 2473 u
229 2428 252 2476 et
262 2426 333 2480 Lon..
345 2426 404 2489 xvl,
413 2426 506 2488 dieitur,
516 2424 577 2489 qood
587 2442 601 2473 u
611 2428 714 2477 mortuos
727 2428 763 2475 est
774 2424 839 2474 lires

16 2511 43 2557 et
72 2496 186 2565 sepultus
203 2502 240 2547 est
255 2496 280 2546 in
294 2494 421 2551 interno.»
444 2498 504 2561 orgo
516 2497 602 2547 frustm
621 2499 754 2561 expectatur
772 2495 840 2546 tuate

17 2575 237 2699 Jucgflgilaleterea,
246 2640 360 2697 Notum,
376 2642 396 2703 Ι,
410 2639 492 2693 dieitur
503 2640 628 2693 seeundirm
639 2640 709 2691 aliam
719 2640 820 2691 litteram
835 2653 842 2687 ι

57 2752 99 2819 (ί)
114 2753 148 2797 lta
161 2750 197 2797 tris
214 2752 285 2796 etlam
297 2752 339 2809 W,
353 2750 433 2801 Soet„
447 2750 502 2796 dist.
511 2749 552 2809 tr,
569 2764 609 2808 qu.
629 2750 652 2807 1,
664 2755 708 2796 art.
721 2750 744 2808 l,
759 2762 843 2807 qums·

17 2828 108 2871 tiano.
122 2813 150 2865 te
166 2820 190 2859 et
205 2813 497 2873 ControGeot.,lib.1V‚
511 2825 563 2870 eap.
572 2812 618 2867 953
632 2820 657 2857 el
672 2814 775 2871 Opere„
783 2812 819 2857 111
831 2844 837 2868 ‚

17 2899 84 2943 fflp.
99 2874 166 2932 Ὴθς
182 2882 206 2923 et
217 2878 315 2936 Opere„
325 2878 359 2935 X,
371 2888 424 2937 eep.
442 2874 489 2931 ile
504 2881 528 2922 et
540 2878 612 2927 imi..
623 2876 695 2931 XXX,
709 2872 763 2923 leet.
779 2874 805 2934 3,
816 2874 839 2921 in

20 2941 141 3013 pmitwip·
