1917 3317
921 119 923 158 ι

921 161 923 194 ι

121 216 167 264 tto
316 228 431 275 rassin,
449 226 542 269 ouesr.
559 225 615 273 xix,
632 225 689 262 nr.
707 225 733 261 ιι.
921 209 923 222 “

119 304 304 355 constitutionem
319 316 438 367 persuum
454 306 477 353 et
490 301 524 349 sic
540 306 654 363 quantum
669 302 697 349 ad
717 302 761 351 hoc
777 300 884 350 sehabet
904 302 917 349 i:

119 380 208 425 iasone
219 374 320 433 termini
330 379 353 424 et
362 376 411 423 ineo
420 373 497 421 unitas
509 385 613 435 persone
624 372 721 436 requirit
731 372 838 421 unitatem
851 373 911 432 ipsi.

118 460 170 495 esre
183 445 321 509 complutici
338 444 471 508 personatis.
491 444 533 491 Seri
546 444 649 506 operatio
667 449 703 493 est
721 444 809 506 quidam
826 445 918 492 citerio-

119 530 225 580 personae
240 517 364 565 secundum
381 515 479 577 aliquam
498 514 594 563 tonnam
610 515 648 563 uel
668 520 786 577 naturaru3
798 516 861 564 uude
874 518 918 578 po.-

119 588 198 635 raiitas
212 588 368 649 operationum
383 599 428 635 noo
446 584 581 648 prejudicat
597 584 683 634 unitati
697 585 820 648 pemooaii.

152 660 185 708 Ari
200 660 303 721 quintum
321 658 459 709 dicendum.
474 655 534 719 quod
548 656 608 705 aliud
623 661 661 706 est
675 657 792 721 proprium
809 663 898 721 operati

120 730 258 795 operationis
276 729 358 779 divinus
375 734 398 777 et
417 728 556 791 operationis
577 729 686 778 tmruauae
710 729 735 777 in
754 728 905 785 consto,so

121 809 239 863 operatum
263 800 379 863 proprium
398 799 482 848 divine
503 798 644 861 operationis
666 804 702 849 est
720 799 811 849 sanatio
829 801 911 862 tepus.

122 878 239 935 operatum
250 875 325 921 autem
338 870 454 934 proprium
467 871 573 920 humanas
584 876 681 932 naturae,
694 875 731 920 est
741 872 794 933 ejus
803 876 915 922 contacti.-

121 944 268 993 Conrurrunt
282 946 358 991 autem
376 942 447 991 amhae
462 941 607 1005 operationes
623 943 651 991 ad
668 956 741 991 uuum
753 951 908 1005 operatum„

121 1012 219 1063 cundiam
238 1013 299 1077 quod
313 1025 358 1063 una
372 1016 453 1063 natura
468 1012 515 1075 agit
536 1026 586 1062 cum
600 1014 768 1064 communione
787 1014 897 1074 atterius,

118 1084 261 1136 dictumest.

419 1190 581 1241 tortuosus
598 1191 627 1240 11.

192 1314 277 1359 Utricm
287 1314 313 1359 in
325 1314 418 1359 corteto
433 1314 482 1358 rint
491 1315 572 1369 plures
582 1315 734 1369 operationes
742 1316 872 1363 humum,

152 1440 186 1491 Ad
207 1440 332 1491 secundum
347 1440 380 1489 sic
393 1440 531 1502 proceditur.
547 1440 641 1489 Videtur
654 1439 719 1503 quod
734 1442 760 1491 in
777 1444 877 1495 Christo
896 1470 900 1477 ·

120 1510 198 1576 piures
212 1514 317 1562 humane
331 1512 484 1575 operationes.
499 1511 607 1560 Christus
622 1510 685 1561 enim
699 1513 728 1562 iu
742 1521 862 1577 quantum
876 1520 895 1564 tn

121 1584 274 1635 communicat
287 1598 337 1633 rum
353 1583 438 1645 ptaotis
453 1584 477 1631 in
491 1587 570 1631 natura
585 1582 712 1643 nutritiva,
729 1600 786 1635 curn
800 1590 896 1638 animai.

121 1661 197 1706 autem
217 1657 332 1704 inmatura
347 1654 469 1715 sensitiva,
487 1653 539 1702 cirm
555 1652 648 1715 augelis
662 1653 720 1703 reri)
731 1658 758 1705 in
778 1665 864 1708 natura
876 1661 895 1706 in

120 1726 217 1785 lentina,
231 1726 289 1775 sieut
302 1729 326 1775 et
337 1726 412 1775 emtori
427 1726 540 1775 homines.
553 1724 598 1773 Sed
611 1724 706 1774 aliaest
723 1731 839 1790 operatio
848 1733 903 1793 pia.

120 1796 146 1847 in
158 1807 266 1859 priamum
281 1802 317 1847 est
328 1797 423 1860 plauta;
439 1800 461 1846 et
480 1796 525 1844 aiia
539 1795 644 1845 animalis
651 1832 660 1858 ,
671 1795 698 1846 in
710 1805 837 1859 quantum
851 1810 897 1851 est.

121 1870 176 1918 mat.
197 1870 254 1931 Ergo
268 1868 380 1931 Christus,
394 1866 419 1917 io
435 1873 546 1932 quantum
560 1872 594 1917 est
605 1869 685 1929 homo,
702 1870 779 1921 habet
794 1875 877 1937 piures
891 1895 906 1921 o
921 1891 923 1920 ι

120 1939 232 1989 rationes.

154 2012 176 2057 3.
195 2012 321 2067 Praeterea,
335 2010 444 2073 potentie
464 2014 488 2060 ot
506 2008 597 2059 habitus
615 2009 800 2072 distinguuntur
815 2016 901 2066 serunt

121 2084 195 2130 actus.
213 2081 256 2130 Sed
271 2080 295 2129 in
314 2081 388 2131 anima
407 2080 494 2131 Christi
510 2080 603 2130 inerunt
620 2080 718 2131 diuerso
733 2088 858 2145 potentis
873 2094 893 2136 et

120 2150 184 2201 versi
198 2151 297 2201 liabitas.
312 2152 371 2214 Ergo
386 2157 409 2202 ct
422 2152 518 2201 dirersae
531 2150 687 2215 optationes.

155 2228 177 2271 3,
192 2224 322 2282 Praeterea,
338 2223 489 2274 instrumenta
504 2222 588 2271 debent
606 2234 658 2271 csse
677 2227 867 2287 proportionata
889 2241 906 2270 n

119 2294 257 2343 rationibus.
281 2294 369 2358 Corpus
389 2299 464 2344 autem
482 2294 606 2344 humanum
623 2291 695 2342 habet
716 2295 819 2349 diversa
843 2307 906 2348 men·

121 2364 249 2415 differentia
272 2366 398 2415 secundum
421 2366 524 2415 formam.
550 2364 608 2425 Ergo
636 2362 738 2414 diversis
759 2371 889 2431 operation

121 2435 206 2485 debent
222 2449 273 2486 esse
285 2438 462 2487 accommodata.
475 2436 533 2485 Sunt
544 2447 597 2496 ergo
619 2434 644 2482 in
654 2435 755 2487 Christo
774 2440 878 2491 diverse
891 2462 895 2487 ι,

121 2507 223 2558 rationes
240 2509 364 2558 secundum
385 2508 509 2556 humanam
528 2510 641 2554 naturam.

153 2580 197 2628 Scri
217 2583 294 2629 contra
313 2582 362 2638 est,
377 2576 437 2641 quod
455 2577 514 2626 sicut
533 2578 685 2625 Damascenus
699 2574 760 2627 dicit
776 2578 805 2629 iu
831 2584 872 2633 lli.
892 2582 897 2627 i

123 2662 138 2699 c<
155 2650 262 2713 Operatio
279 2649 380 2711 sequitur
401 2653 513 2697 naturam.
534 2647 608 2697 »Sed
625 2646 652 2697 iu
673 2647 779 2701 Christo
794 2660 839 2703 cst
856 2660 893 2702 cro

120 2734 166 2769 una
179 2726 258 2769 natura
272 2721 380 2769 humana.
393 2719 451 2781 Ergo
466 2720 489 2767 iu
505 2718 596 2768 Christo
606 2718 650 2767 suit
662 2731 711 2767 uua
721 2723 827 2774 tautum
842 2738 904 2788 opor.

122 2790 233 2841 humana.

154 2860 404 2922 (Consuesse-Cim
418 2860 495 2910 nuilus
504 2860 574 2910 fucrit
583 2860 608 2909 iu
620 2861 716 2922 Christo
724 2866 861 2918 sensistis
875 2882 910 2929 pa·

121 2933 206 2992 motus,
218 2930 258 2993 qui
271 2944 318 2981 nou
329 2929 415 2981 osseca
428 2930 516 2982 ratione
530 2930 658 2995 umatus,
670 2931 785 2997 ipseque
802 2939 879 2989 etiam
892 2952 911 2997 ιιΙ
