1917 3317
132 121 177 169 toa
317 131 378 168 uuus
394 131 437 178 ιιι,
450 131 545 176 oum.
560 129 616 179 rvr,
628 130 688 167 auu.
705 129 752 167 uu.

131 205 212 257 relatio
224 205 325 269 quedam
338 220 345 255 :
356 211 381 256 et
391 206 443 256 ideo
453 219 505 256 csse
517 204 638 255 bominem
650 205 753 256 donoro
762 204 902 268 pudicum
915 235 916 238 ι

131 278 182 327 Deo
195 276 280 339 absque
294 277 345 339 ejus
354 277 498 339 mutatione,
510 290 552 340 per
562 276 713 326 mutationem
722 276 914 326 bumanaenatn.

131 361 183 412 quae
200 349 322 398 assumitur
334 348 359 398 in
374 347 474 398 diuinam
488 362 620 412 personam.
642 349 671 398 ut
690 346 761 410 idob,
774 347 834 397 cium
852 349 911 397 dicu·

133 419 200 468 Deus
212 420 297 483 fuctus
305 423 342 469 est
351 421 434 478 bomo,
442 433 489 470 non
499 420 633 483 intelligitur
643 419 721 482 aliqua
729 420 833 470 mutatio
842 433 873 470 ex
884 432 907 482 pa

132 489 187 552 liei,
199 491 237 540 sed
251 491 323 540 solum
335 505 363 540 er
378 495 440 554 parte
457 493 564 541 humanae
574 495 673 540 nature.

164 562 196 611 ad
212 562 304 611 tertium
316 562 449 624 dicentium,
464 561 526 624 quod
542 563 616 610 domo
628 560 741 624 supponit
754 574 883 625 personam
896 562 910 608 i

133 631 174 682 liei
186 643 233 681 non
241 633 334 692 nudam,
345 633 385 682 sed
397 637 465 696 prout
473 632 578 682 subsistit
587 631 612 680 in
624 632 832 682 bumananatura.
843 633 874 681 Et
887 632 905 680 ii
918 644 920 689 ι

134 703 238 770 quamvis
251 704 300 754 haec
314 702 344 753 stt
356 704 425 764 salsa,
438 705 505 752 Deus
522 705 608 766 suctus
623 707 663 751 cst
673 718 786 766 persono
801 704 872 753 Filii
887 694 920 751 [ι’

135 777 258 825 esttamen
269 776 397 837 haecuera,
412 776 480 824 Deus
492 776 578 838 factus
590 778 630 822 est
644 777 737 829 domo,
751 788 784 824 ex
793 788 826 824 eo
841 775 917 837 qubi-

135 845 214 895 unitus
228 847 331 895 humane
342 850 437 895 naturae.

420 1023 582 1074 uertentes
598 1023 647 1072 Vll.

263 1149 348 1193 Utrtim
358 1147 406 1194 buc
413 1150 446 1192 sit
458 1161 530 1202 uera,
539 1147 611 1192 llomo
621 1149 694 1192 tactus
701 1152 737 1192 est
747 1148 820 1194 Deus.

168 1274 202 1323 dd
212 1274 336 1338 septimum
345 1274 380 1322 sic
390 1274 521 1336 proceditur
530 1273 573 1338 (t).
585 1273 681 1324 Videtur
689 1273 754 1336 qubd
766 1276 822 1325 buc
835 1277 869 1326 sit
877 1291 909 1321 uu-

135 1345 214 1396 Homo
231 1347 316 1410 fuctus
331 1349 369 1394 eut
390 1347 466 1394 Deus.
482 1345 640 1395 diciturenim
661 1347 781 1402 Roman„
796 1347 809 1395 1
829 1361 839 1396 ι
857 1351 899 1406 «Q

137 1421 190 1468 ante
204 1418 340 1483 promiserat
357 1430 396 1480 per
414 1419 539 1481 prophetas
552 1429 608 1467 suos
624 1417 650 1464 in
664 1417 790 1480 scripturis
803 1421 902 1469 sanctis.

137 1489 196 1541 Filio
207 1503 259 1554 suo,
268 1488 309 1552 qui
319 1488 393 1537 sactus
404 1492 440 1538 est
448 1489 470 1538 ei
479 1502 508 1538 ex
517 1487 604 1538 semine
613 1487 682 1538 David
689 1487 821 1538 secundum
828 1504 894 1540 carue

137 1561 184 1611 Sed
201 1561 318 1621 Christus,
338 1558 462 1608 secundum
483 1560 544 1622 qnod
561 1559 647 1619 bomo,
662 1563 697 1608 est
717 1559 859 1612 exsemine
882 1563 896 1609 t·

136 1630 262 1682 secundum
276 1643 375 1681 curnem.
388 1631 448 1692 Ergo
459 1631 528 1680 homo
543 1629 617 1679 iactus
630 1633 667 1679 est
678 1629 754 1679 lilius
766 1631 825 1681 Dei.

171 1707 194 1750 2.
211 1701 339 1760 Praeterea,
354 1701 495 1763 Augustinus
518 1700 574 1751 dicit
593 1702 619 1750 in
632 1703 651 1750 l.
668 1701 764 1750 trinit.
782 1703 859 1767 (cap.
884 1708 892 1751 t

140 1789 155 1820 ι
168 1771 227 1822 Talis
245 1777 293 1822 erat
311 1773 349 1821 itta
367 1772 498 1836 susceptio,
517 1786 569 1835 quc
588 1774 661 1822 Deum
673 1772 796 1824 bominem
809 1773 896 1824 luceret.

139 1841 255 1893 hominem
275 1844 357 1892 Deum.
375 1860 390 1890 u
408 1842 453 1894 Sed
475 1843 562 1894 ratione
579 1843 642 1893 illius
660 1843 819 1908 susceptionis
843 1848 892 1896 her

139 1925 210 1974 uera,
225 1917 290 1962 Deus
303 1917 388 1976 tuctus
401 1917 439 1963 est
459 1916 541 1964 tomo.
557 1916 616 1978 Ergo
632 1913 739 1965 similiter
751 1916 807 1966 ιιι
818 1922 861 1967 est
876 1931 900 1961 n·-

141 1986 221 2036 Homo
240 1986 325 2048 fuctus
338 1999 374 2034 cur
386 1986 465 2036 Deus.

172 2060 196 2106 b.
209 2055 328 2118 Praeterea,
338 2057 459 2119 Gregorius
472 2056 631 2107 Nazianzenus
645 2054 702 2106 dicit
714 2054 742 2106 in
753 2059 836 2122 Epist.
850 2061 900 2109 udi

140 2127 249 2176 doarium
263 2143 271 2176 :
287 2145 300 2174 u
315 2129 374 2178 bens
390 2128 482 2190 quidem
496 2131 635 2178 humanatus
645 2132 691 2188 est,
704 2129 778 2180 bomo
791 2134 898 2180 autema

140 2201 220 2258 catus,
234 2197 272 2249 uel
284 2199 454 2261 quomodolibet
469 2200 551 2264 aliquis
568 2197 760 2249 nominaverit.»
773 2201 821 2251 Sed
844 2204 902 2252 Deus

141 2269 228 2319 ratione
245 2269 329 2319 dicitur
340 2270 494 2333 humanatus,
507 2284 553 2335 qua
567 2274 604 2320 est
616 2271 686 2320 bomo
699 2269 787 2322 iactus.
806 2273 871 2336 Ergo
884 2276 896 2321 te

141 2353 169 2390 ea
186 2340 273 2391 rabone
289 2341 373 2390 dicitur
387 2341 506 2391 deificatus
517 2356 562 2405 qua
579 2341 701 2392 estractus
720 2343 834 2407 lteus3et
854 2347 886 2393 iu

140 2414 177 2462 eut
185 2424 254 2461 uera:
264 2419 346 2462 Homo
356 2413 439 2475 sactus
448 2416 486 2462 est
501 2414 575 2464 Deus.

172 2481 197 2532 ⁴.
216 2483 339 2544 Pretereu,
353 2482 405 2533 cbm
417 2483 508 2546 dicitur,
523 2487 592 2535 Deus
604 2486 690 2549 suctus
702 2489 743 2535 eut
755 2486 849 2544 borao,
864 2499 896 2536 su:

142 2557 190 2604 tum
210 2553 316 2605 factionis
328 2555 364 2604 vol
384 2555 516 2605 mutationis
531 2570 579 2606 non
592 2560 627 2606 est
647 2559 723 2617 Deus,
742 2559 785 2607 sed
798 2560 897 2607 human¹

142 2631 204 2689 tura,
219 2626 287 2690 quim
306 2625 418 2688 siguificat
436 2627 481 2678 boe
499 2639 600 2689 nomen,
614 2627 697 2678 bomo.
718 2627 767 2678 Sed
785 2629 843 2679 illud
865 2631 892 2677 ui·

141 2709 193 2749 esse
217 2698 344 2761 subjectum
361 2697 485 2762 factiosus,
499 2697 538 2746 cui
557 2697 625 2749 tactio
648 2699 794 2751 attribuitur.
818 2701 879 2761 Ergo

177 2839 209 2902 (l)
224 2843 257 2886 Ite
267 2840 303 2885 bis
316 2841 385 2886 etiam
400 2843 439 2888 ubi
457 2843 539 2902 suprb,
555 2857 597 2889 seu
609 2845 669 2890 locis
680 2845 753 2891 arud
767 2847 887 2892 iudicatis.

189 2967 200 2999 Ι
