1917 3317
304 123 336 159 nn
350 122 438 159 enarra
456 123 565 174 cramsrr,
579 123 632 162 nnc.
825 115 871 160 aaa

63 199 163 264 apparet
176 195 299 247 seeundum
309 201 408 261 tempus.
422 199 585 262 Propheticum
598 199 660 250 enirn
669 200 714 250 init
725 202 785 263 quod
797 200 870 252 Isaiae

63 267 311 337 pronuntiavit‚quod
329 269 402 334 Cyrus
420 283 460 320 rex
479 271 598 320 Persarum
617 272 727 335 templum
742 272 784 322 Dei
809 276 869 323 esset

63 341 257 400 reedificatum,
273 344 298 390 nt
312 344 376 404 patet
388 341 460 398 drot„
472 343 550 391 XLIV.
564 344 613 392 Non
626 347 699 393 autern
715 343 758 392 duit
773 345 871 408 prophe·

62 413 136 463 ticum
149 411 210 475 quod
224 413 308 461 Esdras
323 413 367 462 hoc
380 413 479 476 scripsit,
491 414 558 477 cujus
571 416 674 478 tempore
688 415 774 464 facturn
792 417 836 465 est.
846 414 870 465 Si

63 484 136 548 igitur
151 485 213 533 Deus
227 486 266 532 aut
279 484 367 546 angeli,
380 485 417 534 rel
430 485 499 534 etiarn
515 485 578 535 beati
592 490 733 550 cognoscunt
748 491 772 537 et
784 499 871 536 annun-

64 556 125 606 tiant
140 568 169 605 ea
182 567 233 617 que
249 559 302 604 snnt
318 555 423 618 procnlh
439 560 516 605 nostra
535 557 632 617 notitia,
649 558 691 608 hoc
706 571 753 607 non
771 557 871 621 pertinet

65 627 94 676 ad
105 626 258 691 prophetiam,
267 626 320 689 quia
329 627 354 675 in
363 627 424 676 nudo
432 631 536 678 nostrum
546 631 628 678 statum
637 629 759 692 attingunt.
768 629 871 679 Christus

66 703 142 748 autem
157 702 211 747 ante
222 697 351 761 passionem
366 702 468 748 nostrum
482 699 871 763 statumattingebat,inqnantun1

65 783 111 819 non
123 769 199 819 solhm
213 772 262 818 erat
272 771 458 833 comprehensor,
474 770 594 820 sedetiam
609 770 692 821 viator.
708 773 735 820 nt
748 770 799 821 ideo
812 783 870 834 pro-

65 839 183 904 pheticum
192 843 250 901 erat,
261 839 322 902 quod
333 853 360 889 ea
371 855 422 904 quan
432 845 496 891 eraut
510 843 589 904 procul
605 841 632 892 ah
645 841 740 891 aliorum
755 841 869 891 viatorum
925 893 927 898 ,

69 913 163 974 notitia,
183 916 207 962 et
221 913 372 974 cognoscebat
385 916 410 962 et
424 913 583 962 annuntiabat.
593 913 622 962 Et
634 915 678 962 hac
690 913 777 962 ratione
791 912 871 963 dicitnr

65 980 89 1031 in
103 997 131 1033 eo
141 983 214 1033 fuisse
228 983 357 1046 prophetia.

100 1056 134 1104 nd
146 1054 245 1118 primunr
260 1067 313 1116 ergo
325 1054 460 1117 dicendum,
474 1054 535 1118 quod
549 1068 590 1118 per
601 1055 639 1104 iiia
653 1055 722 1106 uerba
734 1067 780 1104 non
794 1058 872 1104 osten·

72 1125 132 1176 ditur
141 1139 190 1176 osse
202 1127 230 1176 de
242 1127 329 1176 ratione
340 1127 467 1191 prophetiae
482 1127 622 1190 aenigmatica
636 1127 745 1190 cognitio,
761 1141 811 1189 qnae
824 1127 871 1176 sci-

66 1197 122 1247 lieet
134 1201 171 1248 est
182 1211 225 1262 per
235 1197 350 1247 sonnium
362 1202 385 1248 et
396 1198 418 1246 in
428 1197 516 1248 risione
526 1214 533 1261 ·‚
542 1197 581 1248 sed
595 1198 721 1248 ostenditur
732 1197 872 1262 comparatio

69 1268 165 1318 aliorum
178 1270 354 1332 prophetantur,
375 1269 415 1332 qni
428 1283 470 1333 per
484 1269 595 1320 somnium
614 1273 638 1318 ct
650 1267 673 1318 in
688 1268 776 1320 risione
792 1281 871 1331 perce·

68 1343 151 1402 pernnt
171 1339 264 1401 divina,
277 1342 306 1390 ad
321 1341 430 1404 Moysen,
448 1340 488 1404 qui
506 1340 583 1404 polana
597 1343 620 1390 et
632 1354 677 1390 non
690 1355 732 1403 per
753 1341 873 1403 enigmata

69 1411 141 1461 Deam
153 1410 222 1474 ridit3
236 1411 275 1474 qui
285 1414 395 1476 propheta
405 1416 441 1461 est
454 1412 538 1470 dietus,
549 1411 672 1461 secundun
690 1413 745 1461 iiind
757 1414 872 1468 Denter„

68 1484 122 1532 nit:
139 1499 154 1529 u
167 1483 218 1531 Non
232 1478 330 1532 surrexit
343 1483 401 1532 nitra
414 1485 524 1548 propheta
540 1484 565 1532 in
579 1483 663 1545 Israel,
679 1483 737 1532 sicut
750 1484 871 1546 Moyses.»

68 1555 150 1604 Potest
162 1557 236 1602 tamen
248 1552 291 1602 dici
303 1554 363 1615 qnhd
374 1556 418 1605 etsi
429 1553 534 1604 Christus
544 1553 623 1603 hahuit
636 1554 726 1617 plenam
741 1559 763 1604 et
771 1556 872 1616 apertam

69 1625 174 1675 notitiam
194 1629 304 1688 quantun
318 1627 346 1674 ad
361 1630 448 1689 partem
466 1625 644 1684 intellectivam,
659 1625 738 1674 hahuit
758 1624 873 1674 tamenin

69 1699 135 1760 parte
152 1695 300 1758 imaginatira
309 1699 418 1759 quasdam
431 1697 605 1759 similitudines,
618 1696 642 1745 in
656 1695 738 1758 quihus
752 1695 819 1745 etiam
831 1707 874 1758 po-

69 1771 132 1817 terat
148 1767 260 1830 speoutari
282 1767 372 1827 diuina,
389 1767 414 1817 in
431 1771 539 1831 qnantum
554 1781 600 1817 non
617 1767 689 1818 solim
712 1771 759 1816 erat
772 1778 874 1829 compre-

71 1840 167 1899 hensor,
181 1837 222 1888 sed
233 1838 301 1888 etiam
324 1839 405 1889 viator.

103 1912 138 1961 dd
152 1912 275 1960 secundnm
288 1911 407 1961 dicendum
418 1950 425 1974 ,
435 1911 495 1973 qnhd
509 1911 565 1961 fides
578 1912 613 1960 est
623 1922 700 1959 eorum
716 1923 766 1972 que
783 1921 830 1958 non
839 1906 875 1956 ui-

72 1983 154 2034 dentur
168 1983 199 2032 uh
208 1983 259 2046 ipso
269 1984 388 2044 credente,
403 1988 426 2034 et
441 1983 545 2033 similiter
559 1995 612 2046 spes
626 1985 661 2032 est
675 1994 752 2032 eorum
765 1993 815 2044 que
828 1991 875 2030 non

71 2055 185 2104 hahentur
197 2055 226 2104 ah
235 2053 285 2118 ipso
299 2059 419 2118 sperante,
432 2056 473 2104 sed
483 2054 604 2118 prophetia
613 2056 648 2102 ost
659 2065 737 2102 eorum
754 2063 805 2115 quae
819 2052 874 2100 sunt

71 2126 150 2189 procul
162 2125 297 2176 acommuni
310 2128 429 2176 hominnm
437 2141 523 2188 sensu,
539 2139 591 2174 enm
603 2125 685 2188 quihus
696 2127 806 2189 propheta
818 2136 874 2173 con·

73 2200 178 2247 vomatur
194 2200 217 2246 et
234 2199 387 2248 communicat
401 2198 426 2246 in
441 2199 502 2247 statu
522 2197 575 2247 viae.
595 2197 624 2244 Et
639 2196 691 2246 ideo
712 2197 766 2246 fides
781 2198 803 2245 et
822 2209 876 2258 spes

72 2271 203 2332 repugnant
219 2269 354 2334 perfectioni
375 2267 526 2320 beatitudinis
541 2266 643 2329 Christi,
657 2279 704 2317 non
726 2270 801 2317 autern
820 2279 875 2330 pro·

72 2339 161 2404 phetia.

107 2410 141 2460 dd
153 2411 246 2460 tertium
257 2411 391 2471 dicendum,
403 2411 465 2474 quhd
476 2411 573 2474 angelus
586 2409 637 2460 chm
646 2409 675 2460 sit
689 2409 874 2472 comprehensor,

73 2486 110 2532 est
126 2496 195 2546 supra
212 2486 361 2547 prophetam,
379 2483 418 2547 qni
440 2486 477 2532 est
498 2495 570 2546 purus
585 2479 712 2543 aiatortt),
732 2492 778 2529 non
801 2481 877 2529 autem

73 2565 142 2617 supra
155 2553 278 2617 Christum,
296 2555 336 2617 qui
348 2553 392 2603 fnit
402 2553 470 2604 simui
479 2555 555 2603 viator
568 2557 592 2604 et
605 2553 792 2616 comprehensor.

110 2705 146 2772 (1)
161 2711 192 2755 Ut
205 2721 234 2754 ex
246 2709 341 2760 Motth„
351 2709 383 2755 XI
393 2740 399 2766 ‚
410 2721 471 2757 vers.
483 2709 512 2768 9,
525 2707 632 2754 infertur.
