1917 3317
133 188 180 234 dhd
303 195 363 234 raus
380 197 420 240 rn,
437 197 533 241 oumsr.
550 197 625 245 mr,
642 197 699 234 nr.
717 195 768 234 rin.

133 286 200 334 uem,
214 285 281 334 quam
302 272 329 320 de
348 276 420 320 matre
434 271 530 334 accepit.
549 272 594 322 Sed
609 276 683 321 mater
701 273 750 336 ejus
763 271 805 320 luit
820 266 906 318 deciman

131 344 157 394 iu
172 345 291 392 hhraham.
305 343 364 404 Ergo
378 343 428 404 pari
443 343 530 392 ratione
547 344 667 392 Christus.

167 419 190 463 3.
206 416 328 475 Praeterea,
343 415 397 462 illud
409 415 434 462 in
449 415 562 463 hhraham
576 414 740 476 decimabatur,
749 415 807 476 quod
817 411 910 462 curado

132 485 261 546 indigebat,
274 489 299 534 ut
313 485 453 548 Augustinus
464 485 518 534 dicit
528 487 558 535 x.
570 487 656 549 Super
666 490 749 534 Genes.
764 485 799 533 ud
810 484 904 532 terrem

134 557 256 606 Curatiooe
277 561 352 606 anteo
373 556 459 619 indiget
476 557 550 606 omnis
571 570 625 623 caro
644 562 743 620 peccato
760 556 860 605 ohnoxia.
873 555 906 600 di.

135 625 204 689 igitur
218 641 269 676 caro
283 626 370 676 Christi
384 626 454 675 doerit
468 631 563 690 peceato
579 626 697 688 obnoxia,
711 627 771 677 sicut
789 627 869 676 dictum
880 629 901 671 ct

135 698 226 748 uidetur
244 697 304 760 uudd
321 711 372 748 caro
386 698 472 746 Christi
492 699 515 746 iu
531 698 643 747 ahraham
659 697 728 747 luerit
742 697 857 755 Menate,

170 773 193 818 t.
207 772 316 818 Praeterea
327 805 334 828 ‚
346 770 390 818 hoc
403 783 447 818 non
470 770 560 818 videtur
575 769 734 831 aliquomodo
748 769 854 829 derogare
864 767 891 826 dig

137 842 180 890 tali
195 840 295 903 Christi;
308 840 366 889 nihil
379 840 439 889 euim
455 840 561 902 prohihet
579 844 647 902 patre
661 841 762 903 alicujus
774 839 881 890 Pontihris
890 861 898 882 ι.

139 912 209 961 cimas
223 913 291 961 dante
310 911 379 960 alicui
393 912 522 975 sacerdoti,
538 911 609 960 hlium
623 911 677 974 ejus
688 912 825 962 Pontitlcem
837 910 894 971 majo·

138 996 190 1033 esse
204 983 304 1046 simplici
316 984 441 1033 sacerdote.
454 983 517 1032 Licet
526 996 580 1046 ergo
593 983 683 1032 dicatur
694 984 801 1033 Christus
814 984 905 1033 decimo.

138 1055 253 1103 hhreham
267 1055 367 1104 decimas
380 1056 448 1104 naute
459 1054 643 1115 Melchisedech,
658 1068 704 1104 nou
716 1059 795 1104 tamen
806 1061 899 1118 proptor

140 1126 266 1178 excluditur
280 1126 335 1189 quio
346 1127 452 1176 Christus
470 1126 501 1177 sit
509 1127 583 1189 major
598 1139 666 1189 quam
679 1126 854 1177 Melchisedech.

172 1199 215 1247 Sed
233 1202 311 1248 centra
332 1201 381 1252 est,
396 1199 457 1261 quod
477 1198 621 1261 Augustinus
638 1197 696 1247 dicit
710 1200 741 1248 Χ.
764 1199 847 1263 Super
861 1198 895 1245 Ge

140 1271 177 1320 dd
190 1270 324 1326 litterum,
343 1269 403 1334 quhd
426 1267 624 1332 «chinheim,
639 1285 654 1316 n
675 1270 768 1320 scilicet
785 1270 811 1319 in
824 1269 898 1319 hhroh.

143 1341 293 1392 edecimatos
304 1354 349 1390 uon
365 1345 417 1400 est,
435 1341 502 1404 cujus
515 1354 569 1390 earo
583 1340 638 1391 iude
653 1354 703 1391 nou
714 1341 831 1392 terrorem
844 1342 898 1388 ruhi.

141 1412 261 1461 materiam
276 1412 432 1461 medicaminis
446 1412 522 1462 traxit.
539 1427 553 1458 s

177 1482 437 1548 (Consuesse-Cum
453 1484 554 1532 decimas
567 1484 624 1532 daus
642 1484 815 1546 perlectionem
834 1483 892 1532 alteri

143 1556 214 1616 huat,
230 1560 252 1605 et
263 1555 378 1605 curatione
392 1555 494 1618 indigere
509 1567 534 1603 se
548 1559 698 1618 protestetur,
710 1555 822 1606 Christus
835 1556 901 1617 ipsit

144 1627 266 1678 chisedech
289 1626 417 1689 perlectior,
432 1631 455 1676 et
470 1626 587 1676 curatione
606 1639 652 1676 nou
671 1625 799 1689 indigens,
813 1627 871 1676 nullo
885 1643 901 1671 u

144 1697 168 1747 in
183 1699 266 1747 lumhis
277 1699 373 1748 hhrahae
389 1699 516 1752 decimatus
530 1697 596 1759 luit.)

177 1769 312 1831 Respondeo
327 1769 456 1830 dicendum,
465 1769 525 1833 qudd
537 1770 662 1819 secuudum
678 1769 839 1822 intentionem
857 1775 905 1831 hp·

146 1844 236 1903 oportet
256 1841 330 1890 dicere
349 1839 407 1902 qrrdd
426 1841 530 1889 Christos
547 1839 571 1888 iu
589 1840 674 1890 lumbis
695 1841 798 1894 hhrahae
826 1842 894 1892 noni

147 1911 279 1960 decimatus.
302 1912 384 1960 Prohat
407 1912 468 1960 enirn
495 1912 615 1974 Apostolus
632 1912 708 1973 majus
731 1927 785 1964 esse
808 1927 870 1963 sacer
879 1915 888 1950 '-

147 1983 207 2045 quod
225 1988 259 2031 est
268 1982 391 2032 secoodhm
405 1984 507 2032 ordinem
520 1982 682 2032 Melchisedech
694 1986 831 2036 sacerdotio
849 1986 897 2033 Lei.

147 2067 189 2118 per
204 2053 247 2104 hoc
256 2053 315 2116 qohd
327 2054 436 2102 hhraharn
447 2054 548 2104 decimas
558 2052 620 2102 dedit
629 2053 815 2117 Melchisedech,
825 2058 893 2104 adhc

146 2127 263 2178 existente
277 2125 302 2173 iu
313 2125 396 2174 lumhis
405 2127 469 2190 ejus,
481 2127 509 2174 ad
520 2139 588 2188 quem
597 2125 700 2188 pertinet
708 2127 787 2190 legale
799 2129 896 2177 sacerdv

147 2197 174 2248 Si
190 2202 266 2246 autem
285 2196 388 2246 Christus
403 2197 471 2246 etiam
489 2196 513 2245 iu
532 2197 644 2246 hhraham
663 2196 796 2248 decimatus
812 2204 887 2253 esset,

146 2268 298 2318 sacerdotium
319 2281 365 2317 uon
382 2271 442 2317 esset
458 2267 584 2318 secuodhm
598 2265 701 2317 ordinem
719 2269 901 2321 Melchisedech.

149 2339 224 2388 miuus
243 2339 368 2390 sacerdotio
386 2339 562 2389 Melchisedech.
574 2340 611 2388 -El
626 2338 680 2388 ideo
696 2339 827 2392 dicendum
841 2347 887 2393 cst.

151 2410 256 2460 Christus
277 2413 373 2460 nonest
392 2411 519 2460 decimatus
540 2412 565 2460 iu
582 2409 667 2459 lumhis
688 2411 807 2475 Abrahae,
819 2411 898 2464 sirutl

149 2480 208 2540 Quia
222 2481 281 2530 enim
297 2481 334 2530 ille
348 2481 387 2544 orii
405 2481 504 2531 decimas
519 2483 558 2531 dat
569 2520 576 2537 ,
589 2495 671 2531 novem
686 2482 733 2530 sihi
748 2484 851 2545 retinet,
866 2492 901 2531 et*

152 2566 211 2602 maro
231 2551 270 2602 alii
287 2553 378 2611 tribuit,
391 2553 450 2614 quiid
465 2559 501 2601 est
519 2551 664 2616 perfectiouis
677 2552 790 2615 siguum,
805 2556 834 2604 iu
853 2570 899 2615 qui.

143 2629 187 2676 est
199 2626 363 2688 quodammodo
374 2623 484 2674 terminus
495 2624 598 2674 omnium
612 2636 772 2685 numerorum,
783 2627 828 2688 qui
839 2640 899 2689 pro».

151 2709 223 2758 usqrre
240 2696 268 2744 ad
285 2697 361 2744 decern
371 2712 377 2756 ;
389 2695 442 2743 inde
457 2697 492 2744 est
504 2693 563 2756 qudd
575 2693 612 2742 ille
624 2693 663 2756 quui
677 2693 786 2744 decimas
804 2697 864 2755 dat,
879 2710 897 2754 p·

152 2769 214 2816 tatur
236 2778 260 2814 se
276 2765 448 2828 imperiatum,
465 2769 489 2814 et
508 2763 671 2828 perlectionem
689 2765 730 2813 alii
747 2765 865 2816 tribuere.
879 2767 901 2814 l·.

152 2833 222 2885 tectio
236 2841 311 2884 autem
328 2835 422 2884 humani
436 2835 527 2897 generis
538 2839 574 2885 est
587 2838 679 2898 propter
699 2841 843 2900 peccatum,
856 2852 901 2899 qus·

153 2904 216 2966 diget
235 2905 374 2967 perfectione
393 2905 446 2967 ejus
466 2903 507 2968 qui
520 2904 534 2954 h
548 2909 642 2968 peceato
661 2909 735 2956 curat.
751 2907 843 2959 Curare
864 2914 900 2957 aer
