<?xml version="1.0" encoding="UTF-8"?>
<!DOCTYPE html PUBLIC "-//W3C//DTD XHTML 1.0 Transitional//EN"
    "http://www.w3.org/TR/xhtml1/DTD/xhtml1-transitional.dtd">
<html xmlns="http://www.w3.org/1999/xhtml" xml:lang="en" lang="en">
 <head>
  <title>
</title>
<meta http-equiv="Content-Type" content="text/html;charset=utf-8" />
  <meta name='ocr-system' content='tesseract 3.04.00' />
  <meta name='ocr-capabilities' content='ocr_page ocr_carea ocr_par ocr_line ocrx_word'/>
</head>
<body>
  <div class='ocr_page' id='page_1' title='image "./summatheologica02nicogoog_0932.png"; bbox 0 0 1917 3317; ppageno 0'>
   <div class='ocr_carea' id='block_1_1' title="bbox 181 170 803 222">
    <p class='ocr_par' dir='ltr' id='par_1_1' title="bbox 181 170 803 222">
     <span class='ocr_line' id='line_1_1' title="bbox 181 170 803 222; baseline 0.011 -9"><span class='ocrx_word' id='word_1_1' title='bbox 181 176 213 213; x_wconf 78' lang='lat' dir='ltr'><strong>ott</strong></span> <span class='ocrx_word' id='word_1_2' title='bbox 228 171 348 215; x_wconf 64' lang='lat' dir='ltr'><strong>immisi]</strong></span> <span class='ocrx_word' id='word_1_3' title='bbox 362 176 454 217; x_wconf 64' lang='lat' dir='ltr'><strong>Gnlsl&#39;l</strong></span> <span class='ocrx_word' id='word_1_4' title='bbox 468 176 501 216; x_wconf 71' lang='lat' dir='ltr'><strong>Ab</strong></span> <span class='ocrx_word' id='word_1_5' title='bbox 516 175 625 218; x_wconf 61' lang='lat' dir='ltr'><strong>md&amp;</strong></span> <span class='ocrx_word' id='word_1_6' title='bbox 755 170 803 222; x_wconf 72' lang='lat'><strong>98³</strong></span> 
     </span>
    </p>
   </div>
   <div class='ocr_carea' id='block_1_2' title="bbox 37 252 804 390">
    <p class='ocr_par' dir='ltr' id='par_1_2' title="bbox 37 252 804 390">
     <span class='ocr_line' id='line_1_2' title="bbox 37 252 804 319; baseline 0.01 -18"><span class='ocrx_word' id='word_1_7' title='bbox 37 257 53 302; x_wconf 78' lang='lat' dir='ltr'><strong>t.</strong></span> <span class='ocrx_word' id='word_1_8' title='bbox 67 253 198 315; x_wconf 74' lang='lat' dir='ltr'><strong>preterea,</strong></span> <span class='ocrx_word' id='word_1_9' title='bbox 209 252 348 317; x_wconf 76' lang='lat' dir='ltr'><strong>Augustinus</strong></span> <span class='ocrx_word' id='word_1_10' title='bbox 361 253 419 305; x_wconf 84' lang='lat' dir='ltr'><strong>dieii</strong></span> <span class='ocrx_word' id='word_1_11' title='bbox 430 254 454 303; x_wconf 87' lang='lat' dir='ltr'><strong>ir</strong></span> <span class='ocrx_word' id='word_1_12' title='bbox 467 255 553 319; x_wconf 77' lang='lat' dir='ltr'><strong>Epist.</strong></span> <span class='ocrx_word' id='word_1_13' title='bbox 564 256 600 306; x_wconf 85' lang='lat' dir='ltr'><strong>nd</strong></span> <span class='ocrx_word' id='word_1_14' title='bbox 612 256 741 315; x_wconf 68' lang='lat' dir='ltr'><strong>lineatum</strong></span> <span class='ocrx_word' id='word_1_15' title='bbox 751 258 804 319; x_wconf 79' lang='lat' dir='ltr'><strong>(sni-</strong></span> 
     </span>
     <span class='ocr_line' id='line_1_3' title="bbox 37 323 804 390; baseline 0.013 -20"><span class='ocrx_word' id='word_1_16' title='bbox 37 326 51 373; x_wconf 82' lang='lat' dir='ltr'><strong>t</strong></span> <span class='ocrx_word' id='word_1_17' title='bbox 65 324 142 390; x_wconf 85' lang='lat' dir='ltr'><strong>Epist.</strong></span> <span class='ocrx_word' id='word_1_18' title='bbox 160 324 245 385; x_wconf 83' lang='lat' dir='ltr'>XCIX,</span> <span class='ocrx_word' id='word_1_19' title='bbox 260 327 286 373; x_wconf 90' lang='lat' dir='ltr'><strong>ut</strong></span> <span class='ocrx_word' id='word_1_20' title='bbox 297 323 382 389; x_wconf 78' lang='lat' dir='ltr'><strong>suprd)</strong></span> <span class='ocrx_word' id='word_1_21' title='bbox 396 340 402 375; x_wconf 91' lang='lat'>:</span> <span class='ocrx_word' id='word_1_22' title='bbox 421 326 469 375; x_wconf 83' lang='lat' dir='ltr'><strong>uSi</strong></span> <span class='ocrx_word' id='word_1_23' title='bbox 479 325 505 375; x_wconf 92' lang='lat' dir='ltr'><strong>ir</strong></span> <span class='ocrx_word' id='word_1_24' title='bbox 518 326 615 378; x_wconf 79' lang='lat' dir='ltr'><strong>lbrahu</strong></span> <span class='ocrx_word' id='word_1_25' title='bbox 628 326 705 378; x_wconf 89' lang='lat' dir='ltr'><strong>sinum</strong></span> <span class='ocrx_word' id='word_1_26' title='bbox 721 329 804 379; x_wconf 58' lang='lat' dir='ltr'><strong>Cirris</strong></span> 
     </span>
    </p>
   </div>
   <div class='ocr_carea' id='block_1_3' title="bbox 37 396 841 2680">
    <p class='ocr_par' dir='ltr' id='par_1_3' title="bbox 37 396 841 877">
     <span class='ocr_line' id='line_1_4' title="bbox 37 396 804 461; baseline 0.012 -17"><span class='ocrx_word' id='word_1_27' title='bbox 37 412 46 444; x_wconf 88' lang='lat' dir='ltr'><strong>r</strong></span> <span class='ocrx_word' id='word_1_28' title='bbox 62 400 180 447; x_wconf 90' lang='lat' dir='ltr'><strong>mortuum</strong></span> <span class='ocrx_word' id='word_1_29' title='bbox 193 396 284 446; x_wconf 87' lang='lat' dir='ltr'><strong>venisse</strong></span> <span class='ocrx_word' id='word_1_30' title='bbox 302 410 364 447; x_wconf 85' lang='lat' dir='ltr'><strong>saera</strong></span> <span class='ocrx_word' id='word_1_31' title='bbox 382 397 497 461; x_wconf 78' lang='lat' dir='ltr'><strong>Scriptura</strong></span> <span class='ocrx_word' id='word_1_32' title='bbox 515 397 618 458; x_wconf 73' lang='lat' dir='ltr'>dixisset,</span> <span class='ocrx_word' id='word_1_33' title='bbox 630 412 676 450; x_wconf 90' lang='lat' dir='ltr'><strong>nnn</strong></span> <span class='ocrx_word' id='word_1_34' title='bbox 688 400 804 453; x_wconf 78' lang='lat' dir='ltr'><strong>uenusto</strong></span> 
     </span>
     <span class='ocr_line' id='line_1_5' title="bbox 37 467 804 533; baseline 0.007 -15"><span class='ocrx_word' id='word_1_35' title='bbox 37 482 89 521; x_wconf 77' lang='lat' dir='ltr'><strong>erro</strong></span> <span class='ocrx_word' id='word_1_36' title='bbox 103 468 202 533; x_wconf 83' lang='lat' dir='ltr'><strong>ejusque</strong></span> <span class='ocrx_word' id='word_1_37' title='bbox 216 467 343 530; x_wconf 85' lang='lat' dir='ltr'><strong>doloribus,</strong></span> <span class='ocrx_word' id='word_1_38' title='bbox 356 469 425 520; x_wconf 87' lang='lat' dir='ltr'><strong>minor</strong></span> <span class='ocrx_word' id='word_1_39' title='bbox 443 467 462 519; x_wconf 90' lang='lat' dir='ltr'><strong>si</strong></span> <span class='ocrx_word' id='word_1_40' title='bbox 472 468 594 532; x_wconf 82' lang='lat' dir='ltr'><strong>quisquam</strong></span> <span class='ocrx_word' id='word_1_41' title='bbox 607 469 636 519; x_wconf 89' lang='lat' dir='ltr'><strong>ad</strong></span> <span class='ocrx_word' id='word_1_42' title='bbox 651 470 737 523; x_wconf 78' lang='lat' dir='ltr'><strong>inlesos</strong></span> <span class='ocrx_word' id='word_1_43' title='bbox 750 484 804 523; x_wconf 86' lang='lat' dir='ltr'><strong>oum</strong></span> 
     </span>
     <span class='ocr_line' id='line_1_6' title="bbox 37 539 841 604; baseline 0.005 -15"><span class='ocrx_word' id='word_1_44' title='bbox 37 540 150 591; x_wconf 79' lang='lat' dir='ltr'><strong>rendisse</strong></span> <span class='ocrx_word' id='word_1_45' title='bbox 163 552 264 590; x_wconf 80' lang='lat' dir='ltr'>asserere</span> <span class='ocrx_word' id='word_1_46' title='bbox 279 541 383 604; x_wconf 87' lang='lat' dir='ltr'><strong>auderet;</strong></span> <span class='ocrx_word' id='word_1_47' title='bbox 392 540 432 591; x_wconf 91' lang='lat' dir='ltr'><strong>sed</strong></span> <span class='ocrx_word' id='word_1_48' title='bbox 443 539 498 604; x_wconf 83' lang='lat' dir='ltr'><strong>qnia</strong></span> <span class='ocrx_word' id='word_1_49' title='bbox 509 539 621 590; x_wconf 85' lang='lat' dir='ltr'><strong>evidentia</strong></span> <span class='ocrx_word' id='word_1_50' title='bbox 634 541 765 592; x_wconf 86' lang='lat' dir='ltr'><strong>testimonia</strong></span> <span class='ocrx_word' id='word_1_51' title='bbox 779 546 806 594; x_wconf 87' lang='lat' dir='ltr'><strong>et</strong></span> <span class='ocrx_word' id='word_1_52' title='bbox 838 544 841 549; x_wconf 83' lang='lat'>&#39;</span> 
     </span>
     <span class='ocr_line' id='line_1_7' title="bbox 37 611 805 674; baseline 0.003 -13"><span class='ocrx_word' id='word_1_53' title='bbox 37 626 115 661; x_wconf 81' lang='lat' dir='ltr'><strong>orrum</strong></span> <span class='ocrx_word' id='word_1_54' title='bbox 127 613 307 673; x_wconf 81' lang='lat' dir='ltr'><strong>commemorant</strong></span> <span class='ocrx_word' id='word_1_55' title='bbox 316 615 340 661; x_wconf 91' lang='lat' dir='ltr'><strong>et</strong></span> <span class='ocrx_word' id='word_1_56' title='bbox 351 612 449 674; x_wconf 87' lang='lat' dir='ltr'><strong>dolores,</strong></span> <span class='ocrx_word' id='word_1_57' title='bbox 458 611 520 662; x_wconf 84' lang='lat' dir='ltr'><strong>urla</strong></span> <span class='ocrx_word' id='word_1_58' title='bbox 529 624 596 661; x_wconf 84' lang='lat' dir='ltr'><strong>eausa</strong></span> <span class='ocrx_word' id='word_1_59' title='bbox 608 611 706 663; x_wconf 84' lang='lat' dir='ltr'><strong>oeeumit</strong></span> <span class='ocrx_word' id='word_1_60' title='bbox 715 626 755 662; x_wconf 87' lang='lat' dir='ltr'><strong>err</strong></span> <span class='ocrx_word' id='word_1_61' title='bbox 765 613 805 663; x_wconf 78' lang='lat' dir='ltr'><strong>illd</strong></span> 
     </span>
     <span class='ocr_line' id='line_1_8' title="bbox 38 682 805 744; baseline 0.008 -13"><span class='ocrx_word' id='word_1_62' title='bbox 38 685 103 733; x_wconf 86' lang='lat' dir='ltr'><strong>datur</strong></span> <span class='ocrx_word' id='word_1_63' title='bbox 114 682 207 733; x_wconf 79' lang='lat' dir='ltr'><strong>venisse</strong></span> <span class='ocrx_word' id='word_1_64' title='bbox 222 682 335 744; x_wconf 81' lang='lat' dir='ltr'><strong>Salvator,</strong></span> <span class='ocrx_word' id='word_1_65' title='bbox 349 683 396 733; x_wconf 90' lang='lat' dir='ltr'><strong>risi</strong></span> <span class='ocrx_word' id='word_1_66' title='bbox 411 687 437 732; x_wconf 88' lang='lat' dir='ltr'><strong>ut</strong></span> <span class='ocrx_word' id='word_1_67' title='bbox 450 684 478 733; x_wconf 88' lang='lat' dir='ltr'><strong>ab</strong></span> <span class='ocrx_word' id='word_1_68' title='bbox 496 684 583 734; x_wconf 88' lang='lat' dir='ltr'><strong>eisdem</strong></span> <span class='ocrx_word' id='word_1_69' title='bbox 594 683 709 735; x_wconf 85' lang='lat' dir='ltr'><strong>doloribus</strong></span> <span class='ocrx_word' id='word_1_70' title='bbox 729 685 805 738; x_wconf 84' lang='lat' dir='ltr'><strong>salros</strong></span> 
     </span>
     <span class='ocr_line' id='line_1_9' title="bbox 37 753 804 822; baseline 0.01 -19"><span class='ocrx_word' id='word_1_71' title='bbox 37 758 92 805; x_wconf 89' lang='lat' dir='ltr'><strong>eret.</strong></span> <span class='ocrx_word' id='word_1_72' title='bbox 109 770 124 801; x_wconf 88' lang='lat' dir='ltr'><strong>r</strong></span> <span class='ocrx_word' id='word_1_73' title='bbox 139 753 185 804; x_wconf 86' lang='lat' dir='ltr'><strong>Sed</strong></span> <span class='ocrx_word' id='word_1_74' title='bbox 197 753 260 805; x_wconf 91' lang='lat' dir='ltr'><strong>loeus</strong></span> <span class='ocrx_word' id='word_1_75' title='bbox 278 754 380 805; x_wconf 89' lang='lat' dir='ltr'><strong>dolorum</strong></span> <span class='ocrx_word' id='word_1_76' title='bbox 399 756 434 805; x_wconf 90' lang='lat' dir='ltr'><strong>est</strong></span> <span class='ocrx_word' id='word_1_77' title='bbox 447 754 550 805; x_wconf 85' lang='lat' dir='ltr'><strong>inienuus</strong></span> <span class='ocrx_word' id='word_1_78' title='bbox 563 754 727 807; x_wconf 85' lang='lat' dir='ltr'><strong>damnatorum.</strong></span> <span class='ocrx_word' id='word_1_79' title='bbox 743 757 804 822; x_wconf 83' lang='lat' dir='ltr'><strong>ldrgo</strong></span> 
     </span>
     <span class='ocr_line' id='line_1_10' title="bbox 37 825 577 877; baseline 0 -2"><span class='ocrx_word' id='word_1_80' title='bbox 37 827 105 877; x_wconf 87' lang='lat' dir='ltr'><strong>ristus</strong></span> <span class='ocrx_word' id='word_1_81' title='bbox 121 827 148 877; x_wconf 89' lang='lat' dir='ltr'><strong>ir</strong></span> <span class='ocrx_word' id='word_1_82' title='bbox 160 825 277 877; x_wconf 85' lang='lat' dir='ltr'><strong>internum</strong></span> <span class='ocrx_word' id='word_1_83' title='bbox 287 826 442 877; x_wconf 85' lang='lat' dir='ltr'><strong>damnatorum</strong></span> <span class='ocrx_word' id='word_1_84' title='bbox 452 826 577 877; x_wconf 81' lang='lat' dir='ltr'><strong>deseendit.</strong></span> 
     </span>
    </p>

    <p class='ocr_par' dir='ltr' id='par_1_4' title="bbox 37 897 806 1736">
     <span class='ocr_line' id='line_1_11' title="bbox 37 897 804 962; baseline 0.007 -15"><span class='ocrx_word' id='word_1_85' title='bbox 37 906 55 947; x_wconf 74' lang='lat' dir='ltr'><strong>r.</strong></span> <span class='ocrx_word' id='word_1_86' title='bbox 71 901 187 950; x_wconf 81' lang='lat' dir='ltr'><strong>Praeteren</strong></span> <span class='ocrx_word' id='word_1_87' title='bbox 194 935 203 961; x_wconf 90' lang='lat'><em>,</em></span> <span class='ocrx_word' id='word_1_88' title='bbox 216 897 275 948; x_wconf 89' lang='lat' dir='ltr'><strong>siout</strong></span> <span class='ocrx_word' id='word_1_89' title='bbox 290 898 429 961; x_wconf 70' lang='lat' dir='ltr'><strong>Augustinus</strong></span> <span class='ocrx_word' id='word_1_90' title='bbox 440 898 494 949; x_wconf 81' lang='lat' dir='ltr'><strong>dicit</strong></span> <span class='ocrx_word' id='word_1_91' title='bbox 505 898 639 962; x_wconf 82' lang='lat' dir='ltr'><strong>inquorum</strong></span> <span class='ocrx_word' id='word_1_92' title='bbox 652 913 756 952; x_wconf 79' lang='lat' dir='ltr'>sermone</span> <span class='ocrx_word' id='word_1_93' title='bbox 766 903 804 953; x_wconf 86' lang='lat' dir='ltr'>De</span> 
     </span>
     <span class='ocr_line' id='line_1_12' title="bbox 37 968 803 1035; baseline 0.007 -16"><span class='ocrx_word' id='word_1_94' title='bbox 37 970 192 1019; x_wconf 77' lang='lat' dir='ltr'><strong>surrectione</strong></span> <span class='ocrx_word' id='word_1_95' title='bbox 204 968 250 1033; x_wconf 84' lang='lat' dir='ltr'><strong>(l),</strong></span> <span class='ocrx_word' id='word_1_96' title='bbox 263 968 388 1019; x_wconf 80' lang='lat' dir='ltr'><strong>«Christus</strong></span> <span class='ocrx_word' id='word_1_97' title='bbox 399 970 427 1020; x_wconf 89' lang='lat' dir='ltr'><strong>ad</strong></span> <span class='ocrx_word' id='word_1_98' title='bbox 436 969 549 1019; x_wconf 85' lang='lat' dir='ltr'><strong>internum</strong></span> <span class='ocrx_word' id='word_1_99' title='bbox 560 972 710 1035; x_wconf 82' lang='lat' dir='ltr'><strong>descendeus,</strong></span> <span class='ocrx_word' id='word_1_100' title='bbox 723 986 803 1025; x_wconf 88' lang='lat' dir='ltr'><strong>omres</strong></span> 
     </span>
     <span class='ocr_line' id='line_1_13' title="bbox 37 1038 806 1105; baseline 0.008 -14"><span class='ocrx_word' id='word_1_101' title='bbox 37 1048 87 1102; x_wconf 85' lang='lat' dir='ltr'><strong>tos,</strong></span> <span class='ocrx_word' id='word_1_102' title='bbox 98 1042 141 1105; x_wconf 85' lang='lat' dir='ltr'><strong>qui</strong></span> <span class='ocrx_word' id='word_1_103' title='bbox 153 1038 258 1104; x_wconf 81' lang='lat' dir='ltr'>originali</span> <span class='ocrx_word' id='word_1_104' title='bbox 268 1044 362 1104; x_wconf 80' lang='lat' dir='ltr'><strong>peceato</strong></span> <span class='ocrx_word' id='word_1_105' title='bbox 371 1041 456 1092; x_wconf 80' lang='lat' dir='ltr'><strong>astricti</strong></span> <span class='ocrx_word' id='word_1_106' title='bbox 466 1042 611 1105; x_wconf 77' lang='lat' dir='ltr'><strong>tenebmtur,</strong></span> <span class='ocrx_word' id='word_1_107' title='bbox 623 1044 730 1093; x_wconf 82' lang='lat' dir='ltr'><strong>absoluit.</strong></span> <span class='ocrx_word' id='word_1_108' title='bbox 738 1062 752 1093; x_wconf 85' lang='lat' dir='ltr'><strong>r</strong></span> <span class='ocrx_word' id='word_1_109' title='bbox 761 1046 806 1097; x_wconf 85' lang='lat' dir='ltr'><strong>Sed</strong></span> 
     </span>
     <span class='ocr_line' id='line_1_14' title="bbox 39 1110 804 1176; baseline 0.008 -15"><span class='ocrx_word' id='word_1_110' title='bbox 39 1126 60 1161; x_wconf 85' lang='lat' dir='ltr'><strong>er</strong></span> <span class='ocrx_word' id='word_1_111' title='bbox 69 1114 122 1163; x_wconf 91' lang='lat' dir='ltr'><strong>illos</strong></span> <span class='ocrx_word' id='word_1_112' title='bbox 133 1114 183 1163; x_wconf 85' lang='lat' dir='ltr'><strong>erat</strong></span> <span class='ocrx_word' id='word_1_113' title='bbox 193 1111 262 1162; x_wconf 87' lang='lat' dir='ltr'><strong>etiam</strong></span> <span class='ocrx_word' id='word_1_114' title='bbox 275 1112 325 1175; x_wconf 83' lang='lat' dir='ltr'><strong>toln,</strong></span> <span class='ocrx_word' id='word_1_115' title='bbox 338 1112 414 1176; x_wconf 84' lang='lat' dir='ltr'><strong>quide</strong></span> <span class='ocrx_word' id='word_1_116' title='bbox 427 1111 504 1176; x_wconf 85' lang='lat' dir='ltr'><strong>seipso</strong></span> <span class='ocrx_word' id='word_1_117' title='bbox 518 1110 584 1173; x_wconf 85' lang='lat' dir='ltr'><strong>dieii,</strong></span> <span class='ocrx_word' id='word_1_118' title='bbox 596 1113 804 1173; x_wconf 74' lang='lat' dir='ltr'><strong>tod,xvt1:«tr</strong></span> 
     </span>
     <span class='ocr_line' id='line_1_15' title="bbox 37 1182 805 1251; baseline 0.004 -18"><span class='ocrx_word' id='word_1_119' title='bbox 37 1182 207 1235; x_wconf 69' lang='lat' dir='ltr'><strong>&gt;surdissimum</strong></span> <span class='ocrx_word' id='word_1_120' title='bbox 226 1182 340 1233; x_wconf 87' lang='lat' dir='ltr'><strong>infernum</strong></span> <span class='ocrx_word' id='word_1_121' title='bbox 363 1184 504 1235; x_wconf 84' lang='lat' dir='ltr'><strong>descendent</strong></span> <span class='ocrx_word' id='word_1_122' title='bbox 526 1184 604 1234; x_wconf 86' lang='lat' dir='ltr'><strong>omnia</strong></span> <span class='ocrx_word' id='word_1_123' title='bbox 627 1198 686 1235; x_wconf 91' lang='lat' dir='ltr'><strong>mea.</strong></span> <span class='ocrx_word' id='word_1_124' title='bbox 710 1202 725 1233; x_wconf 83' lang='lat' dir='ltr'><strong>r</strong></span> <span class='ocrx_word' id='word_1_125' title='bbox 745 1187 805 1251; x_wconf 73' lang='lat' dir='ltr'><strong>lingo</strong></span> 
     </span>
     <span class='ocr_line' id='line_1_16' title="bbox 38 1252 802 1318; baseline 0.005 -15"><span class='ocrx_word' id='word_1_126' title='bbox 38 1256 102 1306; x_wconf 75' lang='lat' dir='ltr'><strong>sistus</strong></span> <span class='ocrx_word' id='word_1_127' title='bbox 116 1252 188 1306; x_wconf 87' lang='lat' dir='ltr'><strong>etiam</strong></span> <span class='ocrx_word' id='word_1_128' title='bbox 204 1255 314 1317; x_wconf 82' lang='lat' dir='ltr'><strong>usquead</strong></span> <span class='ocrx_word' id='word_1_129' title='bbox 331 1254 534 1318; x_wconf 84' lang='lat' dir='ltr'><strong>profundissimum</strong></span> <span class='ocrx_word' id='word_1_130' title='bbox 547 1253 663 1305; x_wconf 86' lang='lat' dir='ltr'><strong>internum</strong></span> <span class='ocrx_word' id='word_1_131' title='bbox 675 1255 802 1307; x_wconf 87' lang='lat' dir='ltr'><strong>descendit.</strong></span> 
     </span>
     <span class='ocr_line' id='line_1_17' title="bbox 37 1325 802 1389; baseline 0.005 -13"><span class='ocrx_word' id='word_1_132' title='bbox 37 1328 77 1377; x_wconf 77' lang='lat' dir='ltr'><strong>Sed</strong></span> <span class='ocrx_word' id='word_1_133' title='bbox 88 1330 169 1378; x_wconf 86' lang='lat' dir='ltr'><strong>eontra</strong></span> <span class='ocrx_word' id='word_1_134' title='bbox 180 1328 225 1387; x_wconf 91' lang='lat' dir='ltr'><strong>est,</strong></span> <span class='ocrx_word' id='word_1_135' title='bbox 235 1325 295 1389; x_wconf 89' lang='lat' dir='ltr'><strong>quod</strong></span> <span class='ocrx_word' id='word_1_136' title='bbox 304 1326 332 1377; x_wconf 89' lang='lat' dir='ltr'><strong>de</strong></span> <span class='ocrx_word' id='word_1_137' title='bbox 341 1325 431 1376; x_wconf 85' lang='lat' dir='ltr'><strong>interro</strong></span> <span class='ocrx_word' id='word_1_138' title='bbox 443 1327 600 1378; x_wconf 87' lang='lat' dir='ltr'><strong>damnatorum</strong></span> <span class='ocrx_word' id='word_1_139' title='bbox 613 1325 670 1375; x_wconf 83' lang='lat' dir='ltr'><strong>dicit</strong></span> <span class='ocrx_word' id='word_1_140' title='bbox 676 1327 734 1387; x_wconf 86' lang='lat' dir='ltr'><strong>Jod,</strong></span> <span class='ocrx_word' id='word_1_141' title='bbox 746 1328 802 1379; x_wconf 81' lang='lat' dir='ltr'><strong>xx:</strong></span> 
     </span>
     <span class='ocr_line' id='line_1_18' title="bbox 37 1398 806 1464; baseline 0.007 -17"><span class='ocrx_word' id='word_1_142' title='bbox 37 1404 158 1464; x_wconf 79' lang='lat' dir='ltr'><strong>tutequam</strong></span> <span class='ocrx_word' id='word_1_143' title='bbox 174 1398 254 1449; x_wconf 83' lang='lat' dir='ltr'><strong>radam</strong></span> <span class='ocrx_word' id='word_1_144' title='bbox 262 1434 271 1461; x_wconf 92' lang='lat'><em>,</em></span> <span class='ocrx_word' id='word_1_145' title='bbox 283 1400 306 1449; x_wconf 91' lang='lat' dir='ltr'><strong>et</strong></span> <span class='ocrx_word' id='word_1_146' title='bbox 320 1411 366 1449; x_wconf 92' lang='lat' dir='ltr'><strong>nor</strong></span> <span class='ocrx_word' id='word_1_147' title='bbox 381 1402 480 1449; x_wconf 86' lang='lat' dir='ltr'><strong>revertar</strong></span> <span class='ocrx_word' id='word_1_148' title='bbox 494 1399 522 1448; x_wconf 89' lang='lat' dir='ltr'><strong>ad</strong></span> <span class='ocrx_word' id='word_1_149' title='bbox 534 1402 618 1449; x_wconf 85' lang='lat' dir='ltr'><strong>terram</strong></span> <span class='ocrx_word' id='word_1_150' title='bbox 625 1398 769 1450; x_wconf 81' lang='lat' dir='ltr'><strong>tenebrosam</strong></span> <span class='ocrx_word' id='word_1_151' title='bbox 780 1403 806 1451; x_wconf 90' lang='lat' dir='ltr'><strong>et</strong></span> 
     </span>
     <span class='ocr_line' id='line_1_19' title="bbox 37 1469 806 1534; baseline 0.004 -13"><span class='ocrx_word' id='word_1_152' title='bbox 37 1478 102 1523; x_wconf 81' lang='lat' dir='ltr'><strong>ertum</strong></span> <span class='ocrx_word' id='word_1_153' title='bbox 123 1470 207 1523; x_wconf 84' lang='lat' dir='ltr'><strong>mortis</strong></span> <span class='ocrx_word' id='word_1_154' title='bbox 226 1469 335 1532; x_wconf 85' lang='lat' dir='ltr'><strong>ealigine,</strong></span> <span class='ocrx_word' id='word_1_155' title='bbox 351 1470 391 1519; x_wconf 88' lang='lat' dir='ltr'><strong>ubi</strong></span> <span class='ocrx_word' id='word_1_156' title='bbox 410 1470 487 1520; x_wconf 87' lang='lat' dir='ltr'><strong>rullus</strong></span> <span class='ocrx_word' id='word_1_157' title='bbox 506 1471 576 1530; x_wconf 87' lang='lat' dir='ltr'><strong>ordo,</strong></span> <span class='ocrx_word' id='word_1_158' title='bbox 594 1470 635 1520; x_wconf 87' lang='lat' dir='ltr'><strong>sed</strong></span> <span class='ocrx_word' id='word_1_159' title='bbox 652 1469 806 1534; x_wconf 82' lang='lat' dir='ltr'><strong>sempiternus</strong></span> 
     </span>
     <span class='ocr_line' id='line_1_20' title="bbox 37 1540 805 1594; baseline 0.001 -3"><span class='ocrx_word' id='word_1_160' title='bbox 37 1557 81 1594; x_wconf 83' lang='lat' dir='ltr'><strong>rror</strong></span> <span class='ocrx_word' id='word_1_161' title='bbox 96 1542 246 1593; x_wconf 79' lang='lat' dir='ltr'><strong>inhabitato</strong></span> <span class='ocrx_word' id='word_1_162' title='bbox 266 1540 332 1591; x_wconf 84' lang='lat' dir='ltr'><strong>Nulla</strong></span> <span class='ocrx_word' id='word_1_163' title='bbox 346 1543 423 1591; x_wconf 86' lang='lat' dir='ltr'><strong>autem</strong></span> <span class='ocrx_word' id='word_1_164' title='bbox 442 1544 476 1591; x_wconf 88' lang='lat' dir='ltr'><strong>est</strong></span> <span class='ocrx_word' id='word_1_165' title='bbox 489 1540 612 1591; x_wconf 77' lang='lat' dir='ltr'><strong>conventio</strong></span> <span class='ocrx_word' id='word_1_166' title='bbox 624 1540 682 1591; x_wconf 86' lang='lat' dir='ltr'><strong>lueis</strong></span> <span class='ocrx_word' id='word_1_167' title='bbox 699 1543 728 1591; x_wconf 87' lang='lat' dir='ltr'><strong>ad</strong></span> <span class='ocrx_word' id='word_1_168' title='bbox 740 1545 805 1593; x_wconf 88' lang='lat' dir='ltr'><strong>tene·</strong></span> 
     </span>
     <span class='ocr_line' id='line_1_21' title="bbox 37 1611 803 1677; baseline 0.001 -15"><span class='ocrx_word' id='word_1_169' title='bbox 37 1630 67 1677; x_wconf 81' lang='lat' dir='ltr'><strong>rs,</strong></span> <span class='ocrx_word' id='word_1_170' title='bbox 79 1619 104 1665; x_wconf 83' lang='lat' dir='ltr'><strong>ut</strong></span> <span class='ocrx_word' id='word_1_171' title='bbox 118 1614 201 1665; x_wconf 85' lang='lat' dir='ltr'><strong>dieitur</strong></span> <span class='ocrx_word' id='word_1_172' title='bbox 219 1614 248 1663; x_wconf 89' lang='lat' dir='ltr'><strong>ll.</strong></span> <span class='ocrx_word' id='word_1_173' title='bbox 266 1612 302 1661; x_wconf 86' lang='lat' dir='ltr'><strong>ad</strong></span> <span class='ocrx_word' id='word_1_174' title='bbox 317 1612 388 1673; x_wconf 70' lang='lat' dir='ltr'><strong>Gom,</strong></span> <span class='ocrx_word' id='word_1_175' title='bbox 401 1612 440 1662; x_wconf 88' lang='lat' dir='ltr'><strong>Vl.</strong></span> <span class='ocrx_word' id='word_1_176' title='bbox 455 1612 515 1675; x_wconf 82' lang='lat' dir='ltr'><strong>Ergo</strong></span> <span class='ocrx_word' id='word_1_177' title='bbox 525 1611 638 1675; x_wconf 81' lang='lat' dir='ltr'><strong>Christutt,</strong></span> <span class='ocrx_word' id='word_1_178' title='bbox 653 1613 694 1676; x_wconf 84' lang='lat' dir='ltr'><strong>qui</strong></span> <span class='ocrx_word' id='word_1_179' title='bbox 706 1616 742 1663; x_wconf 84' lang='lat' dir='ltr'><strong>est</strong></span> <span class='ocrx_word' id='word_1_180' title='bbox 753 1612 803 1675; x_wconf 84' lang='lat' dir='ltr'><strong>lux,</strong></span> 
     </span>
     <span class='ocr_line' id='line_1_22' title="bbox 46 1683 603 1736; baseline -0.004 -3"><span class='ocrx_word' id='word_1_181' title='bbox 46 1686 106 1736; x_wconf 91' lang='lat' dir='ltr'><strong>illum</strong></span> <span class='ocrx_word' id='word_1_182' title='bbox 120 1684 237 1736; x_wconf 86' lang='lat' dir='ltr'><strong>internum</strong></span> <span class='ocrx_word' id='word_1_183' title='bbox 249 1684 404 1734; x_wconf 84' lang='lat' dir='ltr'><strong>damnatorum</strong></span> <span class='ocrx_word' id='word_1_184' title='bbox 420 1696 466 1733; x_wconf 93' lang='lat' dir='ltr'><strong>non</strong></span> <span class='ocrx_word' id='word_1_185' title='bbox 475 1683 603 1735; x_wconf 86' lang='lat' dir='ltr'><strong>deseendit.</strong></span> 
     </span>
    </p>

    <p class='ocr_par' dir='ltr' id='par_1_5' title="bbox 37 1753 805 1965">
     <span class='ocr_line' id='line_1_23' title="bbox 40 1753 803 1817; baseline -0.001 -10"><span class='ocrx_word' id='word_1_186' title='bbox 40 1756 201 1817; x_wconf 80' lang='lat' dir='ltr'><strong>(Corcnrsro.</strong></span> <span class='ocrx_word' id='word_1_187' title='bbox 213 1782 244 1792; x_wconf 91' lang='lat'><strong>—-</strong></span> <span class='ocrx_word' id='word_1_188' title='bbox 258 1754 375 1816; x_wconf 86' lang='lat' dir='ltr'><strong>Christus,</strong></span> <span class='ocrx_word' id='word_1_189' title='bbox 391 1754 516 1807; x_wconf 86' lang='lat' dir='ltr'><strong>seourdirm</strong></span> <span class='ocrx_word' id='word_1_190' title='bbox 535 1754 657 1816; x_wconf 84' lang='lat' dir='ltr'><strong>edentum,</strong></span> <span class='ocrx_word' id='word_1_191' title='bbox 670 1753 695 1804; x_wconf 91' lang='lat' dir='ltr'><strong>ir</strong></span> <span class='ocrx_word' id='word_1_192' title='bbox 711 1766 803 1807; x_wconf 87' lang='lat' dir='ltr'>omrem</span> 
     </span>
     <span class='ocr_line' id='line_1_24' title="bbox 37 1826 805 1892; baseline 0.008 -17"><span class='ocrx_word' id='word_1_193' title='bbox 37 1828 85 1877; x_wconf 60' lang='lat' dir='ltr'><strong>lerri</strong></span> <span class='ocrx_word' id='word_1_194' title='bbox 103 1830 181 1880; x_wconf 85' lang='lat' dir='ltr'><strong>locum</strong></span> <span class='ocrx_word' id='word_1_195' title='bbox 197 1827 331 1891; x_wconf 71' lang='lat' dir='ltr'><strong>deseendit3</strong></span> <span class='ocrx_word' id='word_1_196' title='bbox 350 1826 475 1879; x_wconf 84' lang='lat' dir='ltr'><strong>seeundum</strong></span> <span class='ocrx_word' id='word_1_197' title='bbox 493 1826 547 1877; x_wconf 85' lang='lat' dir='ltr'><strong>rerd</strong></span> <span class='ocrx_word' id='word_1_198' title='bbox 561 1827 731 1878; x_wconf 82' lang='lat' dir='ltr'><strong>substantialem</strong></span> <span class='ocrx_word' id='word_1_199' title='bbox 744 1841 805 1892; x_wconf 79' lang='lat' dir='ltr'><strong>prse-</strong></span> 
     </span>
     <span class='ocr_line' id='line_1_25' title="bbox 37 1896 648 1965; baseline -0.003 -16"><span class='ocrx_word' id='word_1_200' title='bbox 37 1901 112 1965; x_wconf 87' lang='lat' dir='ltr'><strong>rtiam,</strong></span> <span class='ocrx_word' id='word_1_201' title='bbox 134 1896 227 1951; x_wconf 88' lang='lat' dir='ltr'><strong>nonnisi</strong></span> <span class='ocrx_word' id='word_1_202' title='bbox 240 1900 268 1949; x_wconf 88' lang='lat' dir='ltr'><strong>ad</strong></span> <span class='ocrx_word' id='word_1_203' title='bbox 281 1899 356 1951; x_wconf 90' lang='lat' dir='ltr'><strong>loeum</strong></span> <span class='ocrx_word' id='word_1_204' title='bbox 370 1898 487 1950; x_wconf 84' lang='lat' dir='ltr'><strong>deseendit</strong></span> <span class='ocrx_word' id='word_1_205' title='bbox 504 1899 648 1963; x_wconf 88' lang='lat' dir='ltr'><strong>justorum.)</strong></span> 
     </span>
    </p>

    <p class='ocr_par' dir='ltr' id='par_1_6' title="bbox 37 1970 807 2680">
     <span class='ocr_line' id='line_1_26' title="bbox 40 1970 805 2037; baseline 0.003 -17"><span class='ocrx_word' id='word_1_206' title='bbox 40 1972 171 2037; x_wconf 77' lang='lat' dir='ltr'>despondeo</span> <span class='ocrx_word' id='word_1_207' title='bbox 188 1970 321 2033; x_wconf 84' lang='lat' dir='ltr'><strong>dicendum,</strong></span> <span class='ocrx_word' id='word_1_208' title='bbox 341 1970 401 2034; x_wconf 82' lang='lat' dir='ltr'><strong>qrrod</strong></span> <span class='ocrx_word' id='word_1_209' title='bbox 422 1970 543 2034; x_wconf 79' lang='lat' dir='ltr'><strong>dupliciter</strong></span> <span class='ocrx_word' id='word_1_210' title='bbox 561 1970 642 2021; x_wconf 88' lang='lat' dir='ltr'><strong>dieitur</strong></span> <span class='ocrx_word' id='word_1_211' title='bbox 657 1984 707 2022; x_wconf 89' lang='lat' dir='ltr'>esse</span> <span class='ocrx_word' id='word_1_212' title='bbox 720 1970 805 2035; x_wconf 84' lang='lat' dir='ltr'><strong>aliquid</strong></span> 
     </span>
     <span class='ocr_line' id='line_1_27' title="bbox 37 2042 805 2105; baseline 0.007 -16"><span class='ocrx_word' id='word_1_213' title='bbox 37 2046 86 2094; x_wconf 79' lang='lat' dir='ltr'><strong>orbi</strong></span> <span class='ocrx_word' id='word_1_214' title='bbox 101 2060 106 2093; x_wconf 83' lang='lat' dir='ltr'><strong><em>z</em></strong></span> <span class='ocrx_word' id='word_1_215' title='bbox 118 2057 165 2095; x_wconf 89' lang='lat' dir='ltr'><strong>uro</strong></span> <span class='ocrx_word' id='word_1_216' title='bbox 175 2043 256 2104; x_wconf 93' lang='lat' dir='ltr'>modo,</span> <span class='ocrx_word' id='word_1_217' title='bbox 267 2055 307 2105; x_wconf 85' lang='lat' dir='ltr'><strong>per</strong></span> <span class='ocrx_word' id='word_1_218' title='bbox 318 2056 384 2093; x_wconf 89' lang='lat' dir='ltr'><strong>suum</strong></span> <span class='ocrx_word' id='word_1_219' title='bbox 395 2042 516 2103; x_wconf 79' lang='lat' dir='ltr'><strong>ellectum3</strong></span> <span class='ocrx_word' id='word_1_220' title='bbox 528 2045 565 2102; x_wconf 82' lang='lat' dir='ltr'><strong>et,</strong></span> <span class='ocrx_word' id='word_1_221' title='bbox 578 2044 622 2093; x_wconf 87' lang='lat' dir='ltr'>hoe</span> <span class='ocrx_word' id='word_1_222' title='bbox 633 2043 713 2104; x_wconf 90' lang='lat' dir='ltr'>modo,</span> <span class='ocrx_word' id='word_1_223' title='bbox 724 2044 805 2095; x_wconf 87' lang='lat' dir='ltr'><strong>Chris·</strong></span> 
     </span>
     <span class='ocr_line' id='line_1_28' title="bbox 37 2112 804 2179; baseline 0.001 -17"><span class='ocrx_word' id='word_1_224' title='bbox 37 2116 78 2165; x_wconf 88' lang='lat' dir='ltr'><strong>sir</strong></span> <span class='ocrx_word' id='word_1_225' title='bbox 93 2115 219 2179; x_wconf 83' lang='lat' dir='ltr'><strong>quemlibet</strong></span> <span class='ocrx_word' id='word_1_226' title='bbox 230 2113 355 2164; x_wconf 85' lang='lat' dir='ltr'><strong>interorum</strong></span> <span class='ocrx_word' id='word_1_227' title='bbox 371 2112 499 2176; x_wconf 80' lang='lat' dir='ltr'><strong>descendit,</strong></span> <span class='ocrx_word' id='word_1_228' title='bbox 513 2112 577 2163; x_wconf 76' lang='lat' dir='ltr'><strong>alter</strong></span> <span class='ocrx_word' id='word_1_229' title='bbox 595 2115 672 2165; x_wconf 88' lang='lat' dir='ltr'><strong>tamer</strong></span> <span class='ocrx_word' id='word_1_230' title='bbox 686 2118 710 2165; x_wconf 90' lang='lat' dir='ltr'><strong>et</strong></span> <span class='ocrx_word' id='word_1_231' title='bbox 720 2114 785 2165; x_wconf 87' lang='lat' dir='ltr'><strong>aliter</strong></span> <span class='ocrx_word' id='word_1_232' title='bbox 797 2130 804 2163; x_wconf 75' lang='grc' dir='ltr'><strong><em>ε</em></strong></span> 
     </span>
     <span class='ocr_line' id='line_1_29' title="bbox 37 2184 804 2249; baseline 0.003 -14"><span class='ocrx_word' id='word_1_233' title='bbox 37 2200 60 2235; x_wconf 76' lang='lat' dir='ltr'><strong>rm</strong></span> <span class='ocrx_word' id='word_1_234' title='bbox 72 2188 95 2237; x_wconf 89' lang='lat' dir='ltr'><strong>ir</strong></span> <span class='ocrx_word' id='word_1_235' title='bbox 105 2188 196 2238; x_wconf 82' lang='lat' dir='ltr'><strong>interro</strong></span> <span class='ocrx_word' id='word_1_236' title='bbox 208 2187 365 2236; x_wconf 87' lang='lat' dir='ltr'><strong>damnatorum</strong></span> <span class='ocrx_word' id='word_1_237' title='bbox 374 2184 455 2235; x_wconf 82' lang='lat' dir='ltr'><strong>habuit</strong></span> <span class='ocrx_word' id='word_1_238' title='bbox 465 2186 526 2235; x_wconf 87' lang='lat' dir='ltr'><strong>hune</strong></span> <span class='ocrx_word' id='word_1_239' title='bbox 536 2184 652 2247; x_wconf 82' lang='lat' dir='ltr'><strong>ellectum,</strong></span> <span class='ocrx_word' id='word_1_240' title='bbox 669 2185 739 2249; x_wconf 83' lang='lat' dir='ltr'><strong>quid,</strong></span> <span class='ocrx_word' id='word_1_241' title='bbox 752 2187 804 2237; x_wconf 83' lang='lat' dir='ltr'><strong>des-</strong></span> 
     </span>
     <span class='ocr_line' id='line_1_30' title="bbox 37 2255 805 2317; baseline 0.005 -14"><span class='ocrx_word' id='word_1_242' title='bbox 37 2258 103 2309; x_wconf 90' lang='lat' dir='ltr'><strong>rders</strong></span> <span class='ocrx_word' id='word_1_243' title='bbox 114 2259 144 2309; x_wconf 87' lang='lat' dir='ltr'><strong>ad</strong></span> <span class='ocrx_word' id='word_1_244' title='bbox 156 2258 256 2317; x_wconf 85' lang='lat' dir='ltr'><strong>interos,</strong></span> <span class='ocrx_word' id='word_1_245' title='bbox 271 2270 311 2309; x_wconf 88' lang='lat' dir='ltr'>eos</span> <span class='ocrx_word' id='word_1_246' title='bbox 324 2258 351 2307; x_wconf 90' lang='lat' dir='ltr'><strong>de</strong></span> <span class='ocrx_word' id='word_1_247' title='bbox 364 2270 404 2308; x_wconf 89' lang='lat' dir='ltr'><strong>sua</strong></span> <span class='ocrx_word' id='word_1_248' title='bbox 419 2255 577 2307; x_wconf 81' lang='lat' dir='ltr'><strong>incredulitate</strong></span> <span class='ocrx_word' id='word_1_249' title='bbox 587 2259 611 2306; x_wconf 89' lang='lat' dir='ltr'><strong>et</strong></span> <span class='ocrx_word' id='word_1_250' title='bbox 621 2256 708 2307; x_wconf 79' lang='lat' dir='ltr'><strong>malitis</strong></span> <span class='ocrx_word' id='word_1_251' title='bbox 720 2257 805 2307; x_wconf 87' lang='lat' dir='ltr'><strong>eoniu-</strong></span> 
     </span>
     <span class='ocr_line' id='line_1_31' title="bbox 38 2327 805 2393; baseline 0.01 -20"><span class='ocrx_word' id='word_1_252' title='bbox 38 2328 75 2389; x_wconf 81' lang='lat' dir='ltr'><strong>rit,</strong></span> <span class='ocrx_word' id='word_1_253' title='bbox 86 2330 130 2382; x_wconf 89' lang='lat' dir='ltr'><strong>illis</strong></span> <span class='ocrx_word' id='word_1_254' title='bbox 149 2329 205 2381; x_wconf 83' lang='lat' dir='ltr'><strong>vend</strong></span> <span class='ocrx_word' id='word_1_255' title='bbox 222 2328 263 2393; x_wconf 85' lang='lat' dir='ltr'><strong>qui</strong></span> <span class='ocrx_word' id='word_1_256' title='bbox 277 2328 434 2379; x_wconf 86' lang='lat' dir='ltr'><strong>detinebantur</strong></span> <span class='ocrx_word' id='word_1_257' title='bbox 450 2328 475 2377; x_wconf 90' lang='lat' dir='ltr'><strong>in</strong></span> <span class='ocrx_word' id='word_1_258' title='bbox 492 2327 635 2391; x_wconf 85' lang='lat' dir='ltr'><strong>purgatorio,</strong></span> <span class='ocrx_word' id='word_1_259' title='bbox 647 2341 712 2393; x_wconf 85' lang='lat' dir='ltr'><strong>spem</strong></span> <span class='ocrx_word' id='word_1_260' title='bbox 727 2328 805 2391; x_wconf 80' lang='lat' dir='ltr'><strong>glorier</strong></span> 
     </span>
     <span class='ocr_line' id='line_1_32' title="bbox 37 2399 806 2466; baseline -0.001 -15"><span class='ocrx_word' id='word_1_261' title='bbox 37 2402 171 2466; x_wconf 76' lang='lat' dir='ltr'><strong>tmequendae</strong></span> <span class='ocrx_word' id='word_1_262' title='bbox 184 2400 260 2465; x_wconf 86' lang='lat' dir='ltr'><strong>dedit,</strong></span> <span class='ocrx_word' id='word_1_263' title='bbox 273 2400 358 2452; x_wconf 86' lang='lat' dir='ltr'><strong>sanctis</strong></span> <span class='ocrx_word' id='word_1_264' title='bbox 368 2405 444 2452; x_wconf 89' lang='lat' dir='ltr'><strong>autem</strong></span> <span class='ocrx_word' id='word_1_265' title='bbox 454 2399 571 2465; x_wconf 79' lang='lat' dir='ltr'><strong>patribus,</strong></span> <span class='ocrx_word' id='word_1_266' title='bbox 582 2399 623 2463; x_wconf 87' lang='lat' dir='ltr'><strong>qui</strong></span> <span class='ocrx_word' id='word_1_267' title='bbox 636 2413 676 2464; x_wconf 80' lang='lat' dir='ltr'><strong>oro</strong></span> <span class='ocrx_word' id='word_1_268' title='bbox 686 2401 734 2451; x_wconf 90' lang='lat' dir='ltr'><strong>solo</strong></span> <span class='ocrx_word' id='word_1_269' title='bbox 747 2414 806 2464; x_wconf 81' lang='lat' dir='ltr'><strong>pen-</strong></span> 
     </span>
     <span class='ocr_line' id='line_1_33' title="bbox 37 2471 807 2539; baseline 0.008 -22"><span class='ocrx_word' id='word_1_270' title='bbox 37 2476 60 2521; x_wconf 85' lang='lat' dir='ltr'><strong>oo</strong></span> <span class='ocrx_word' id='word_1_271' title='bbox 77 2473 180 2539; x_wconf 83' lang='lat' dir='ltr'><strong>originali</strong></span> <span class='ocrx_word' id='word_1_272' title='bbox 198 2472 357 2524; x_wconf 84' lang='lat' dir='ltr'><strong>detinebuntur</strong></span> <span class='ocrx_word' id='word_1_273' title='bbox 371 2472 394 2523; x_wconf 92' lang='lat' dir='ltr'><strong>ir</strong></span> <span class='ocrx_word' id='word_1_274' title='bbox 408 2472 511 2534; x_wconf 83' lang='lat' dir='ltr'><strong>interno,</strong></span> <span class='ocrx_word' id='word_1_275' title='bbox 525 2472 603 2521; x_wconf 89' lang='lat' dir='ltr'><strong>lumen</strong></span> <span class='ocrx_word' id='word_1_276' title='bbox 616 2475 707 2523; x_wconf 78' lang='lat' dir='ltr'><strong>eterne</strong></span> <span class='ocrx_word' id='word_1_277' title='bbox 728 2471 807 2535; x_wconf 82' lang='lat' dir='ltr'><strong>glorie</strong></span> 
     </span>
     <span class='ocr_line' id='line_1_34' title="bbox 37 2542 807 2607; baseline 0.006 -20"><span class='ocrx_word' id='word_1_278' title='bbox 37 2542 99 2594; x_wconf 69' lang='lat' dir='ltr'><strong>studit.</strong></span> <span class='ocrx_word' id='word_1_279' title='bbox 111 2546 161 2596; x_wconf 77' lang='lat' dir='ltr'><strong>ilio</strong></span> <span class='ocrx_word' id='word_1_280' title='bbox 175 2546 243 2597; x_wconf 90' lang='lat' dir='ltr'><strong>modo</strong></span> <span class='ocrx_word' id='word_1_281' title='bbox 256 2542 337 2596; x_wconf 87' lang='lat' dir='ltr'><strong>dieitur</strong></span> <span class='ocrx_word' id='word_1_282' title='bbox 351 2544 434 2607; x_wconf 72' lang='lat' dir='ltr'><strong>diuruid</strong></span> <span class='ocrx_word' id='word_1_283' title='bbox 444 2556 495 2595; x_wconf 88' lang='lat' dir='ltr'><strong>esse</strong></span> <span class='ocrx_word' id='word_1_284' title='bbox 506 2542 590 2593; x_wconf 83' lang='lat' dir='ltr'><strong>alieubi</strong></span> <span class='ocrx_word' id='word_1_285' title='bbox 599 2556 639 2606; x_wconf 86' lang='lat' dir='ltr'><strong>per</strong></span> <span class='ocrx_word' id='word_1_286' title='bbox 652 2556 716 2592; x_wconf 91' lang='lat' dir='ltr'><strong>suam</strong></span> <span class='ocrx_word' id='word_1_287' title='bbox 724 2556 807 2593; x_wconf 87' lang='lat' dir='ltr'><strong>esser·</strong></span> 
     </span>
     <span class='ocr_line' id='line_1_35' title="bbox 37 2612 806 2680; baseline -0.004 -12"><span class='ocrx_word' id='word_1_288' title='bbox 37 2624 78 2678; x_wconf 61' lang='grc' dir='ltr'><strong>ἢθη</strong></span> <span class='ocrx_word' id='word_1_289' title='bbox 90 2620 123 2680; x_wconf 90' lang='lat' dir='ltr'><strong>et,</strong></span> <span class='ocrx_word' id='word_1_290' title='bbox 136 2618 181 2667; x_wconf 83' lang='lat' dir='ltr'><strong>lnoe</strong></span> <span class='ocrx_word' id='word_1_291' title='bbox 196 2616 279 2677; x_wconf 90' lang='lat' dir='ltr'>modo,</span> <span class='ocrx_word' id='word_1_292' title='bbox 290 2614 365 2665; x_wconf 89' lang='lat' dir='ltr'><strong>arima</strong></span> <span class='ocrx_word' id='word_1_293' title='bbox 378 2614 463 2666; x_wconf 82' lang='lat' dir='ltr'><strong>Christi</strong></span> <span class='ocrx_word' id='word_1_294' title='bbox 475 2614 594 2666; x_wconf 84' lang='lat' dir='ltr'><strong>deseendit</strong></span> <span class='ocrx_word' id='word_1_295' title='bbox 607 2612 680 2664; x_wconf 82' lang='lat' dir='ltr'><strong>solium</strong></span> <span class='ocrx_word' id='word_1_296' title='bbox 691 2614 720 2664; x_wconf 86' lang='lat' dir='ltr'><strong>ad</strong></span> <span class='ocrx_word' id='word_1_297' title='bbox 732 2614 806 2665; x_wconf 78' lang='lat' dir='ltr'><strong>losum</strong></span> 
     </span>
    </p>
   </div>
   <div class='ocr_carea' id='block_1_4' title="bbox 37 2772 807 2965">
    <p class='ocr_par' dir='ltr' id='par_1_7' title="bbox 37 2772 807 2965">
     <span class='ocr_line' id='line_1_36' title="bbox 50 2772 807 2837; baseline -0.003 -11"><span class='ocrx_word' id='word_1_298' title='bbox 50 2772 76 2835; x_wconf 77' lang='grc'><strong>[1)</strong></span> <span class='ocrx_word' id='word_1_299' title='bbox 91 2779 177 2837; x_wconf 84' lang='lat' dir='ltr'>Nempe</span> <span class='ocrx_word' id='word_1_300' title='bbox 191 2782 264 2826; x_wconf 85' lang='lat' dir='ltr'><strong>serm.</strong></span> <span class='ocrx_word' id='word_1_301' title='bbox 278 2780 400 2826; x_wconf 74' lang='lat' dir='ltr'><strong>dxxxvii</strong></span> <span class='ocrx_word' id='word_1_302' title='bbox 409 2778 437 2825; x_wconf 88' lang='lat' dir='ltr'><strong>do</strong></span> <span class='ocrx_word' id='word_1_303' title='bbox 457 2784 575 2836; x_wconf 83' lang='lat' dir='ltr'><strong>tempore,</strong></span> <span class='ocrx_word' id='word_1_304' title='bbox 588 2777 628 2833; x_wconf 88' lang='lat' dir='ltr'><strong>qni</strong></span> <span class='ocrx_word' id='word_1_305' title='bbox 641 2782 677 2823; x_wconf 86' lang='lat' dir='ltr'><strong>est</strong></span> <span class='ocrx_word' id='word_1_306' title='bbox 690 2778 807 2824; x_wconf 75' lang='lat' dir='ltr'><strong>secundus</strong></span> 
     </span>
     <span class='ocr_line' id='line_1_37' title="bbox 37 2839 806 2903; baseline 0.008 -24"><span class='ocrx_word' id='word_1_307' title='bbox 37 2847 46 2879; x_wconf 87' lang='lat' dir='ltr'><strong>n</strong></span> <span class='ocrx_word' id='word_1_308' title='bbox 57 2843 238 2901; x_wconf 83' lang='lat' dir='ltr'><strong>resurreetione,</strong></span> <span class='ocrx_word' id='word_1_309' title='bbox 249 2842 287 2889; x_wconf 80' lang='lat' dir='ltr'><strong>uel</strong></span> <span class='ocrx_word' id='word_1_310' title='bbox 299 2843 337 2887; x_wconf 75' lang='grc' dir='ltr'><strong>ΠΙ</strong></span> <span class='ocrx_word' id='word_1_311' title='bbox 350 2843 373 2887; x_wconf 87' lang='lat' dir='ltr'><strong>ir</strong></span> <span class='ocrx_word' id='word_1_312' title='bbox 385 2842 512 2903; x_wconf 77' lang='lat' dir='ltr'><strong>apperitus</strong></span> <span class='ocrx_word' id='word_1_313' title='bbox 524 2842 554 2887; x_wconf 86' lang='lat' dir='ltr'><strong>de</strong></span> <span class='ocrx_word' id='word_1_314' title='bbox 567 2839 722 2899; x_wconf 82' lang='lat' dir='ltr'><strong>dirersis‚ulri</strong></span> <span class='ocrx_word' id='word_1_315' title='bbox 735 2840 806 2898; x_wconf 81' lang='lat' dir='ltr'><strong>paulo</strong></span> 
     </span>
     <span class='ocr_line' id='line_1_38' title="bbox 38 2904 368 2965; baseline 0.012 -18"><span class='ocrx_word' id='word_1_316' title='bbox 38 2908 67 2947; x_wconf 79' lang='lat' dir='ltr'><strong>ort</strong></span> <span class='ocrx_word' id='word_1_317' title='bbox 75 2904 209 2965; x_wconf 78' lang='lat' dir='ltr'><strong>principium</strong></span> <span class='ocrx_word' id='word_1_318' title='bbox 226 2906 250 2953; x_wconf 91' lang='lat' dir='ltr'><strong>id</strong></span> <span class='ocrx_word' id='word_1_319' title='bbox 263 2906 368 2953; x_wconf 79' lang='lat' dir='ltr'><strong>hebetur.</strong></span> 
     </span>
    </p>
   </div>
   <div class='ocr_carea' id='block_1_5' title="bbox 0 0 966 3317">
    <p class='ocr_par' dir='ltr' id='par_1_8' title="bbox 0 0 966 3317">
     <span class='ocr_line' id='line_1_39' title="bbox 0 0 966 3317; baseline 0 0"><span class='ocrx_word' id='word_1_320' title='bbox 0 0 966 3317; x_wconf 95' lang='lat' dir='ltr'><strong> </strong></span> 
     </span>
    </p>
   </div>
  </div>
 </body>
</html>
