<?xml version="1.0" encoding="UTF-8"?>
<!DOCTYPE html PUBLIC "-//W3C//DTD XHTML 1.0 Transitional//EN"
    "http://www.w3.org/TR/xhtml1/DTD/xhtml1-transitional.dtd">
<html xmlns="http://www.w3.org/1999/xhtml" xml:lang="en" lang="en">
 <head>
  <title>
</title>
<meta http-equiv="Content-Type" content="text/html;charset=utf-8" />
  <meta name='ocr-system' content='tesseract 3.04.00' />
  <meta name='ocr-capabilities' content='ocr_page ocr_carea ocr_par ocr_line ocrx_word'/>
</head>
<body>
  <div class='ocr_page' id='page_1' title='image "./summatheologica02nicogoog_0101.png"; bbox 0 0 1917 3317; ppageno 0'>
   <div class='ocr_carea' id='block_1_1' title="bbox 146 179 846 230">
    <p class='ocr_par' dir='ltr' id='par_1_1' title="bbox 146 179 846 230">
     <span class='ocr_line' id='line_1_1' title="bbox 146 179 846 230; baseline -0.019 -1"><span class='ocrx_word' id='word_1_1' title='bbox 146 179 176 228; x_wconf 75' lang='lat' dir='ltr'><strong>si</strong></span> <span class='ocrx_word' id='word_1_2' title='bbox 244 189 352 228; x_wconf 77' lang='lat' dir='ltr'><strong>secusne</strong></span> <span class='ocrx_word' id='word_1_3' title='bbox 367 183 497 230; x_wconf 71' lang='lat' dir='ltr'><strong>mouns,</strong></span> <span class='ocrx_word' id='word_1_4' title='bbox 513 182 607 228; x_wconf 69' lang='lat' dir='ltr'><strong>oense</strong></span> <span class='ocrx_word' id='word_1_5' title='bbox 624 180 729 227; x_wconf 71' lang='lat' dir='ltr'><strong>aura,</strong></span> <span class='ocrx_word' id='word_1_6' title='bbox 743 179 800 216; x_wconf 80' lang='lat' dir='ltr'><strong>sar.</strong></span> <span class='ocrx_word' id='word_1_7' title='bbox 821 181 846 216; x_wconf 87' lang='lat' dir='ltr'><strong>r.</strong></span> 
     </span>
    </p>
   </div>
   <div class='ocr_carea' id='block_1_2' title="bbox 118 252 942 2106">
    <p class='ocr_par' dir='ltr' id='par_1_2' title="bbox 145 252 928 673">
     <span class='ocr_line' id='line_1_2' title="bbox 178 252 923 324; baseline -0.017 -7"><span class='ocrx_word' id='word_1_8' title='bbox 178 272 202 316; x_wconf 80' lang='lat' dir='ltr'><strong>s.</strong></span> <span class='ocrx_word' id='word_1_9' title='bbox 215 267 340 324; x_wconf 72' lang='lat' dir='ltr'><strong>emersa,</strong></span> <span class='ocrx_word' id='word_1_10' title='bbox 354 261 384 312; x_wconf 80' lang='lat' dir='ltr'><strong>acl</strong></span> <span class='ocrx_word' id='word_1_11' title='bbox 401 258 565 324; x_wconf 71' lang='lat' dir='ltr'><strong>perfectionem</strong></span> <span class='ocrx_word' id='word_1_12' title='bbox 582 255 718 321; x_wconf 84' lang='lat' dir='ltr'><strong>episcopatis</strong></span> <span class='ocrx_word' id='word_1_13' title='bbox 734 257 809 306; x_wconf 85' lang='lat' dir='ltr'><strong>status</strong></span> <span class='ocrx_word' id='word_1_14' title='bbox 827 252 923 319; x_wconf 80' lang='lat' dir='ltr'><strong>perine.</strong></span> 
     </span>
     <span class='ocr_line' id='line_1_3' title="bbox 146 325 927 403; baseline -0.017 -14"><span class='ocrx_word' id='word_1_15' title='bbox 146 339 206 403; x_wconf 82' lang='lat' dir='ltr'><strong>quod</strong></span> <span class='ocrx_word' id='word_1_16' title='bbox 217 333 326 400; x_wconf 78' lang='lat' dir='ltr'>proximis</span> <span class='ocrx_word' id='word_1_17' title='bbox 337 345 413 381; x_wconf 82' lang='lat' dir='ltr'><strong>orrarn</strong></span> <span class='ocrx_word' id='word_1_18' title='bbox 425 330 550 394; x_wconf 81' lang='lat' dir='ltr'><strong>impendat.</strong></span> <span class='ocrx_word' id='word_1_19' title='bbox 560 327 605 378; x_wconf 84' lang='lat' dir='ltr'><strong>Sel</strong></span> <span class='ocrx_word' id='word_1_20' title='bbox 615 339 661 377; x_wconf 90' lang='lat' dir='ltr'><strong>noo</strong></span> <span class='ocrx_word' id='word_1_21' title='bbox 669 326 753 376; x_wconf 89' lang='lat' dir='ltr'><strong>lioetei</strong></span> <span class='ocrx_word' id='word_1_22' title='bbox 763 325 806 389; x_wconf 89' lang='lat' dir='ltr'><strong>qni</strong></span> <span class='ocrx_word' id='word_1_23' title='bbox 815 330 851 377; x_wconf 88' lang='lat' dir='ltr'><strong>est</strong></span> <span class='ocrx_word' id='word_1_24' title='bbox 858 329 927 376; x_wconf 69' lang='lat' dir='ltr'><strong>samu</strong></span> 
     </span>
     <span class='ocr_line' id='line_1_4' title="bbox 145 396 928 474; baseline -0.019 -16"><span class='ocrx_word' id='word_1_25' title='bbox 145 404 290 474; x_wconf 89' lang='lat' dir='ltr'><strong>perlectionis</strong></span> <span class='ocrx_word' id='word_1_26' title='bbox 304 404 433 467; x_wconf 81' lang='lat' dir='ltr'><strong>protessus,</strong></span> <span class='ocrx_word' id='word_1_27' title='bbox 447 405 474 450; x_wconf 91' lang='lat' dir='ltr'><strong>ut</strong></span> <span class='ocrx_word' id='word_1_28' title='bbox 483 400 579 451; x_wconf 88' lang='lat' dir='ltr'><strong>omnino</strong></span> <span class='ocrx_word' id='word_1_29' title='bbox 588 400 678 449; x_wconf 83' lang='lat' dir='ltr'><strong>deserat</strong></span> <span class='ocrx_word' id='word_1_30' title='bbox 687 411 715 448; x_wconf 90' lang='lat' dir='ltr'><strong>ea</strong></span> <span class='ocrx_word' id='word_1_31' title='bbox 725 411 777 461; x_wconf 82' lang='lat' dir='ltr'><strong>que</strong></span> <span class='ocrx_word' id='word_1_32' title='bbox 788 402 845 448; x_wconf 85' lang='lat' dir='ltr'><strong>sunt</strong></span> <span class='ocrx_word' id='word_1_33' title='bbox 856 396 928 463; x_wconf 81' lang='lat' dir='ltr'><strong>perles·</strong></span> 
     </span>
     <span class='ocr_line' id='line_1_5' title="bbox 146 467 927 539; baseline -0.023 -8"><span class='ocrx_word' id='word_1_34' title='bbox 146 479 225 531; x_wconf 89' lang='lat' dir='ltr'><strong>tionis.</strong></span> <span class='ocrx_word' id='word_1_35' title='bbox 244 478 303 539; x_wconf 71' lang='lat' dir='ltr'><strong>Ergo</strong></span> <span class='ocrx_word' id='word_1_36' title='bbox 315 474 405 524; x_wconf 86' lang='lat' dir='ltr'><strong>ridetur</strong></span> <span class='ocrx_word' id='word_1_37' title='bbox 417 473 477 538; x_wconf 84' lang='lat' dir='ltr'><strong>quod</strong></span> <span class='ocrx_word' id='word_1_38' title='bbox 491 484 538 522; x_wconf 89' lang='lat' dir='ltr'><strong>noa</strong></span> <span class='ocrx_word' id='word_1_39' title='bbox 552 471 622 521; x_wconf 86' lang='lat' dir='ltr'><strong>liceat</strong></span> <span class='ocrx_word' id='word_1_40' title='bbox 636 469 742 533; x_wconf 75' lang='lat' dir='ltr'><strong>episcopo</strong></span> <span class='ocrx_word' id='word_1_41' title='bbox 755 483 782 520; x_wconf 87' lang='lat' dir='ltr'><strong>re</strong></span> <span class='ocrx_word' id='word_1_42' title='bbox 797 467 927 534; x_wconf 71' lang='lat' dir='ltr'><strong>corporaliter</strong></span> 
     </span>
     <span class='ocr_line' id='line_1_6' title="bbox 146 540 926 605; baseline -0.014 -3"><span class='ocrx_word' id='word_1_43' title='bbox 146 550 277 602; x_wconf 73' lang='lat' dir='ltr'>subtrahere</span> <span class='ocrx_word' id='word_1_44' title='bbox 291 547 319 597; x_wconf 82' lang='lat' dir='ltr'><strong>ali</strong></span> <span class='ocrx_word' id='word_1_45' title='bbox 329 545 464 596; x_wconf 68' lang='lat' dir='ltr'><strong>executione</strong></span> <span class='ocrx_word' id='word_1_46' title='bbox 476 544 513 594; x_wconf 85' lang='lat' dir='ltr'><strong>sui</strong></span> <span class='ocrx_word' id='word_1_47' title='bbox 522 542 604 605; x_wconf 87' lang='lat' dir='ltr'><strong>cilicii,</strong></span> <span class='ocrx_word' id='word_1_48' title='bbox 614 541 660 592; x_wconf 90' lang='lat' dir='ltr'><strong>nisi</strong></span> <span class='ocrx_word' id='word_1_49' title='bbox 669 540 728 592; x_wconf 77' lang='lat' dir='ltr'><strong>lorti</strong></span> <span class='ocrx_word' id='word_1_50' title='bbox 736 544 762 591; x_wconf 89' lang='lat' dir='ltr'><strong>ut</strong></span> <span class='ocrx_word' id='word_1_51' title='bbox 772 542 881 604; x_wconf 82' lang='lat' dir='ltr'><strong>operibus</strong></span> <span class='ocrx_word' id='word_1_52' title='bbox 887 551 926 603; x_wconf 82' lang='lat' dir='ltr'><strong>pcr-</strong></span> 
     </span>
     <span class='ocr_line' id='line_1_7' title="bbox 147 615 635 673; baseline -0.023 0"><span class='ocrx_word' id='word_1_53' title='bbox 147 619 252 673; x_wconf 89' lang='lat' dir='ltr'><strong>lectionis</strong></span> <span class='ocrx_word' id='word_1_54' title='bbox 266 618 290 667; x_wconf 91' lang='lat' dir='ltr'><strong>in</strong></span> <span class='ocrx_word' id='word_1_55' title='bbox 304 615 440 668; x_wconf 74' lang='lat' dir='ltr'><strong>monasterie</strong></span> <span class='ocrx_word' id='word_1_56' title='bbox 454 618 531 666; x_wconf 82' lang='lat' dir='ltr'><strong>vacet.</strong></span> <span class='ocrx_word' id='word_1_57' title='bbox 631 621 635 631; x_wconf 81' lang='grc'><strong>“</strong></span> 
     </span>
    </p>

    <p class='ocr_par' dir='ltr' id='par_1_3' title="bbox 146 682 931 891">
     <span class='ocr_line' id='line_1_8' title="bbox 177 682 930 749; baseline -0.017 -8"><span class='ocrx_word' id='word_1_58' title='bbox 177 690 223 741; x_wconf 82' lang='lat' dir='ltr'><strong>Sed</strong></span> <span class='ocrx_word' id='word_1_59' title='bbox 245 692 322 740; x_wconf 78' lang='lat' dir='ltr'><strong>contre</strong></span> <span class='ocrx_word' id='word_1_60' title='bbox 342 689 392 747; x_wconf 84' lang='lat' dir='ltr'><strong>eet,</strong></span> <span class='ocrx_word' id='word_1_61' title='bbox 407 685 467 749; x_wconf 83' lang='lat' dir='ltr'><strong>quio</strong></span> <span class='ocrx_word' id='word_1_62' title='bbox 482 685 611 749; x_wconf 72' lang='lat' dir='ltr'><strong>Apostolls‚</strong></span> <span class='ocrx_word' id='word_1_63' title='bbox 624 697 721 748; x_wconf 90' lang='lat' dir='ltr'><strong>quorum</strong></span> <span class='ocrx_word' id='word_1_64' title='bbox 738 696 880 736; x_wconf 81' lang='lat' dir='ltr'><strong>moreesores</strong></span> <span class='ocrx_word' id='word_1_65' title='bbox 890 682 930 732; x_wconf 88' lang='lat' dir='ltr'><strong>sont</strong></span> 
     </span>
     <span class='ocr_line' id='line_1_9' title="bbox 146 751 931 826; baseline -0.015 -15"><span class='ocrx_word' id='word_1_66' title='bbox 146 760 260 826; x_wconf 89' lang='lat' dir='ltr'><strong>episcopi,</strong></span> <span class='ocrx_word' id='word_1_67' title='bbox 278 757 394 809; x_wconf 85' lang='lat' dir='ltr'><strong>mandarit</strong></span> <span class='ocrx_word' id='word_1_68' title='bbox 407 757 517 808; x_wconf 82' lang='lat' dir='ltr'><strong>Dominus</strong></span> <span class='ocrx_word' id='word_1_69' title='bbox 529 755 633 812; x_wconf 69' lang='lat' dir='ltr'><strong>uarro„</strong></span> <span class='ocrx_word' id='word_1_70' title='bbox 646 756 696 806; x_wconf 84' lang='lat' dir='ltr'><strong>X.:</strong></span> <span class='ocrx_word' id='word_1_71' title='bbox 713 772 727 804; x_wconf 82' lang='lat' dir='ltr'><strong>u</strong></span> <span class='ocrx_word' id='word_1_72' title='bbox 740 755 766 805; x_wconf 86' lang='lat' dir='ltr'><strong>si</strong></span> <span class='ocrx_word' id='word_1_73' title='bbox 775 769 820 806; x_wconf 85' lang='lat' dir='ltr'><strong>ros</strong></span> <span class='ocrx_word' id='word_1_74' title='bbox 833 751 931 820; x_wconf 80' lang='lat' dir='ltr'><strong>pesecuti</strong></span> 
     </span>
     <span class='ocr_line' id='line_1_10' title="bbox 148 826 695 891; baseline -0.018 -8"><span class='ocrx_word' id='word_1_75' title='bbox 148 832 233 883; x_wconf 87' lang='lat' dir='ltr'><strong>luerint</strong></span> <span class='ocrx_word' id='word_1_76' title='bbox 249 828 449 888; x_wconf 72' lang='lat' dir='ltr'><strong>incrassiare,</strong></span> <span class='ocrx_word' id='word_1_77' title='bbox 464 827 536 891; x_wconf 78' lang='lat' dir='ltr'><strong>luqitc</strong></span> <span class='ocrx_word' id='word_1_78' title='bbox 549 826 576 878; x_wconf 89' lang='lat' dir='ltr'><strong>in</strong></span> <span class='ocrx_word' id='word_1_79' title='bbox 586 826 664 876; x_wconf 87' lang='lat' dir='ltr'><strong>aliam.</strong></span> <span class='ocrx_word' id='word_1_80' title='bbox 680 843 695 873; x_wconf 82' lang='lat' dir='ltr'><strong>a</strong></span> 
     </span>
    </p>

    <p class='ocr_par' dir='ltr' id='par_1_4' title="bbox 148 896 933 1254">
     <span class='ocr_line' id='line_1_11' title="bbox 184 896 932 967; baseline -0.015 -13"><span class='ocrx_word' id='word_1_81' title='bbox 184 903 346 967; x_wconf 79' lang='lat' dir='ltr'><strong>(Concessio.</strong></span> <span class='ocrx_word' id='word_1_82' title='bbox 361 927 392 938; x_wconf 92' lang='lat'><em>-</em></span> <span class='ocrx_word' id='word_1_83' title='bbox 407 901 462 950; x_wconf 75' lang='lat' dir='ltr'><strong>Dum</strong></span> <span class='ocrx_word' id='word_1_84' title='bbox 479 898 619 950; x_wconf 84' lang='lat' dir='ltr'><strong>subditorum</strong></span> <span class='ocrx_word' id='word_1_85' title='bbox 633 899 696 948; x_wconf 82' lang='lat' dir='ltr'><strong>salum</strong></span> <span class='ocrx_word' id='word_1_86' title='bbox 718 897 823 960; x_wconf 76' lang='lat' dir='ltr'><strong>episcopi</strong></span> <span class='ocrx_word' id='word_1_87' title='bbox 837 899 876 948; x_wconf 86' lang='lat' dir='ltr'><strong>rel</strong></span> <span class='ocrx_word' id='word_1_88' title='bbox 889 896 932 946; x_wconf 87' lang='lat' dir='ltr'><strong>alte·</strong></span> 
     </span>
     <span class='ocr_line' id='line_1_12' title="bbox 148 967 930 1040; baseline -0.014 -14"><span class='ocrx_word' id='word_1_89' title='bbox 148 976 195 1026; x_wconf 86' lang='lat' dir='ltr'><strong>rius</strong></span> <span class='ocrx_word' id='word_1_90' title='bbox 206 975 305 1040; x_wconf 87' lang='lat' dir='ltr'><strong>pastoris</strong></span> <span class='ocrx_word' id='word_1_91' title='bbox 317 973 461 1038; x_wconf 83' lang='lat' dir='ltr'><strong>presentiam</strong></span> <span class='ocrx_word' id='word_1_92' title='bbox 472 972 544 1034; x_wconf 72' lang='lat' dir='ltr'><strong>exigit</strong></span> <span class='ocrx_word' id='word_1_93' title='bbox 550 1007 560 1033; x_wconf 87' lang='lat'><em>,</em></span> <span class='ocrx_word' id='word_1_94' title='bbox 570 985 618 1022; x_wconf 90' lang='lat' dir='ltr'><strong>non</strong></span> <span class='ocrx_word' id='word_1_95' title='bbox 630 971 684 1022; x_wconf 88' lang='lat' dir='ltr'><strong>licet</strong></span> <span class='ocrx_word' id='word_1_96' title='bbox 693 970 800 1034; x_wconf 88' lang='lat' dir='ltr'><strong>episcopo</strong></span> <span class='ocrx_word' id='word_1_97' title='bbox 812 971 850 1020; x_wconf 86' lang='lat' dir='ltr'><strong>vel</strong></span> <span class='ocrx_word' id='word_1_98' title='bbox 862 967 930 1035; x_wconf 82' lang='lat' dir='ltr'><strong>pastori</strong></span> 
     </span>
     <span class='ocr_line' id='line_1_13' title="bbox 148 1039 933 1110; baseline -0.015 -12"><span class='ocrx_word' id='word_1_99' title='bbox 148 1061 215 1098; x_wconf 89' lang='lat' dir='ltr'><strong>suurn</strong></span> <span class='ocrx_word' id='word_1_100' title='bbox 235 1059 324 1110; x_wconf 72' lang='lat' dir='ltr'><strong>gregem</strong></span> <span class='ocrx_word' id='word_1_101' title='bbox 338 1046 459 1106; x_wconf 79' lang='lat' dir='ltr'><strong>deserere3</strong></span> <span class='ocrx_word' id='word_1_102' title='bbox 475 1047 579 1094; x_wconf 75' lang='lat' dir='ltr'><strong>cessante</strong></span> <span class='ocrx_word' id='word_1_103' title='bbox 596 1041 652 1092; x_wconf 80' lang='lat' dir='ltr'><strong>uero</strong></span> <span class='ocrx_word' id='word_1_104' title='bbox 665 1043 710 1092; x_wconf 89' lang='lat' dir='ltr'><strong>ista</strong></span> <span class='ocrx_word' id='word_1_105' title='bbox 731 1040 882 1103; x_wconf 85' lang='lat' dir='ltr'><strong>necessitato,</strong></span> <span class='ocrx_word' id='word_1_106' title='bbox 894 1039 933 1087; x_wconf 83' lang='lat' dir='ltr'><strong>licet</strong></span> 
     </span>
     <span class='ocr_line' id='line_1_14' title="bbox 149 1107 933 1184; baseline -0.011 -14"><span class='ocrx_word' id='word_1_107' title='bbox 149 1118 257 1184; x_wconf 88' lang='lat' dir='ltr'><strong>episcopo</strong></span> <span class='ocrx_word' id='word_1_108' title='bbox 277 1121 300 1166; x_wconf 92' lang='lat' dir='ltr'><strong>et</strong></span> <span class='ocrx_word' id='word_1_109' title='bbox 318 1115 357 1166; x_wconf 89' lang='lat' dir='ltr'><strong>alii</strong></span> <span class='ocrx_word' id='word_1_110' title='bbox 377 1115 462 1180; x_wconf 90' lang='lat' dir='ltr'><strong>pastori</strong></span> <span class='ocrx_word' id='word_1_111' title='bbox 479 1117 569 1179; x_wconf 91' lang='lat' dir='ltr'><strong>propter</strong></span> <span class='ocrx_word' id='word_1_112' title='bbox 584 1113 722 1178; x_wconf 75' lang='lat' dir='ltr'><strong>corporalem</strong></span> <span class='ocrx_word' id='word_1_113' title='bbox 739 1107 933 1175; x_wconf 79' lang='lat' dir='ltr'><strong>persecuuorenl</strong></span> 
     </span>
     <span class='ocr_line' id='line_1_15' title="bbox 150 1187 391 1254; baseline -0.021 -12"><span class='ocrx_word' id='word_1_114' title='bbox 150 1203 192 1242; x_wconf 91' lang='lat' dir='ltr'><strong>suo</strong></span> <span class='ocrx_word' id='word_1_115' title='bbox 205 1201 272 1254; x_wconf 78' lang='lat' dir='ltr'><strong>qrcqe</strong></span> <span class='ocrx_word' id='word_1_116' title='bbox 285 1187 391 1248; x_wconf 86' lang='lat' dir='ltr'><strong>abesse.)</strong></span> 
     </span>
    </p>

    <p class='ocr_par' dir='ltr' id='par_1_5' title="bbox 118 1249 942 2106">
     <span class='ocr_line' id='line_1_16' title="bbox 179 1249 935 1325; baseline -0.016 -13"><span class='ocrx_word' id='word_1_117' title='bbox 179 1260 315 1325; x_wconf 79' lang='lat' dir='ltr'><strong>Respornleo</strong></span> <span class='ocrx_word' id='word_1_118' title='bbox 326 1255 531 1318; x_wconf 85' lang='lat' dir='ltr'><strong>dicendum,un</strong></span> <span class='ocrx_word' id='word_1_119' title='bbox 541 1254 674 1318; x_wconf 84' lang='lat' dir='ltr'><strong>inqualihet</strong></span> <span class='ocrx_word' id='word_1_120' title='bbox 683 1253 822 1316; x_wconf 74' lang='lat' dir='ltr'><strong>obligatione</strong></span> <span class='ocrx_word' id='word_1_121' title='bbox 832 1249 935 1319; x_wconf 83' lang='lat' dir='ltr'><strong>precipui</strong></span> 
     </span>
     <span class='ocr_line' id='line_1_17' title="bbox 150 1321 936 1392; baseline -0.018 -9"><span class='ocrx_word' id='word_1_122' title='bbox 150 1332 237 1383; x_wconf 82' lang='lat' dir='ltr'><strong>attendi</strong></span> <span class='ocrx_word' id='word_1_123' title='bbox 252 1331 319 1382; x_wconf 76' lang='lat' dir='ltr'><strong>delict</strong></span> <span class='ocrx_word' id='word_1_124' title='bbox 335 1327 478 1392; x_wconf 76' lang='lat' dir='ltr'><strong>obligationis</strong></span> <span class='ocrx_word' id='word_1_125' title='bbox 490 1325 551 1376; x_wconf 82' lang='lat' dir='ltr'><strong>iuis.</strong></span> <span class='ocrx_word' id='word_1_126' title='bbox 561 1325 667 1388; x_wconf 73' lang='lat' dir='ltr'><strong>obligant</strong></span> <span class='ocrx_word' id='word_1_127' title='bbox 678 1329 755 1376; x_wconf 88' lang='lat' dir='ltr'><strong>antem</strong></span> <span class='ocrx_word' id='word_1_128' title='bbox 767 1338 792 1376; x_wconf 86' lang='lat' dir='ltr'><strong>re</strong></span> <span class='ocrx_word' id='word_1_129' title='bbox 805 1325 908 1389; x_wconf 82' lang='lat' dir='ltr'><strong>episcopi</strong></span> <span class='ocrx_word' id='word_1_130' title='bbox 917 1321 936 1370; x_wconf 87' lang='lat' dir='ltr'><strong>al</strong></span> 
     </span>
     <span class='ocr_line' id='line_1_18' title="bbox 149 1397 937 1467; baseline -0.014 -13"><span class='ocrx_word' id='word_1_131' title='bbox 149 1403 308 1467; x_wconf 85' lang='lat' dir='ltr'><strong>exequendum</strong></span> <span class='ocrx_word' id='word_1_132' title='bbox 321 1400 433 1466; x_wconf 82' lang='lat' dir='ltr'><strong>pastorale</strong></span> <span class='ocrx_word' id='word_1_133' title='bbox 453 1397 554 1448; x_wconf 90' lang='lat' dir='ltr'><strong>ollicium</strong></span> <span class='ocrx_word' id='word_1_134' title='bbox 575 1400 666 1461; x_wconf 86' lang='lat' dir='ltr'><strong>propter</strong></span> <span class='ocrx_word' id='word_1_135' title='bbox 683 1397 822 1447; x_wconf 86' lang='lat' dir='ltr'><strong>subditorum</strong></span> <span class='ocrx_word' id='word_1_136' title='bbox 840 1400 937 1448; x_wconf 68' lang='lat' dir='ltr'><strong>mirso.</strong></span> 
     </span>
     <span class='ocr_line' id='line_1_19' title="bbox 118 1468 938 1536; baseline -0.015 -9"><span class='ocrx_word' id='word_1_137' title='bbox 118 1487 120 1491; x_wconf 83' lang='lat'>·</span> <span class='ocrx_word' id='word_1_138' title='bbox 151 1477 180 1526; x_wconf 82' lang='lat' dir='ltr'><strong>lit</strong></span> <span class='ocrx_word' id='word_1_139' title='bbox 192 1474 252 1536; x_wconf 87' lang='lat' dir='ltr'><strong>ideo,</strong></span> <span class='ocrx_word' id='word_1_140' title='bbox 265 1472 305 1523; x_wconf 86' lang='lat' dir='ltr'><strong>ubi</strong></span> <span class='ocrx_word' id='word_1_141' title='bbox 316 1472 456 1523; x_wconf 82' lang='lat' dir='ltr'><strong>sublltomm</strong></span> <span class='ocrx_word' id='word_1_142' title='bbox 467 1469 529 1520; x_wconf 88' lang='lat' dir='ltr'><strong>salus</strong></span> <span class='ocrx_word' id='word_1_143' title='bbox 542 1468 613 1532; x_wconf 77' lang='lat' dir='ltr'><strong>eripit</strong></span> <span class='ocrx_word' id='word_1_144' title='bbox 626 1481 729 1533; x_wconf 83' lang='lat' dir='ltr'><strong>persone</strong></span> <span class='ocrx_word' id='word_1_145' title='bbox 740 1468 839 1532; x_wconf 85' lang='lat' dir='ltr'><strong>pastoris</strong></span> <span class='ocrx_word' id='word_1_146' title='bbox 848 1481 938 1532; x_wconf 83' lang='lat' dir='ltr'><strong>prescr-</strong></span> 
     </span>
     <span class='ocr_line' id='line_1_20' title="bbox 153 1538 942 1607; baseline -0.011 -12"><span class='ocrx_word' id='word_1_147' title='bbox 153 1545 220 1607; x_wconf 85' lang='lat' dir='ltr'><strong>tiam,</strong></span> <span class='ocrx_word' id='word_1_148' title='bbox 241 1557 287 1594; x_wconf 90' lang='lat' dir='ltr'><strong>non</strong></span> <span class='ocrx_word' id='word_1_149' title='bbox 299 1543 367 1594; x_wconf 86' lang='lat' dir='ltr'><strong>(lebet</strong></span> <span class='ocrx_word' id='word_1_150' title='bbox 384 1546 462 1606; x_wconf 87' lang='lat' dir='ltr'><strong>pastor</strong></span> <span class='ocrx_word' id='word_1_151' title='bbox 481 1540 631 1603; x_wconf 85' lang='lat' dir='ltr'><strong>personaliter</strong></span> <span class='ocrx_word' id='word_1_152' title='bbox 647 1553 714 1590; x_wconf 89' lang='lat' dir='ltr'><strong>suum</strong></span> <span class='ocrx_word' id='word_1_153' title='bbox 726 1552 820 1602; x_wconf 70' lang='lat' dir='ltr'><strong>gregem</strong></span> <span class='ocrx_word' id='word_1_154' title='bbox 831 1538 942 1595; x_wconf 78' lang='lat' dir='ltr'><strong>deserere,</strong></span> 
     </span>
     <span class='ocr_line' id='line_1_21' title="bbox 152 1611 942 1680; baseline -0.015 -13"><span class='ocrx_word' id='word_1_155' title='bbox 152 1630 227 1680; x_wconf 90' lang='lat' dir='ltr'><strong>neque</strong></span> <span class='ocrx_word' id='word_1_156' title='bbox 249 1618 340 1680; x_wconf 90' lang='lat' dir='ltr'><strong>propter</strong></span> <span class='ocrx_word' id='word_1_157' title='bbox 358 1612 447 1676; x_wconf 85' lang='lat' dir='ltr'><strong>aliquod</strong></span> <span class='ocrx_word' id='word_1_158' title='bbox 471 1613 613 1662; x_wconf 86' lang='lat' dir='ltr'><strong>commodum</strong></span> <span class='ocrx_word' id='word_1_159' title='bbox 629 1611 769 1674; x_wconf 83' lang='lat' dir='ltr'><strong>temporale,</strong></span> <span class='ocrx_word' id='word_1_160' title='bbox 787 1622 864 1672; x_wconf 87' lang='lat' dir='ltr'><strong>neque</strong></span> <span class='ocrx_word' id='word_1_161' title='bbox 886 1611 942 1661; x_wconf 84' lang='lat' dir='ltr'><strong>etiam</strong></span> 
     </span>
     <span class='ocr_line' id='line_1_22' title="bbox 152 1679 941 1752; baseline -0.015 -14"><span class='ocrx_word' id='word_1_162' title='bbox 152 1692 245 1752; x_wconf 89' lang='lat' dir='ltr'><strong>propter</strong></span> <span class='ocrx_word' id='word_1_163' title='bbox 259 1685 351 1750; x_wconf 84' lang='lat' dir='ltr'><strong>aliquod</strong></span> <span class='ocrx_word' id='word_1_164' title='bbox 364 1684 486 1748; x_wconf 90' lang='lat' dir='ltr'><strong>personale</strong></span> <span class='ocrx_word' id='word_1_165' title='bbox 501 1681 771 1746; x_wconf 75' lang='lat' dir='ltr'><strong>peucolumimmiuens,</strong></span> <span class='ocrx_word' id='word_1_166' title='bbox 786 1679 837 1731; x_wconf 84' lang='lat' dir='ltr'><strong>cim</strong></span> <span class='ocrx_word' id='word_1_167' title='bbox 853 1699 871 1730; x_wconf 84' lang='grc' dir='ltr'><strong>ιι</strong></span> <span class='ocrx_word' id='word_1_168' title='bbox 881 1683 941 1732; x_wconf 73' lang='lat' dir='ltr'><strong>bonus</strong></span> 
     </span>
     <span class='ocr_line' id='line_1_23' title="bbox 152 1751 940 1823; baseline -0.013 -14"><span class='ocrx_word' id='word_1_169' title='bbox 152 1763 229 1823; x_wconf 86' lang='lat' dir='ltr'><strong>pastor</strong></span> <span class='ocrx_word' id='word_1_170' title='bbox 242 1757 341 1807; x_wconf 83' lang='lat' dir='ltr'><strong>animaru</strong></span> <span class='ocrx_word' id='word_1_171' title='bbox 361 1769 426 1805; x_wconf 84' lang='lat' dir='ltr'><strong>suam</strong></span> <span class='ocrx_word' id='word_1_172' title='bbox 443 1766 530 1818; x_wconf 91' lang='lat' dir='ltr'><strong>ponere</strong></span> <span class='ocrx_word' id='word_1_173' title='bbox 547 1757 652 1803; x_wconf 87' lang='lat' dir='ltr'><strong>teneatur</strong></span> <span class='ocrx_word' id='word_1_174' title='bbox 667 1765 709 1816; x_wconf 93' lang='lat' dir='ltr'><strong>pro</strong></span> <span class='ocrx_word' id='word_1_175' title='bbox 726 1752 807 1803; x_wconf 85' lang='lat' dir='ltr'><strong>ouibus</strong></span> <span class='ocrx_word' id='word_1_176' title='bbox 827 1754 889 1812; x_wconf 83' lang='lat' dir='ltr'><strong>suis.</strong></span> <span class='ocrx_word' id='word_1_177' title='bbox 903 1751 940 1800; x_wconf 80' lang='lat' dir='ltr'><strong>»i</strong></span> 
     </span>
     <span class='ocr_line' id='line_1_24' title="bbox 153 1825 941 1891; baseline -0.011 -11"><span class='ocrx_word' id='word_1_178' title='bbox 153 1831 206 1882; x_wconf 80' lang='lat' dir='ltr'><strong>vcro</strong></span> <span class='ocrx_word' id='word_1_179' title='bbox 219 1829 359 1880; x_wconf 87' lang='lat' dir='ltr'><strong>subditorum</strong></span> <span class='ocrx_word' id='word_1_180' title='bbox 374 1827 442 1878; x_wconf 88' lang='lat' dir='ltr'><strong>saluti</strong></span> <span class='ocrx_word' id='word_1_181' title='bbox 454 1826 527 1891; x_wconf 78' lang='lat' dir='ltr'><strong>possit</strong></span> <span class='ocrx_word' id='word_1_182' title='bbox 543 1826 684 1877; x_wconf 83' lang='lat' dir='ltr'><strong>sullieicntcr</strong></span> <span class='ocrx_word' id='word_1_183' title='bbox 693 1825 718 1875; x_wconf 89' lang='lat' dir='ltr'><strong>iu</strong></span> <span class='ocrx_word' id='word_1_184' title='bbox 732 1825 839 1875; x_wconf 85' lang='lat' dir='ltr'><strong>absentia</strong></span> <span class='ocrx_word' id='word_1_185' title='bbox 855 1825 941 1890; x_wconf 81' lang='lat' dir='ltr'><strong>pastori</strong></span> 
     </span>
     <span class='ocr_line' id='line_1_25' title="bbox 153 1897 941 1966; baseline -0.011 -12"><span class='ocrx_word' id='word_1_186' title='bbox 153 1916 194 1966; x_wconf 91' lang='lat' dir='ltr'><strong>per</strong></span> <span class='ocrx_word' id='word_1_187' title='bbox 211 1902 279 1952; x_wconf 77' lang='lat' dir='ltr'><strong>alitam</strong></span> <span class='ocrx_word' id='word_1_188' title='bbox 292 1898 422 1963; x_wconf 81' lang='lat' dir='ltr'><strong>prouideri,</strong></span> <span class='ocrx_word' id='word_1_189' title='bbox 437 1903 494 1950; x_wconf 87' lang='lat' dir='ltr'><strong>tune</strong></span> <span class='ocrx_word' id='word_1_190' title='bbox 509 1898 564 1949; x_wconf 87' lang='lat' dir='ltr'><strong>licet</strong></span> <span class='ocrx_word' id='word_1_191' title='bbox 583 1897 684 1961; x_wconf 55' lang='lat' dir='ltr'><strong>parterm</strong></span> <span class='ocrx_word' id='word_1_192' title='bbox 705 1897 743 1947; x_wconf 81' lang='lat' dir='ltr'><strong>rel</strong></span> <span class='ocrx_word' id='word_1_193' title='bbox 758 1901 851 1961; x_wconf 87' lang='lat' dir='ltr'><strong>propter</strong></span> <span class='ocrx_word' id='word_1_194' title='bbox 865 1898 941 1961; x_wconf 83' lang='lat' dir='ltr'><strong>aliquo</strong></span> 
     </span>
     <span class='ocr_line' id='line_1_26' title="bbox 153 1968 941 2032; baseline -0.008 -8"><span class='ocrx_word' id='word_1_195' title='bbox 153 1972 261 2024; x_wconf 78' lang='lat' dir='ltr'><strong>llcclesie</strong></span> <span class='ocrx_word' id='word_1_196' title='bbox 274 1968 480 2031; x_wconf 64' lang='lat' dir='ltr'><strong>commodumve</strong></span> <span class='ocrx_word' id='word_1_197' title='bbox 495 1972 588 2032; x_wconf 89' lang='lat' dir='ltr'><strong>propter</strong></span> <span class='ocrx_word' id='word_1_198' title='bbox 600 1981 703 2032; x_wconf 81' lang='lat' dir='ltr'><strong>persone</strong></span> <span class='ocrx_word' id='word_1_199' title='bbox 716 1968 861 2031; x_wconf 77' lang='lat' dir='ltr'><strong>pericnlum,</strong></span> <span class='ocrx_word' id='word_1_200' title='bbox 877 1981 941 2031; x_wconf 80' lang='lat' dir='ltr'><strong>corpe</strong></span> 
     </span>
     <span class='ocr_line' id='line_1_27' title="bbox 153 2039 941 2106; baseline -0.01 -12"><span class='ocrx_word' id='word_1_201' title='bbox 153 2044 229 2094; x_wconf 88' lang='lat' dir='ltr'><strong>ralitcr</strong></span> <span class='ocrx_word' id='word_1_202' title='bbox 249 2053 341 2106; x_wconf 76' lang='lat' dir='ltr'><strong>gregem</strong></span> <span class='ocrx_word' id='word_1_203' title='bbox 356 2041 469 2090; x_wconf 85' lang='lat' dir='ltr'><strong>deserere.</strong></span> <span class='ocrx_word' id='word_1_204' title='bbox 487 2040 551 2092; x_wconf 87' lang='lat' dir='ltr'><strong>llnde</strong></span> <span class='ocrx_word' id='word_1_205' title='bbox 565 2040 705 2103; x_wconf 70' lang='lat' dir='ltr'><strong>suppetium</strong></span> <span class='ocrx_word' id='word_1_206' title='bbox 722 2039 778 2090; x_wconf 83' lang='lat' dir='ltr'><strong>dicii</strong></span> <span class='ocrx_word' id='word_1_207' title='bbox 790 2039 816 2088; x_wconf 92' lang='lat' dir='ltr'><strong>in</strong></span> <span class='ocrx_word' id='word_1_208' title='bbox 828 2040 902 2103; x_wconf 86' lang='lat' dir='ltr'><strong>epist.</strong></span> <span class='ocrx_word' id='word_1_209' title='bbox 919 2053 941 2088; x_wconf 81' lang='lat' dir='ltr'><strong>ou</strong></span> 
     </span>
    </p>
   </div>
   <div class='ocr_carea' id='block_1_3' title="bbox 66 2109 941 2176">
    <p class='ocr_par' dir='ltr' id='par_1_6' title="bbox 66 2109 941 2176">
     <span class='ocr_line' id='line_1_28' title="bbox 66 2109 941 2176; baseline -0.009 -10"><span class='ocrx_word' id='word_1_210' title='bbox 66 2127 69 2133; x_wconf 90' lang='lat'><em>·</em></span> <span class='ocrx_word' id='word_1_211' title='bbox 154 2116 276 2166; x_wconf 78' lang='lat' dir='ltr'><strong>floruerat.</strong></span> <span class='ocrx_word' id='word_1_212' title='bbox 292 2111 381 2176; x_wconf 81' lang='lat' dir='ltr'><strong>(epist.</strong></span> <span class='ocrx_word' id='word_1_213' title='bbox 392 2111 491 2161; x_wconf 76' lang='lat' dir='ltr'><strong>clxxx</strong></span> <span class='ocrx_word' id='word_1_214' title='bbox 501 2112 524 2174; x_wconf 88' lang='lat'><strong>):</strong></span> <span class='ocrx_word' id='word_1_215' title='bbox 535 2129 550 2158; x_wconf 81' lang='lat' dir='ltr'><strong>u</strong></span> <span class='ocrx_word' id='word_1_216' title='bbox 558 2110 656 2174; x_wconf 76' lang='lat' dir='ltr'><strong>Fugiant</strong></span> <span class='ocrx_word' id='word_1_217' title='bbox 666 2112 695 2161; x_wconf 86' lang='lat' dir='ltr'><strong>(le</strong></span> <span class='ocrx_word' id='word_1_218' title='bbox 703 2109 831 2161; x_wconf 85' lang='lat' dir='ltr'><strong>ciritalein</strong></span> <span class='ocrx_word' id='word_1_219' title='bbox 840 2112 941 2162; x_wconf 74' lang='lat' dir='ltr'><strong>civitaten</strong></span> 
     </span>
    </p>
   </div>
   <div class='ocr_carea' id='block_1_4' title="bbox 154 2181 941 2958">
    <p class='ocr_par' dir='ltr' id='par_1_7' title="bbox 154 2181 941 2673">
     <span class='ocr_line' id='line_1_29' title="bbox 155 2181 941 2247; baseline -0.009 -9"><span class='ocrx_word' id='word_1_220' title='bbox 155 2186 217 2238; x_wconf 81' lang='lat' dir='ltr'><strong>serui</strong></span> <span class='ocrx_word' id='word_1_221' title='bbox 230 2183 330 2244; x_wconf 83' lang='lat' dir='ltr'><strong>Christi,</strong></span> <span class='ocrx_word' id='word_1_222' title='bbox 343 2183 434 2245; x_wconf 90' lang='lat' dir='ltr'><strong>quando</strong></span> <span class='ocrx_word' id='word_1_223' title='bbox 447 2193 525 2232; x_wconf 87' lang='lat' dir='ltr'><strong>corum</strong></span> <span class='ocrx_word' id='word_1_224' title='bbox 536 2181 648 2246; x_wconf 83' lang='lat' dir='ltr'><strong>quispiam</strong></span> <span class='ocrx_word' id='word_1_225' title='bbox 662 2182 790 2246; x_wconf 87' lang='lat' dir='ltr'><strong>specialiter</strong></span> <span class='ocrx_word' id='word_1_226' title='bbox 798 2182 813 2232; x_wconf 78' lang='lat' dir='ltr'><strong>i</strong></span> <span class='ocrx_word' id='word_1_227' title='bbox 822 2187 941 2247; x_wconf 88' lang='lat' dir='ltr'><strong>persecuto</strong></span> 
     </span>
     <span class='ocr_line' id='line_1_30' title="bbox 155 2252 941 2319; baseline -0.008 -11"><span class='ocrx_word' id='word_1_228' title='bbox 155 2257 215 2308; x_wconf 85' lang='lat' dir='ltr'><strong>ribus</strong></span> <span class='ocrx_word' id='word_1_229' title='bbox 228 2254 346 2319; x_wconf 80' lang='lat' dir='ltr'><strong>queritur3</strong></span> <span class='ocrx_word' id='word_1_230' title='bbox 358 2257 383 2302; x_wconf 90' lang='lat' dir='ltr'><strong>ut</strong></span> <span class='ocrx_word' id='word_1_231' title='bbox 398 2252 495 2304; x_wconf 78' lang='lat' dir='ltr'><strong>ali-aliis</strong></span> <span class='ocrx_word' id='word_1_232' title='bbox 506 2254 548 2318; x_wconf 88' lang='lat' dir='ltr'><strong>qui</strong></span> <span class='ocrx_word' id='word_1_233' title='bbox 559 2266 605 2304; x_wconf 87' lang='lat' dir='ltr'><strong>non</strong></span> <span class='ocrx_word' id='word_1_234' title='bbox 615 2253 648 2304; x_wconf 82' lang='lat' dir='ltr'><strong>ita</strong></span> <span class='ocrx_word' id='word_1_235' title='bbox 659 2253 819 2316; x_wconf 82' lang='lat' dir='ltr'><strong>requiruntur,</strong></span> <span class='ocrx_word' id='word_1_236' title='bbox 833 2268 882 2305; x_wconf 93' lang='lat' dir='ltr'><strong>non</strong></span> <span class='ocrx_word' id='word_1_237' title='bbox 893 2256 941 2304; x_wconf 85' lang='lat' dir='ltr'><strong>desc</strong></span> 
     </span>
     <span class='ocr_line' id='line_1_31' title="bbox 154 2323 941 2390; baseline -0.01 -10"><span class='ocrx_word' id='word_1_238' title='bbox 154 2332 216 2380; x_wconf 83' lang='lat' dir='ltr'><strong>retur</strong></span> <span class='ocrx_word' id='word_1_239' title='bbox 232 2324 343 2377; x_wconf 84' lang='lat' dir='ltr'><strong>Ecclesia.</strong></span> <span class='ocrx_word' id='word_1_240' title='bbox 359 2323 416 2375; x_wconf 83' lang='lat' dir='ltr'><strong>Cim</strong></span> <span class='ocrx_word' id='word_1_241' title='bbox 429 2328 507 2375; x_wconf 88' lang='lat' dir='ltr'><strong>autem</strong></span> <span class='ocrx_word' id='word_1_242' title='bbox 519 2323 621 2375; x_wconf 87' lang='lat' dir='ltr'><strong>omniurn</strong></span> <span class='ocrx_word' id='word_1_243' title='bbox 638 2327 674 2373; x_wconf 85' lang='lat' dir='ltr'><strong>cst</strong></span> <span class='ocrx_word' id='word_1_244' title='bbox 686 2337 806 2374; x_wconf 73' lang='lat' dir='ltr'><strong>mamone</strong></span> <span class='ocrx_word' id='word_1_245' title='bbox 817 2326 941 2390; x_wconf 71' lang='lat' dir='ltr'><strong>pericmm</strong></span> 
     </span>
     <span class='ocr_line' id='line_1_32' title="bbox 155 2393 941 2462; baseline -0.008 -12"><span class='ocrx_word' id='word_1_246' title='bbox 155 2399 181 2450; x_wconf 91' lang='lat' dir='ltr'><strong>hi</strong></span> <span class='ocrx_word' id='word_1_247' title='bbox 197 2397 236 2462; x_wconf 89' lang='lat' dir='ltr'><strong>qul</strong></span> <span class='ocrx_word' id='word_1_248' title='bbox 250 2395 301 2446; x_wconf 88' lang='lat' dir='ltr'><strong>aliis</strong></span> <span class='ocrx_word' id='word_1_249' title='bbox 314 2395 430 2460; x_wconf 85' lang='lat' dir='ltr'><strong>indigent,</strong></span> <span class='ocrx_word' id='word_1_250' title='bbox 443 2409 490 2446; x_wconf 87' lang='lat' dir='ltr'><strong>nou</strong></span> <span class='ocrx_word' id='word_1_251' title='bbox 508 2396 638 2446; x_wconf 85' lang='lat' dir='ltr'><strong>deserantur</strong></span> <span class='ocrx_word' id='word_1_252' title='bbox 653 2395 681 2444; x_wconf 85' lang='lat' dir='ltr'><strong>alr</strong></span> <span class='ocrx_word' id='word_1_253' title='bbox 694 2393 731 2445; x_wconf 81' lang='lat' dir='ltr'><strong>lais</strong></span> <span class='ocrx_word' id='word_1_254' title='bbox 747 2395 832 2458; x_wconf 80' lang='lat' dir='ltr'><strong>quibam</strong></span> <span class='ocrx_word' id='word_1_255' title='bbox 844 2396 941 2459; x_wconf 82' lang='lat' dir='ltr'><strong>inllgcnl</strong></span> 
     </span>
     <span class='ocr_line' id='line_1_33' title="bbox 155 2466 940 2531; baseline -0.009 -11"><span class='ocrx_word' id='word_1_256' title='bbox 155 2470 180 2520; x_wconf 82' lang='lat' dir='ltr'><strong>Si</strong></span> <span class='ocrx_word' id='word_1_257' title='bbox 197 2468 258 2520; x_wconf 89' lang='lat' dir='ltr'><strong>enim</strong></span> <span class='ocrx_word' id='word_1_258' title='bbox 279 2467 432 2531; x_wconf 85' lang='lat' dir='ltr'><strong>perniciosum</strong></span> <span class='ocrx_word' id='word_1_259' title='bbox 451 2470 505 2530; x_wconf 87' lang='lat' dir='ltr'><strong>cst,</strong></span> <span class='ocrx_word' id='word_1_260' title='bbox 517 2471 631 2531; x_wconf 88' lang='lat' dir='ltr'><strong>proretam</strong></span> <span class='ocrx_word' id='word_1_261' title='bbox 644 2466 669 2515; x_wconf 91' lang='lat' dir='ltr'><strong>in</strong></span> <span class='ocrx_word' id='word_1_262' title='bbox 689 2467 855 2530; x_wconf 81' lang='lat' dir='ltr'><strong>tranquillitate</strong></span> <span class='ocrx_word' id='word_1_263' title='bbox 874 2481 940 2516; x_wconf 78' lang='lat' dir='ltr'><strong>narei</strong></span> 
     </span>
     <span class='ocr_line' id='line_1_34' title="bbox 156 2537 940 2602; baseline -0.008 -11"><span class='ocrx_word' id='word_1_264' title='bbox 156 2543 274 2602; x_wconf 85' lang='lat' dir='ltr'><strong>deserere,</strong></span> <span class='ocrx_word' id='word_1_265' title='bbox 290 2538 373 2602; x_wconf 80' lang='lat' dir='ltr'><strong>quanto</strong></span> <span class='ocrx_word' id='word_1_266' title='bbox 385 2539 459 2602; x_wconf 73' lang='lat' dir='ltr'><strong>magis</strong></span> <span class='ocrx_word' id='word_1_267' title='bbox 468 2537 493 2588; x_wconf 89' lang='lat' dir='ltr'><strong>in</strong></span> <span class='ocrx_word' id='word_1_268' title='bbox 503 2539 624 2601; x_wconf 81' lang='lat' dir='ltr'><strong>lluctilius3</strong></span> <span class='ocrx_word' id='word_1_269' title='bbox 635 2553 649 2585; x_wconf 80' lang='lat' dir='ltr'><strong>o</strong></span> <span class='ocrx_word' id='word_1_270' title='bbox 660 2542 686 2587; x_wconf 92' lang='lat' dir='ltr'><strong>ut</strong></span> <span class='ocrx_word' id='word_1_271' title='bbox 695 2537 752 2588; x_wconf 85' lang='lat' dir='ltr'><strong>oicit</strong></span> <span class='ocrx_word' id='word_1_272' title='bbox 764 2539 873 2590; x_wconf 81' lang='lat' dir='ltr'><strong>Nicotaus</strong></span> <span class='ocrx_word' id='word_1_273' title='bbox 882 2540 940 2602; x_wconf 78' lang='lat' dir='ltr'><strong>Papi</strong></span> 
     </span>
     <span class='ocr_line' id='line_1_35' title="bbox 156 2610 441 2673; baseline -0.011 -12"><span class='ocrx_word' id='word_1_274' title='bbox 156 2616 180 2661; x_wconf 87' lang='lat' dir='ltr'><strong>et</strong></span> <span class='ocrx_word' id='word_1_275' title='bbox 192 2611 288 2661; x_wconf 85' lang='lat' dir='ltr'><strong>hahetur</strong></span> <span class='ocrx_word' id='word_1_276' title='bbox 300 2610 350 2660; x_wconf 88' lang='lat' dir='ltr'><strong>llll.</strong></span> <span class='ocrx_word' id='word_1_277' title='bbox 363 2624 402 2673; x_wconf 90' lang='lat' dir='ltr'><strong>qu.</strong></span> <span class='ocrx_word' id='word_1_278' title='bbox 416 2613 441 2658; x_wconf 88' lang='lat' dir='ltr'><strong>l.</strong></span> 
     </span>
    </p>

    <p class='ocr_par' dir='ltr' id='par_1_8' title="bbox 156 2679 940 2958">
     <span class='ocr_line' id='line_1_36' title="bbox 188 2679 940 2746; baseline -0.008 -12"><span class='ocrx_word' id='word_1_279' title='bbox 188 2683 223 2734; x_wconf 69' lang='lat' dir='ltr'><strong>rid</strong></span> <span class='ocrx_word' id='word_1_280' title='bbox 237 2680 337 2746; x_wconf 88' lang='lat' dir='ltr'><strong>primum</strong></span> <span class='ocrx_word' id='word_1_281' title='bbox 350 2695 405 2744; x_wconf 77' lang='lat' dir='ltr'><strong>ergo</strong></span> <span class='ocrx_word' id='word_1_282' title='bbox 415 2681 549 2744; x_wconf 86' lang='lat' dir='ltr'><strong>dicendum,</strong></span> <span class='ocrx_word' id='word_1_283' title='bbox 557 2679 618 2744; x_wconf 78' lang='lat' dir='ltr'><strong>quod</strong></span> <span class='ocrx_word' id='word_1_284' title='bbox 629 2679 669 2731; x_wconf 85' lang='lat' dir='ltr'><strong>ille</strong></span> <span class='ocrx_word' id='word_1_285' title='bbox 681 2684 790 2744; x_wconf 65' lang='lat' dir='ltr'><strong>unquam</strong></span> <span class='ocrx_word' id='word_1_286' title='bbox 802 2682 940 2732; x_wconf 81' lang='lat' dir='ltr'><strong>mercenaria</strong></span> 
     </span>
     <span class='ocr_line' id='line_1_37' title="bbox 157 2751 940 2817; baseline -0.003 -15"><span class='ocrx_word' id='word_1_287' title='bbox 157 2753 231 2817; x_wconf 75' lang='lat' dir='ltr'><strong>fugit,</strong></span> <span class='ocrx_word' id='word_1_288' title='bbox 242 2753 283 2817; x_wconf 90' lang='lat' dir='ltr'><strong>qui</strong></span> <span class='ocrx_word' id='word_1_289' title='bbox 296 2753 438 2804; x_wconf 81' lang='lat' dir='ltr'><strong>commodum</strong></span> <span class='ocrx_word' id='word_1_290' title='bbox 451 2751 586 2816; x_wconf 88' lang='lat' dir='ltr'><strong>temporale,</strong></span> <span class='ocrx_word' id='word_1_291' title='bbox 598 2753 636 2802; x_wconf 86' lang='lat' dir='ltr'><strong>rel</strong></span> <span class='ocrx_word' id='word_1_292' title='bbox 649 2752 719 2802; x_wconf 88' lang='lat' dir='ltr'><strong>ctiam</strong></span> <span class='ocrx_word' id='word_1_293' title='bbox 732 2753 830 2803; x_wconf 89' lang='lat' dir='ltr'><strong>salutem</strong></span> <span class='ocrx_word' id='word_1_294' title='bbox 848 2765 940 2814; x_wconf 80' lang='lat' dir='ltr'><strong>corpora</strong></span> 
     </span>
     <span class='ocr_line' id='line_1_38' title="bbox 156 2823 940 2889; baseline -0.005 -15"><span class='ocrx_word' id='word_1_295' title='bbox 156 2825 215 2888; x_wconf 84' lang='lat' dir='ltr'><strong>lem,</strong></span> <span class='ocrx_word' id='word_1_296' title='bbox 230 2823 342 2889; x_wconf 81' lang='lat' dir='ltr'><strong>spirituali</strong></span> <span class='ocrx_word' id='word_1_297' title='bbox 355 2823 423 2874; x_wconf 86' lang='lat' dir='ltr'><strong>saluti</strong></span> <span class='ocrx_word' id='word_1_298' title='bbox 442 2823 596 2886; x_wconf 84' lang='lat' dir='ltr'><strong>proximorum</strong></span> <span class='ocrx_word' id='word_1_299' title='bbox 616 2823 738 2887; x_wconf 84' lang='lat' dir='ltr'><strong>praeponit.</strong></span> <span class='ocrx_word' id='word_1_300' title='bbox 759 2823 826 2875; x_wconf 80' lang='lat' dir='ltr'><strong>linio</strong></span> <span class='ocrx_word' id='word_1_301' title='bbox 838 2825 940 2885; x_wconf 71' lang='lat' dir='ltr'><strong>Gregorii</strong></span> 
     </span>
     <span class='ocr_line' id='line_1_39' title="bbox 157 2894 937 2958; baseline -0.008 -12"><span class='ocrx_word' id='word_1_302' title='bbox 157 2896 249 2946; x_wconf 80' lang='lat' dir='ltr'><strong>dicit&#39;iu</strong></span> <span class='ocrx_word' id='word_1_303' title='bbox 260 2895 344 2946; x_wconf 81' lang='lat' dir='ltr'><strong>Homil.</strong></span> <span class='ocrx_word' id='word_1_304' title='bbox 357 2895 416 2957; x_wconf 78' lang='lat' dir='ltr'><strong>xit,</strong></span> <span class='ocrx_word' id='word_1_305' title='bbox 426 2908 503 2956; x_wconf 82' lang='lat' dir='ltr'><strong>snper</strong></span> <span class='ocrx_word' id='word_1_306' title='bbox 515 2895 610 2957; x_wconf 79' lang='lat' dir='ltr'><strong>Eoorrp.</strong></span> <span class='ocrx_word' id='word_1_307' title='bbox 620 2910 628 2944; x_wconf 92' lang='lat'><em>:</em></span> <span class='ocrx_word' id='word_1_308' title='bbox 639 2911 653 2941; x_wconf 86' lang='grc' dir='ltr'><strong>ιι</strong></span> <span class='ocrx_word' id='word_1_309' title='bbox 662 2895 727 2943; x_wconf 84' lang='lat' dir='ltr'><strong>Stare</strong></span> <span class='ocrx_word' id='word_1_310' title='bbox 737 2894 762 2944; x_wconf 90' lang='lat' dir='ltr'><strong>in</strong></span> <span class='ocrx_word' id='word_1_311' title='bbox 770 2895 872 2958; x_wconf 85' lang='lat' dir='ltr'><strong>periculo</strong></span> <span class='ocrx_word' id='word_1_312' title='bbox 880 2895 937 2943; x_wconf 81' lang='lat' dir='ltr'><strong>oriu</strong></span> 
     </span>
    </p>
   </div>
   <div class='ocr_carea' id='block_1_5' title="bbox 0 0 976 3317">
    <p class='ocr_par' dir='ltr' id='par_1_9' title="bbox 0 0 976 3317">
     <span class='ocr_line' id='line_1_40' title="bbox 0 0 976 3317; baseline 0 0"><span class='ocrx_word' id='word_1_313' title='bbox 0 0 976 3317; x_wconf 95' lang='lat' dir='ltr'><strong> </strong></span> 
     </span>
    </p>
   </div>
  </div>
 </body>
</html>
