1917 3317
263 196 295 234 nn
307 196 445 237 senuerunt
460 195 562 237 enrvsrr.
765 184 813 239 'm

37 286 84 339 na3
100 277 130 323 nt
137 277 216 325 anum
232 274 352 327 erneiiirus
368 279 416 339 est,
431 276 509 327 omnin
521 274 615 327 clariore
629 279 684 327 sunt
697 276 772 342 iaetu,
786 282 813 330 ut

37 360 87 397 reas
102 359 151 397 non
163 358 247 411 purum
261 346 377 398 nominem
391 347 531 398 crucifixum.
543 364 558 395 »
632 385 635 390 ⁴

37 420 69 469 ed
87 418 193 482 primurn
208 430 262 482 ergo
273 415 391 470 dicendum
401 457 408 481 ,
420 418 479 482 quid
494 419 614 483 christus,
631 420 683 470 eum
696 433 741 471 nun
751 424 812 472 esset

37 491 123 553 ejectus
138 492 246 553 peccate,
259 502 335 553 neque
351 490 417 541 meni
429 494 478 541 erat
493 490 620 552 obnoxius,
634 504 710 553 neque
723 490 812 543 incine-

39 560 103 621 inni;
118 558 248 611 voluntarit
266 564 342 610 tamen
364 564 461 612 mortem
481 561 592 611 sustinuit
604 565 698 626 propter
709 568 811 613 nestram

40 634 114 694 utem,
126 630 255 683 secundum
267 632 367 683 rationes
375 632 443 697 supet
451 632 532 683 dicun,
542 633 568 685 Si
579 637 654 684 autern
663 647 746 698 eorpus
759 635 811 699 ejus

39 706 89 751 sset
101 702 256 767 putrefactum
272 704 308 755 vei
318 704 451 766 resolutum,
466 704 540 767 magis
553 706 597 762 hue
607 704 690 755 instet
701 705 726 754 in
736 705 810 755 detri-

37 778 109 823 ›ntum
131 773 213 823 salutis
233 774 351 838 humnnae,
374 776 428 825 *dum
452 788 499 825 nun
523 776 650 825 crederetur
667 775 693 826 in
714 788 743 827 eo
760 787 812 827 esse

40 849 76 894 tus
92 845 188 907 divinu;
204 846 264 895 unde
277 857 306 895 ex
322 858 419 910 persona
430 848 480 911 ejus
489 846 515 896 in
527 846 595 897 Peal.
610 848 695 911 XXXX,
710 847 809 898 dieitur:

37 918 90 973 [ius
110 915 201 967 utilitas
215 916 239 965 iu
257 916 367 981 sanguine
380 930 430 969 meo
445 918 498 968 dun
512 918 625 969 descendo
641 918 665 967 in
678 917 810 983 surruptie·

38 988 75 1036 vn?
92 1006 106 1037 »
123 986 196 1048 Quasi
209 987 287 1038 dieat:
302 988 353 1039 «si
370 1002 450 1054 eorpus
467 1002 542 1040 meum
554 992 685 1054 putrescat,
703 990 811 1054 perdetur

37 1059 70 1109 'usi
90 1058 212 1123 sanguinis
228 1060 325 1111 utilitas,
336 1076 350 1107 u

39 1132 69 1181 nd
83 1132 210 1181 seeundum
228 1131 356 1193 dicendum,
369 1131 426 1195 qnid
442 1143 525 1195 eorpus
537 1131 636 1194 Christi,
648 1136 758 1196 quantum
781 1132 810 1183 ad

37 1201 163 1253 nditienenr
187 1205 274 1253 nature
294 1202 425 1267 passibilis,
439 1202 607 1267 putreiuetihiie
621 1203 678 1262 tuit,
690 1202 744 1254 lieet
763 1214 811 1253 nen

39 1273 117 1323 antiun
135 1274 163 1324 ad
182 1273 287 1325 meritum
302 1274 490 1339 putrefactionis,
502 1274 563 1336 quod
572 1277 608 1325 est
620 1276 754 1338 peecatum
769 1273 810 1324 sed

37 1348 80 1395 tus
97 1344 175 1395 divina
189 1358 270 1409 cerpus
283 1345 368 1396 Christi
381 1344 568 1409 tputreiaetiune
579 1344 736 1409 preservavit,
750 1343 810 1395 sieut

46 1414 194 1465 resuscitavit
208 1414 222 1465 ir
235 1420 314 1467 morte.

39 1487 70 1535 td
93 1485 188 1536 tertium
202 1487 337 1551 dicendum,
354 1485 414 1550 quid
428 1486 533 1537 Christus
548 1486 576 1537 de
593 1486 715 1549 sepulchre
729 1499 807 1537 resur·

37 1558 65 1606 vit
87 1558 175 1609 virtute
189 1558 288 1623 divina,
303 1572 354 1623 quae
373 1558 440 1609 nuliis
451 1558 555 1608 terminis
567 1561 706 1620 cunctatum
718 1561 742 1609 et
755 1558 808 1609 iden

40 1644 50 1677 e
63 1629 126 1693 quid
136 1629 277 1694 ivepulehro
286 1630 393 1693 surrexit,
402 1630 519 1681 sufficiens
529 1633 687 1694 argumentum
694 1628 738 1679 tuit
745 1628 808 1694 quiid

37 1702 114 1753 *mines
127 1706 191 1753 eram
207 1702 357 1753 resuscitandi
376 1702 460 1752 virtute
475 1701 564 1764 divina,
580 1715 628 1753 nun
640 1701 714 1752 seium
730 1702 759 1752 de
773 1714 808 1753 se·

37 1772 124 1837 ¹ituris,
136 1773 257 1825 sedetiam
272 1774 300 1825 de
313 1774 493 1838 quibuscumque
503 1772 626 1824 cineribus.

302 1952 462 2003 nnnlcunus
478 1952 518 2002 IV.

37 2076 94 2123 irim
106 2077 216 2123 cerutus
221 2077 301 2133 suerit
312 2077 340 2121 ive
348 2077 470 2185 ³⁸¹⁰'t‘fgh'0
479 2078 555 2123 soliem
563 2088 614 2122 unu
628 2076 667 2121 die
676 2080 699 2121 et
711 2076 805 2123 duabus

345 2152 408 2185 noct
424 2153 460 2187 us.

45 2266 74 2315 id
88 2268 194 2329 quartum
208 2265 242 2317 eie
257 2264 385 2330 proceditur
393 2264 439 2329 (1).
459 2265 552 2317 Videtur
567 2263 627 2329 quid
642 2264 747 2317 Christus
756 2278 806 2317 nun

37 2336 78 2385 erit
90 2336 114 2387 in
134 2338 255 2401 sepulchro
274 2336 348 2388 snlivm
366 2350 411 2387 unu
430 2336 467 2387 die
486 2340 511 2386 et
523 2336 610 2387 dumus
623 2335 736 2388 nectibus.
750 2336 809 2387 uicit

37 2406 70 2455 rin
79 2408 129 2472 ipse
141 2410 245 2468 Manet„
260 2408 299 2459 Xli
311 2422 316 2456 ι
327 2424 341 2457 v
351 2408 415 2457 Sicut
425 2407 467 2458 inii
477 2407 576 2458 sunnin
587 2411 666 2457 ventre
675 2406 721 2457 eeti
730 2405 805 2457 trihus

37 2477 90 2529 eius
109 2483 132 2529 et
147 2480 219 2529 tribus
240 2480 357 2542 uectibus,
372 2480 404 2529 in
425 2478 497 2529 Filius
515 2478 614 2529 heminis
634 2477 679 2528 erit
691 2478 716 2527 iu
736 2477 805 2529 eorde

37 2562 76 2599 irrue
84 2552 156 2601 trihus
164 2550 244 2602 diebus
252 2554 275 2601 et
283 2550 355 2601 trihus
363 2549 475 2601 noctibus.
486 2550 552 2601 »Sed
561 2548 586 2599 in
598 2550 664 2602 eorde
675 2553 742 2601 terre
751 2548 803 2612 init,

37 2630 40 2663 ι
52 2624 167 2685 sepulchro
178 2622 289 2674 existens.
301 2624 351 2673 Non
360 2622 429 2685 igitur
443 2622 488 2672 tuit
503 2622 527 2672 in
540 2619 662 2685 sepuehve
674 2619 749 2671 solium
758 2634 806 2671 nnn

37 2688 82 2740 eet
95 2694 180 2745 dusius
193 2694 306 2745 nostibus.

48 2765 68 2810 t.
79 2764 203 2827 Praeterea,
217 2765 337 2829 Gregorius
351 2763 404 2814 dicit
422 2764 447 2815 in
465 2763 559 2816 floruit.
574 2761 707 2819 Paschali,
727 2760 805 2826 quid,

51 2912 81 2982 (1)
94 2920 169 2971 noun
178 2921 249 2970 etum
261 2919 330 2981 iniri,
344 2930 384 2983 qu.
400 2916 440 2981 52,
454 2925 501 2969 nrt.
510 2918 540 2980 ⁴,
551 2920 576 2973 in
595 2929 662 2981 turn,
675 2921 701 2965 et
711 2915 804 2981 tiu-⁵³2
