<?xml version="1.0" encoding="UTF-8"?>
<!DOCTYPE html PUBLIC "-//W3C//DTD XHTML 1.0 Transitional//EN"
    "http://www.w3.org/TR/xhtml1/DTD/xhtml1-transitional.dtd">
<html xmlns="http://www.w3.org/1999/xhtml" xml:lang="en" lang="en">
 <head>
  <title>
</title>
<meta http-equiv="Content-Type" content="text/html;charset=utf-8" />
  <meta name='ocr-system' content='tesseract 3.04.00' />
  <meta name='ocr-capabilities' content='ocr_page ocr_carea ocr_par ocr_line ocrx_word'/>
</head>
<body>
  <div class='ocr_page' id='page_1' title='image "./summatheologica02nicogoog_0894.png"; bbox 0 0 1917 3317; ppageno 0'>
   <div class='ocr_carea' id='block_1_1' title="bbox 237 147 861 201">
    <p class='ocr_par' dir='ltr' id='par_1_1' title="bbox 237 147 861 201">
     <span class='ocr_line' id='line_1_1' title="bbox 237 147 861 201; baseline 0.008 -11"><span class='ocrx_word' id='word_1_1' title='bbox 237 153 268 190; x_wconf 83' lang='lat' dir='ltr'>nn</span> <span class='ocrx_word' id='word_1_2' title='bbox 283 151 426 201; x_wconf 63' lang='lat' dir='ltr'>massonem</span> <span class='ocrx_word' id='word_1_3' title='bbox 440 153 564 192; x_wconf 70' lang='lat' dir='ltr'>rmsrouts</span> <span class='ocrx_word' id='word_1_4' title='bbox 582 155 687 194; x_wconf 70' lang='lat' dir='ltr'>enisus.</span> <span class='ocrx_word' id='word_1_5' title='bbox 816 147 861 196; x_wconf 80' lang='lat' dir='ltr'>sot</span> 
     </span>
    </p>
   </div>
   <div class='ocr_carea' id='block_1_2' title="bbox 29 229 864 2955">
    <p class='ocr_par' dir='ltr' id='par_1_2' title="bbox 29 229 864 2955">
     <span class='ocr_line' id='line_1_2' title="bbox 29 229 863 294; baseline 0.006 -14"><span class='ocrx_word' id='word_1_6' title='bbox 29 243 74 280; x_wconf 75' lang='lat' dir='ltr'>se</span> <span class='ocrx_word' id='word_1_7' title='bbox 93 230 109 279; x_wconf 77' lang='lat' dir='ltr'>&#39;a</span> <span class='ocrx_word' id='word_1_8' title='bbox 131 231 227 294; x_wconf 69' lang='lat' dir='ltr'>peteme</span> <span class='ocrx_word' id='word_1_9' title='bbox 239 229 301 293; x_wconf 85' lang='lat' dir='ltr'>quoa</span> <span class='ocrx_word' id='word_1_10' title='bbox 314 229 409 293; x_wconf 78' lang='lat' dir='ltr'>petilius</span> <span class='ocrx_word' id='word_1_11' title='bbox 422 229 581 282; x_wconf 72' lang='lat' dir='ltr'>commisisset.</span> <span class='ocrx_word' id='word_1_12' title='bbox 598 231 662 282; x_wconf 84' lang='lat' dir='ltr'>Sicut</span> <span class='ocrx_word' id='word_1_13' title='bbox 679 232 741 282; x_wconf 88' lang='lat' dir='ltr'>enim</span> <span class='ocrx_word' id='word_1_14' title='bbox 760 235 863 286; x_wconf 87' lang='lat' dir='ltr'>naturale</span> 
     </span>
     <span class='ocr_line' id='line_1_3' title="bbox 34 302 862 368; baseline 0.004 -15"><span class='ocrx_word' id='word_1_15' title='bbox 34 316 140 366; x_wconf 87' lang='lat' dir='ltr'>corpus</span> <span class='ocrx_word' id='word_1_16' title='bbox 160 304 197 353; x_wconf 90' lang='lat' dir='ltr'>est</span> <span class='ocrx_word' id='word_1_17' title='bbox 212 316 283 352; x_wconf 87' lang='lat' dir='ltr'>nuum</span> <span class='ocrx_word' id='word_1_18' title='bbox 304 316 334 354; x_wconf 82' lang='lat' dir='ltr'>ex</span> <span class='ocrx_word' id='word_1_19' title='bbox 352 303 503 354; x_wconf 81' lang='lat' dir='ltr'>membrorum</span> <span class='ocrx_word' id='word_1_20' title='bbox 522 302 654 355; x_wconf 83' lang='lat' dir='ltr'>diuersitate</span> <span class='ocrx_word' id='word_1_21' title='bbox 671 305 815 368; x_wconf 80' lang='lat' dir='ltr'><strong>consistens,</strong></span> <span class='ocrx_word' id='word_1_22' title='bbox 830 305 862 356; x_wconf 90' lang='lat' dir='ltr'>ita</span> 
     </span>
     <span class='ocr_line' id='line_1_4' title="bbox 34 374 862 442; baseline 0.002 -18"><span class='ocrx_word' id='word_1_23' title='bbox 34 376 108 425; x_wconf 85' lang='lat' dir='ltr'>tota·</span> <span class='ocrx_word' id='word_1_24' title='bbox 121 374 243 438; x_wconf 81' lang='lat' dir='ltr'>Ecclesia,</span> <span class='ocrx_word' id='word_1_25' title='bbox 258 387 309 438; x_wconf 82' lang='lat' dir='ltr'>quae</span> <span class='ocrx_word' id='word_1_26' title='bbox 328 378 365 425; x_wconf 90' lang='lat' dir='ltr'>est</span> <span class='ocrx_word' id='word_1_27' title='bbox 376 374 499 440; x_wconf 74' lang='lat' dir='ltr'>mysticum</span> <span class='ocrx_word' id='word_1_28' title='bbox 518 389 599 440; x_wconf 89' lang='lat' dir='ltr'>corpus</span> <span class='ocrx_word' id='word_1_29' title='bbox 611 375 705 436; x_wconf 77' lang='lat' dir='ltr'>Christi,</span> <span class='ocrx_word' id='word_1_30' title='bbox 717 380 862 442; x_wconf 86' lang='lat' dir='ltr'>computatur</span> 
     </span>
     <span class='ocr_line' id='line_1_5' title="bbox 35 443 861 511; baseline 0.005 -15"><span class='ocrx_word' id='word_1_31' title='bbox 35 443 121 510; x_wconf 73' lang='lat' dir='ltr'>quasi</span> <span class='ocrx_word' id='word_1_32' title='bbox 132 459 182 498; x_wconf 90' lang='lat' dir='ltr'>una</span> <span class='ocrx_word' id='word_1_33' title='bbox 193 459 351 510; x_wconf 80' lang='lat' dir='ltr'>personatum</span> <span class='ocrx_word' id='word_1_34' title='bbox 363 459 406 497; x_wconf 89' lang='lat' dir='ltr'>suo</span> <span class='ocrx_word' id='word_1_35' title='bbox 419 447 507 510; x_wconf 89' lang='lat' dir='ltr'>capite,</span> <span class='ocrx_word' id='word_1_36' title='bbox 525 448 585 510; x_wconf 84' lang='lat' dir='ltr'>qued</span> <span class='ocrx_word' id='word_1_37' title='bbox 599 451 635 498; x_wconf 91' lang='lat' dir='ltr'>est</span> <span class='ocrx_word' id='word_1_38' title='bbox 648 447 761 500; x_wconf 83' lang='lat' dir='ltr'>Christus.</span> <span class='ocrx_word' id='word_1_39' title='bbox 774 447 861 511; x_wconf 79' lang='lat' dir='ltr'>Tertio,</span> 
     </span>
     <span class='ocr_line' id='line_1_6' title="bbox 38 517 863 584; baseline 0.004 -16"><span class='ocrx_word' id='word_1_40' title='bbox 38 531 94 582; x_wconf 90' lang='lat' dir='ltr'>per</span> <span class='ocrx_word' id='word_1_41' title='bbox 110 519 207 569; x_wconf 90' lang='lat' dir='ltr'>modum</span> <span class='ocrx_word' id='word_1_42' title='bbox 228 517 375 577; x_wconf 78' lang='lat' dir='ltr'>efficientia,</span> <span class='ocrx_word' id='word_1_43' title='bbox 393 517 419 567; x_wconf 96' lang='lat' dir='ltr'>in</span> <span class='ocrx_word' id='word_1_44' title='bbox 439 521 550 581; x_wconf 84' lang='lat' dir='ltr'>quantum</span> <span class='ocrx_word' id='word_1_45' title='bbox 568 531 634 579; x_wconf 86' lang='lat' dir='ltr'>caro,</span> <span class='ocrx_word' id='word_1_46' title='bbox 651 519 775 570; x_wconf 77' lang='lat' dir='ltr'>secundum</span> <span class='ocrx_word' id='word_1_47' title='bbox 793 534 863 584; x_wconf 88' lang='lat' dir='ltr'>quam</span> 
     </span>
     <span class='ocr_line' id='line_1_7' title="bbox 39 588 864 654; baseline 0.002 -14"><span class='ocrx_word' id='word_1_48' title='bbox 39 588 303 653; x_wconf 85' lang='lat' dir='ltr'>Christuspussionenr</span> <span class='ocrx_word' id='word_1_49' title='bbox 312 590 430 652; x_wconf 78' lang='lat' dir='ltr'>sustinuit,</span> <span class='ocrx_word' id='word_1_50' title='bbox 441 593 477 640; x_wconf 91' lang='lat' dir='ltr'>est</span> <span class='ocrx_word' id='word_1_51' title='bbox 486 589 662 641; x_wconf 76' lang='lat' dir='ltr'>instrumentum</span> <span class='ocrx_word' id='word_1_52' title='bbox 678 590 822 654; x_wconf 88' lang='lat' dir='ltr'>divinitatis,</span> <span class='ocrx_word' id='word_1_53' title='bbox 834 605 864 642; x_wconf 83' lang='lat' dir='ltr'>ex</span> 
     </span>
     <span class='ocr_line' id='line_1_8' title="bbox 42 659 862 725; baseline 0.006 -16"><span class='ocrx_word' id='word_1_54' title='bbox 42 661 165 724; x_wconf 76' lang='lat' dir='ltr'>quocies</span> <span class='ocrx_word' id='word_1_55' title='bbox 181 661 302 724; x_wconf 81' lang='lat' dir='ltr'>passiones</span> <span class='ocrx_word' id='word_1_56' title='bbox 315 663 339 710; x_wconf 90' lang='lat' dir='ltr'>et</span> <span class='ocrx_word' id='word_1_57' title='bbox 354 659 456 711; x_wconf 88' lang='lat' dir='ltr'>actiones</span> <span class='ocrx_word' id='word_1_58' title='bbox 467 664 590 725; x_wconf 86' lang='lat' dir='ltr'>operantur</span> <span class='ocrx_word' id='word_1_59' title='bbox 600 662 624 711; x_wconf 90' lang='lat' dir='ltr'>in</span> <span class='ocrx_word' id='word_1_60' title='bbox 638 659 722 712; x_wconf 88' lang='lat' dir='ltr'>virtute</span> <span class='ocrx_word' id='word_1_61' title='bbox 740 662 819 713; x_wconf 85' lang='lat' dir='ltr'>divina</span> <span class='ocrx_word' id='word_1_62' title='bbox 834 665 862 714; x_wconf 89' lang='lat' dir='ltr'>ad</span> 
     </span>
     <span class='ocr_line' id='line_1_9' title="bbox 47 733 368 796; baseline -0.003 -14"><span class='ocrx_word' id='word_1_63' title='bbox 47 733 222 796; x_wconf 79' lang='lat' dir='ltr'>expellendum</span> <span class='ocrx_word' id='word_1_64' title='bbox 238 734 368 796; x_wconf 87' lang='lat' dir='ltr'>peccatum.</span> 
     </span>
     <span class='ocr_line' id='line_1_10' title="bbox 85 803 862 868; baseline 0.001 -13"><span class='ocrx_word' id='word_1_65' title='bbox 85 804 239 868; x_wconf 74' lang='lat' dir='ltr'>ltprimum</span> <span class='ocrx_word' id='word_1_66' title='bbox 258 816 312 866; x_wconf 81' lang='lat' dir='ltr'>ergo</span> <span class='ocrx_word' id='word_1_67' title='bbox 332 803 470 865; x_wconf 85' lang='lat' dir='ltr'>dicentum,</span> <span class='ocrx_word' id='word_1_68' title='bbox 484 803 545 868; x_wconf 88' lang='lat' dir='ltr'>qnlld</span> <span class='ocrx_word' id='word_1_69' title='bbox 563 803 618 854; x_wconf 79' lang='lat' dir='ltr'>licet</span> <span class='ocrx_word' id='word_1_70' title='bbox 638 804 743 855; x_wconf 87' lang='lat' dir='ltr'>Christus</span> <span class='ocrx_word' id='word_1_71' title='bbox 765 818 811 856; x_wconf 91' lang='lat' dir='ltr'>non</span> <span class='ocrx_word' id='word_1_72' title='bbox 831 805 862 856; x_wconf 89' lang='lat' dir='ltr'>sit</span> 
     </span>
     <span class='ocr_line' id='line_1_11' title="bbox 45 873 861 941; baseline 0.002 -15"><span class='ocrx_word' id='word_1_73' title='bbox 45 889 140 941; x_wconf 89' lang='lat' dir='ltr'>passus</span> <span class='ocrx_word' id='word_1_74' title='bbox 157 874 283 924; x_wconf 81' lang='lat' dir='ltr'>secundum</span> <span class='ocrx_word' id='word_1_75' title='bbox 299 873 362 938; x_wconf 80' lang='lat' dir='ltr'>qnod</span> <span class='ocrx_word' id='word_1_76' title='bbox 373 875 447 936; x_wconf 80' lang='lat' dir='ltr'>Dens,</span> <span class='ocrx_word' id='word_1_77' title='bbox 458 879 536 925; x_wconf 88' lang='lat' dir='ltr'>tamen</span> <span class='ocrx_word' id='word_1_78' title='bbox 550 888 602 926; x_wconf 90' lang='lat' dir='ltr'>caro</span> <span class='ocrx_word' id='word_1_79' title='bbox 617 877 668 941; x_wconf 88' lang='lat' dir='ltr'>ejus</span> <span class='ocrx_word' id='word_1_80' title='bbox 683 881 719 927; x_wconf 87' lang='lat' dir='ltr'>est</span> <span class='ocrx_word' id='word_1_81' title='bbox 731 876 861 928; x_wconf 84' lang='lat' dir='ltr'>diuinitatis</span> 
     </span>
     <span class='ocr_line' id='line_1_12' title="bbox 45 947 861 1012; baseline 0.004 -15"><span class='ocrx_word' id='word_1_82' title='bbox 45 948 248 1009; x_wconf 66' lang='lat' dir='ltr'>instrumentum</span> <span class='ocrx_word' id='word_1_83' title='bbox 259 951 283 996; x_wconf 87' lang='lat' dir='ltr'>et</span> <span class='ocrx_word' id='word_1_84' title='bbox 296 959 325 996; x_wconf 83' lang='lat' dir='ltr'>ex</span> <span class='ocrx_word' id='word_1_85' title='bbox 341 948 383 998; x_wconf 89' lang='lat' dir='ltr'>hoc</span> <span class='ocrx_word' id='word_1_86' title='bbox 395 947 472 1011; x_wconf 87' lang='lat' dir='ltr'>passio</span> <span class='ocrx_word' id='word_1_87' title='bbox 482 949 533 1012; x_wconf 85' lang='lat' dir='ltr'>ejus</span> <span class='ocrx_word' id='word_1_88' title='bbox 544 949 612 999; x_wconf 86' lang='lat' dir='ltr'>hahet</span> <span class='ocrx_word' id='word_1_89' title='bbox 622 950 743 1012; x_wconf 85' lang='lat' dir='ltr'>quamdam</span> <span class='ocrx_word' id='word_1_90' title='bbox 757 950 861 1002; x_wconf 82' lang='lat' dir='ltr'>divinam</span> 
     </span>
     <span class='ocr_line' id='line_1_13' title="bbox 45 1016 631 1081; baseline 0 -12"><span class='ocrx_word' id='word_1_91' title='bbox 45 1019 168 1069; x_wconf 81' lang='lat' dir='ltr'>uirtutem</span> <span class='ocrx_word' id='word_1_92' title='bbox 182 1016 310 1068; x_wconf 87' lang='lat' dir='ltr'>dimittendi</span> <span class='ocrx_word' id='word_1_93' title='bbox 324 1025 431 1081; x_wconf 77' lang='lat' dir='ltr'>peccata,</span> <span class='ocrx_word' id='word_1_94' title='bbox 447 1023 473 1068; x_wconf 92' lang='lat' dir='ltr'>nt</span> <span class='ocrx_word' id='word_1_95' title='bbox 487 1020 572 1068; x_wconf 87' lang='lat' dir='ltr'>dictum</span> <span class='ocrx_word' id='word_1_96' title='bbox 588 1021 631 1069; x_wconf 90' lang='lat' dir='ltr'>est.</span> 
     </span>
     <span class='ocr_line' id='line_1_14' title="bbox 87 1089 862 1158; baseline 0.008 -18"><span class='ocrx_word' id='word_1_97' title='bbox 87 1090 124 1140; x_wconf 77' lang='lat' dir='ltr'>hd</span> <span class='ocrx_word' id='word_1_98' title='bbox 139 1089 265 1140; x_wconf 86' lang='lat' dir='ltr'>secundnm</span> <span class='ocrx_word' id='word_1_99' title='bbox 275 1089 405 1153; x_wconf 85' lang='lat' dir='ltr'>dicendum,</span> <span class='ocrx_word' id='word_1_100' title='bbox 416 1089 477 1154; x_wconf 80' lang='lat' dir='ltr'>quel</span> <span class='ocrx_word' id='word_1_101' title='bbox 488 1091 565 1154; x_wconf 90' lang='lat' dir='ltr'>passio</span> <span class='ocrx_word' id='word_1_102' title='bbox 580 1090 662 1141; x_wconf 88' lang='lat' dir='ltr'>Christi</span> <span class='ocrx_word' id='word_1_103' title='bbox 675 1091 727 1142; x_wconf 82' lang='lat' dir='ltr'>licet</span> <span class='ocrx_word' id='word_1_104' title='bbox 741 1092 770 1143; x_wconf 87' lang='lat' dir='ltr'>sit</span> <span class='ocrx_word' id='word_1_105' title='bbox 783 1106 862 1158; x_wconf 90' lang='lat' dir='ltr'>corpo·</span> 
     </span>
     <span class='ocr_line' id='line_1_15' title="bbox 49 1161 862 1226; baseline 0.002 -14"><span class='ocrx_word' id='word_1_106' title='bbox 49 1162 130 1222; x_wconf 87' lang='lat' dir='ltr'>ralis,</span> <span class='ocrx_word' id='word_1_107' title='bbox 145 1161 238 1212; x_wconf 88' lang='lat' dir='ltr'>sortitur</span> <span class='ocrx_word' id='word_1_108' title='bbox 252 1164 327 1211; x_wconf 79' lang='lat' dir='ltr'>mosen</span> <span class='ocrx_word' id='word_1_109' title='bbox 341 1162 461 1225; x_wconf 83' lang='lat' dir='ltr'>quemdam</span> <span class='ocrx_word' id='word_1_110' title='bbox 482 1161 622 1226; x_wconf 88' lang='lat' dir='ltr'>spiritualem</span> <span class='ocrx_word' id='word_1_111' title='bbox 638 1162 745 1212; x_wconf 86' lang='lat' dir='ltr'>virtutem</span> <span class='ocrx_word' id='word_1_112' title='bbox 764 1177 792 1213; x_wconf 86' lang='lat' dir='ltr'>ex</span> <span class='ocrx_word' id='word_1_113' title='bbox 803 1165 862 1214; x_wconf 83' lang='lat' dir='ltr'>diri-</span> 
     </span>
     <span class='ocr_line' id='line_1_16' title="bbox 51 1232 861 1298; baseline 0.002 -14"><span class='ocrx_word' id='word_1_114' title='bbox 51 1234 132 1284; x_wconf 85' lang='lat' dir='ltr'>nitate</span> <span class='ocrx_word' id='word_1_115' title='bbox 142 1232 180 1283; x_wconf 91' lang='lat' dir='ltr'>cui</span> <span class='ocrx_word' id='word_1_116' title='bbox 189 1246 241 1283; x_wconf 85' lang='lat' dir='ltr'>caro</span> <span class='ocrx_word' id='word_1_117' title='bbox 250 1235 300 1296; x_wconf 86' lang='lat' dir='ltr'>ejus</span> <span class='ocrx_word' id='word_1_118' title='bbox 310 1233 374 1283; x_wconf 85' lang='lat' dir='ltr'>nnita</span> <span class='ocrx_word' id='word_1_119' title='bbox 382 1237 417 1284; x_wconf 89' lang='lat' dir='ltr'>est</span> <span class='ocrx_word' id='word_1_120' title='bbox 428 1236 453 1284; x_wconf 91' lang='lat' dir='ltr'>ut</span> <span class='ocrx_word' id='word_1_121' title='bbox 461 1235 652 1295; x_wconf 65' lang='lat' dir='ltr'>instrumentum</span> <span class='ocrx_word' id='word_1_122' title='bbox 660 1233 784 1284; x_wconf 80' lang='lat' dir='ltr'>secundior</span> <span class='ocrx_word' id='word_1_123' title='bbox 794 1249 861 1298; x_wconf 80' lang='lat' dir='ltr'>qurum</span> 
     </span>
     <span class='ocr_line' id='line_1_17' title="bbox 51 1305 860 1372; baseline 0.002 -16"><span class='ocrx_word' id='word_1_124' title='bbox 51 1307 151 1372; x_wconf 86' lang='lat' dir='ltr'>quidem</span> <span class='ocrx_word' id='word_1_125' title='bbox 164 1305 273 1357; x_wconf 81' lang='lat' dir='ltr'>sntutun</span> <span class='ocrx_word' id='word_1_126' title='bbox 289 1305 364 1370; x_wconf 82' lang='lat' dir='ltr'>passio</span> <span class='ocrx_word' id='word_1_127' title='bbox 382 1306 468 1357; x_wconf 85' lang='lat' dir='ltr'>Christi</span> <span class='ocrx_word' id='word_1_128' title='bbox 485 1310 520 1356; x_wconf 91' lang='lat' dir='ltr'>est</span> <span class='ocrx_word' id='word_1_129' title='bbox 537 1318 607 1357; x_wconf 89' lang='lat' dir='ltr'>causa</span> <span class='ocrx_word' id='word_1_130' title='bbox 623 1305 763 1356; x_wconf 85' lang='lat' dir='ltr'>remissionis</span> <span class='ocrx_word' id='word_1_131' title='bbox 779 1319 860 1371; x_wconf 89' lang='lat' dir='ltr'>pecca·</span> 
     </span>
     <span class='ocr_line' id='line_1_18' title="bbox 52 1386 144 1432; baseline -0.022 0"><span class='ocrx_word' id='word_1_132' title='bbox 52 1386 144 1432; x_wconf 87' lang='lat' dir='ltr'>torum.</span> 
     </span>
     <span class='ocr_line' id='line_1_19' title="bbox 90 1451 863 1517; baseline 0.001 -13"><span class='ocrx_word' id='word_1_133' title='bbox 90 1454 125 1504; x_wconf 78' lang='lat' dir='ltr'>hd</span> <span class='ocrx_word' id='word_1_134' title='bbox 142 1453 235 1504; x_wconf 89' lang='lat' dir='ltr'>tertium</span> <span class='ocrx_word' id='word_1_135' title='bbox 258 1453 395 1516; x_wconf 86' lang='lat' dir='ltr'>dicendum,</span> <span class='ocrx_word' id='word_1_136' title='bbox 408 1452 468 1515; x_wconf 80' lang='lat' dir='ltr'>quoe</span> <span class='ocrx_word' id='word_1_137' title='bbox 488 1451 593 1502; x_wconf 87' lang='lat' dir='ltr'>Christus</span> <span class='ocrx_word' id='word_1_138' title='bbox 612 1451 654 1502; x_wconf 85' lang='lat' dir='ltr'>sua</span> <span class='ocrx_word' id='word_1_139' title='bbox 670 1451 777 1517; x_wconf 81' lang='lat' dir='ltr'>passione</span> <span class='ocrx_word' id='word_1_140' title='bbox 793 1454 863 1505; x_wconf 84' lang='lat' dir='ltr'>noslr</span> 
     </span>
     <span class='ocr_line' id='line_1_20' title="bbox 54 1523 861 1591; baseline 0 -15"><span class='ocrx_word' id='word_1_141' title='bbox 54 1525 161 1591; x_wconf 86' lang='lat' dir='ltr'>peccatis</span> <span class='ocrx_word' id='word_1_142' title='bbox 174 1524 278 1575; x_wconf 85' lang='lat' dir='ltr'>liberarit</span> <span class='ocrx_word' id='word_1_143' title='bbox 290 1524 427 1587; x_wconf 83' lang='lat' dir='ltr'>causaliter,</span> <span class='ocrx_word' id='word_1_144' title='bbox 439 1524 463 1574; x_wconf 88' lang='lat' dir='ltr'>id</span> <span class='ocrx_word' id='word_1_145' title='bbox 476 1527 524 1587; x_wconf 87' lang='lat' dir='ltr'>est,</span> <span class='ocrx_word' id='word_1_146' title='bbox 539 1523 662 1573; x_wconf 89' lang='lat' dir='ltr'>instituens</span> <span class='ocrx_word' id='word_1_147' title='bbox 671 1535 762 1573; x_wconf 86' lang='lat' dir='ltr'>causam</span> <span class='ocrx_word' id='word_1_148' title='bbox 777 1529 861 1576; x_wconf 78' lang='lat' dir='ltr'>nostra</span> 
     </span>
     <span class='ocr_line' id='line_1_21' title="bbox 54 1595 861 1660; baseline 0 -12"><span class='ocrx_word' id='word_1_149' title='bbox 54 1595 216 1659; x_wconf 88' lang='lat' dir='ltr'>liberationis,</span> <span class='ocrx_word' id='word_1_150' title='bbox 231 1609 260 1646; x_wconf 88' lang='lat' dir='ltr'>ex</span> <span class='ocrx_word' id='word_1_151' title='bbox 275 1609 320 1659; x_wconf 85' lang='lat' dir='ltr'>qua</span> <span class='ocrx_word' id='word_1_152' title='bbox 338 1601 432 1660; x_wconf 88' lang='lat' dir='ltr'>possent</span> <span class='ocrx_word' id='word_1_153' title='bbox 447 1607 595 1659; x_wconf 84' lang='lat' dir='ltr'>quaecumque</span> <span class='ocrx_word' id='word_1_154' title='bbox 610 1599 706 1658; x_wconf 90' lang='lat' dir='ltr'>peccata</span> <span class='ocrx_word' id='word_1_155' title='bbox 727 1598 861 1660; x_wconf 87' lang='lat' dir='ltr'>quandoque</span> 
     </span>
     <span class='ocr_line' id='line_1_22' title="bbox 56 1666 861 1732; baseline 0 -12"><span class='ocrx_word' id='word_1_156' title='bbox 56 1670 152 1732; x_wconf 87' lang='lat' dir='ltr'>remitti,</span> <span class='ocrx_word' id='word_1_157' title='bbox 162 1668 199 1720; x_wconf 86' lang='lat' dir='ltr'>vel</span> <span class='ocrx_word' id='word_1_158' title='bbox 215 1669 339 1732; x_wconf 81' lang='lat' dir='ltr'>preterita,</span> <span class='ocrx_word' id='word_1_159' title='bbox 349 1667 386 1717; x_wconf 90' lang='lat' dir='ltr'>vel</span> <span class='ocrx_word' id='word_1_160' title='bbox 401 1669 541 1731; x_wconf 78' lang='lat' dir='ltr'>prasentia,</span> <span class='ocrx_word' id='word_1_161' title='bbox 556 1668 594 1717; x_wconf 86' lang='lat' dir='ltr'>vel</span> <span class='ocrx_word' id='word_1_162' title='bbox 609 1667 698 1732; x_wconf 73' lang='lat' dir='ltr'>lutura,</span> <span class='ocrx_word' id='word_1_163' title='bbox 715 1666 773 1717; x_wconf 91' lang='lat' dir='ltr'>sicut</span> <span class='ocrx_word' id='word_1_164' title='bbox 783 1669 804 1718; x_wconf 92' lang='lat' dir='ltr'>sl</span> <span class='ocrx_word' id='word_1_165' title='bbox 814 1683 861 1720; x_wconf 88' lang='lat' dir='ltr'>nre·</span> 
     </span>
     <span class='ocr_line' id='line_1_23' title="bbox 58 1738 862 1804; baseline 0 -12"><span class='ocrx_word' id='word_1_166' title='bbox 58 1743 127 1792; x_wconf 85' lang='lat' dir='ltr'>dicus</span> <span class='ocrx_word' id='word_1_167' title='bbox 147 1741 217 1792; x_wconf 84' lang='lat' dir='ltr'>iaciat</span> <span class='ocrx_word' id='word_1_168' title='bbox 236 1739 387 1801; x_wconf 84' lang='lat' dir='ltr'>medicinam,</span> <span class='ocrx_word' id='word_1_169' title='bbox 408 1752 437 1790; x_wconf 83' lang='lat' dir='ltr'>ex</span> <span class='ocrx_word' id='word_1_170' title='bbox 457 1753 503 1803; x_wconf 86' lang='lat' dir='ltr'>qua</span> <span class='ocrx_word' id='word_1_171' title='bbox 519 1738 609 1804; x_wconf 92' lang='lat' dir='ltr'>possint</span> <span class='ocrx_word' id='word_1_172' title='bbox 631 1739 769 1804; x_wconf 82' lang='lat' dir='ltr'>quicumque</span> <span class='ocrx_word' id='word_1_173' title='bbox 788 1743 862 1794; x_wconf 85' lang='lat' dir='ltr'>marni</span> 
     </span>
     <span class='ocr_line' id='line_1_24' title="bbox 58 1813 403 1877; baseline -0.009 -13"><span class='ocrx_word' id='word_1_174' title='bbox 58 1813 146 1877; x_wconf 89' lang='lat' dir='ltr'>sanari,</span> <span class='ocrx_word' id='word_1_175' title='bbox 162 1815 232 1864; x_wconf 90' lang='lat' dir='ltr'>etiam</span> <span class='ocrx_word' id='word_1_176' title='bbox 250 1813 275 1862; x_wconf 93' lang='lat' dir='ltr'>in</span> <span class='ocrx_word' id='word_1_177' title='bbox 289 1813 403 1862; x_wconf 85' lang='lat' dir='ltr'>loturum.</span> 
     </span>
     <span class='ocr_line' id='line_1_25' title="bbox 93 1881 860 1950; baseline -0.001 -16"><span class='ocrx_word' id='word_1_178' title='bbox 93 1887 126 1934; x_wconf 79' lang='lat' dir='ltr'>orl</span> <span class='ocrx_word' id='word_1_179' title='bbox 142 1889 246 1950; x_wconf 86' lang='lat' dir='ltr'>quartum</span> <span class='ocrx_word' id='word_1_180' title='bbox 264 1884 399 1946; x_wconf 86' lang='lat' dir='ltr'>dicendum,</span> <span class='ocrx_word' id='word_1_181' title='bbox 411 1883 471 1945; x_wconf 82' lang='lat' dir='ltr'>qnod</span> <span class='ocrx_word' id='word_1_182' title='bbox 485 1883 538 1946; x_wconf 85' lang='lat' dir='ltr'>quia</span> <span class='ocrx_word' id='word_1_183' title='bbox 549 1882 624 1946; x_wconf 88' lang='lat' dir='ltr'>passio</span> <span class='ocrx_word' id='word_1_184' title='bbox 637 1881 722 1934; x_wconf 87' lang='lat' dir='ltr'>Christi</span> <span class='ocrx_word' id='word_1_185' title='bbox 732 1884 860 1949; x_wconf 83' lang='lat' dir='ltr'>praecessit,</span> 
     </span>
     <span class='ocr_line' id='line_1_26' title="bbox 60 1953 862 2020; baseline 0.002 -14"><span class='ocrx_word' id='word_1_186' title='bbox 60 1962 89 2007; x_wconf 93' lang='lat' dir='ltr'>nt</span> <span class='ocrx_word' id='word_1_187' title='bbox 106 1969 171 2006; x_wconf 89' lang='lat' dir='ltr'>cansa</span> <span class='ocrx_word' id='word_1_188' title='bbox 191 1957 293 2020; x_wconf 75' lang='lat' dir='ltr'>quadam</span> <span class='ocrx_word' id='word_1_189' title='bbox 311 1955 447 2005; x_wconf 85' lang='lat' dir='ltr'>universalis</span> <span class='ocrx_word' id='word_1_190' title='bbox 465 1953 608 2005; x_wconf 81' lang='lat' dir='ltr'>remissionis</span> <span class='ocrx_word' id='word_1_191' title='bbox 627 1956 787 2018; x_wconf 89' lang='lat' dir='ltr'>peecatorum,</span> <span class='ocrx_word' id='word_1_192' title='bbox 801 1956 862 2008; x_wconf 90' lang='lat' dir='ltr'>sicut</span> 
     </span>
     <span class='ocr_line' id='line_1_27' title="bbox 60 2025 860 2089; baseline -0.003 -9"><span class='ocrx_word' id='word_1_193' title='bbox 60 2028 205 2089; x_wconf 86' lang='lat' dir='ltr'>dictumest,</span> <span class='ocrx_word' id='word_1_194' title='bbox 220 2040 313 2078; x_wconf 89' lang='lat' dir='ltr'>necesse</span> <span class='ocrx_word' id='word_1_195' title='bbox 333 2025 442 2089; x_wconf 80' lang='lat' dir='ltr'>estquod</span> <span class='ocrx_word' id='word_1_196' title='bbox 457 2025 554 2089; x_wconf 81' lang='lat' dir='ltr'>singulis</span> <span class='ocrx_word' id='word_1_197' title='bbox 571 2025 704 2076; x_wconf 88' lang='lat' dir='ltr'>adhiheatur</span> <span class='ocrx_word' id='word_1_198' title='bbox 719 2025 747 2074; x_wconf 90' lang='lat' dir='ltr'>ad</span> <span class='ocrx_word' id='word_1_199' title='bbox 766 2027 860 2078; x_wconf 88' lang='lat' dir='ltr'>deletio·</span> 
     </span>
     <span class='ocr_line' id='line_1_28' title="bbox 61 2096 861 2164; baseline 0 -14"><span class='ocrx_word' id='word_1_200' title='bbox 61 2113 114 2150; x_wconf 88' lang='lat' dir='ltr'>nem</span> <span class='ocrx_word' id='word_1_201' title='bbox 126 2100 265 2164; x_wconf 90' lang='lat' dir='ltr'>propriorum</span> <span class='ocrx_word' id='word_1_202' title='bbox 278 2103 431 2162; x_wconf 86' lang='lat' dir='ltr'>peccatorum.</span> <span class='ocrx_word' id='word_1_203' title='bbox 444 2098 492 2147; x_wconf 84' lang='lat' dir='ltr'>Hoc</span> <span class='ocrx_word' id='word_1_204' title='bbox 509 2099 584 2146; x_wconf 87' lang='lat' dir='ltr'>autern</span> <span class='ocrx_word' id='word_1_205' title='bbox 597 2097 622 2146; x_wconf 86' lang='lat' dir='ltr'>lit</span> <span class='ocrx_word' id='word_1_206' title='bbox 633 2109 674 2161; x_wconf 87' lang='lat' dir='ltr'>per</span> <span class='ocrx_word' id='word_1_207' title='bbox 686 2096 823 2160; x_wconf 85' lang='lat' dir='ltr'>baptismum</span> <span class='ocrx_word' id='word_1_208' title='bbox 837 2103 861 2150; x_wconf 90' lang='lat' dir='ltr'>et</span> 
     </span>
     <span class='ocr_line' id='line_1_29' title="bbox 61 2167 860 2237; baseline 0.001 -16"><span class='ocrx_word' id='word_1_209' title='bbox 61 2170 216 2237; x_wconf 74' lang='lat' dir='ltr'>paenitentiam</span> <span class='ocrx_word' id='word_1_210' title='bbox 230 2173 253 2219; x_wconf 89' lang='lat' dir='ltr'>et</span> <span class='ocrx_word' id='word_1_211' title='bbox 265 2169 310 2220; x_wconf 89' lang='lat' dir='ltr'>alla</span> <span class='ocrx_word' id='word_1_212' title='bbox 323 2172 533 2232; x_wconf 63' lang='lat' dir='ltr'>sacramentaque</span> <span class='ocrx_word' id='word_1_213' title='bbox 547 2169 633 2219; x_wconf 87' lang='lat' dir='ltr'>hahent</span> <span class='ocrx_word' id='word_1_214' title='bbox 646 2167 752 2219; x_wconf 86' lang='lat' dir='ltr'>virtutem</span> <span class='ocrx_word' id='word_1_215' title='bbox 766 2181 794 2220; x_wconf 83' lang='lat' dir='ltr'>ex</span> <span class='ocrx_word' id='word_1_216' title='bbox 806 2185 860 2235; x_wconf 89' lang='lat' dir='ltr'>pas-</span> 
     </span>
     <span class='ocr_line' id='line_1_30' title="bbox 62 2241 459 2305; baseline -0.01 -11"><span class='ocrx_word' id='word_1_217' title='bbox 62 2243 127 2294; x_wconf 86' lang='lat' dir='ltr'>sione</span> <span class='ocrx_word' id='word_1_218' title='bbox 142 2241 240 2305; x_wconf 87' lang='lat' dir='ltr'>Christi,</span> <span class='ocrx_word' id='word_1_219' title='bbox 255 2245 280 2292; x_wconf 92' lang='lat' dir='ltr'>ut</span> <span class='ocrx_word' id='word_1_220' title='bbox 294 2241 354 2291; x_wconf 86' lang='lat' dir='ltr'>inirlr</span> <span class='ocrx_word' id='word_1_221' title='bbox 366 2241 459 2305; x_wconf 87' lang='lat' dir='ltr'>patebit.</span> 
     </span>
     <span class='ocr_line' id='line_1_31' title="bbox 93 2312 860 2380; baseline 0.001 -15"><span class='ocrx_word' id='word_1_222' title='bbox 93 2315 127 2365; x_wconf 88' lang='lat' dir='ltr'>ltd</span> <span class='ocrx_word' id='word_1_223' title='bbox 144 2313 246 2378; x_wconf 85' lang='lat' dir='ltr'>quintum</span> <span class='ocrx_word' id='word_1_224' title='bbox 265 2313 401 2374; x_wconf 84' lang='lat' dir='ltr'>licendum,</span> <span class='ocrx_word' id='word_1_225' title='bbox 415 2312 475 2376; x_wconf 81' lang='lat' dir='ltr'>qued</span> <span class='ocrx_word' id='word_1_226' title='bbox 496 2312 564 2362; x_wconf 86' lang='lat' dir='ltr'>etiarn</span> <span class='ocrx_word' id='word_1_227' title='bbox 583 2326 625 2376; x_wconf 93' lang='lat' dir='ltr'>per</span> <span class='ocrx_word' id='word_1_228' title='bbox 647 2313 715 2365; x_wconf 88' lang='lat' dir='ltr'>tidem</span> <span class='ocrx_word' id='word_1_229' title='bbox 734 2314 860 2380; x_wconf 84' lang='lat' dir='ltr'>applicatur</span> 
     </span>
     <span class='ocr_line' id='line_1_32' title="bbox 63 2384 861 2451; baseline -0.003 -11"><span class='ocrx_word' id='word_1_230' title='bbox 63 2389 127 2440; x_wconf 90' lang='lat' dir='ltr'>nohis</span> <span class='ocrx_word' id='word_1_231' title='bbox 144 2386 220 2451; x_wconf 90' lang='lat' dir='ltr'>passio</span> <span class='ocrx_word' id='word_1_232' title='bbox 236 2386 320 2436; x_wconf 89' lang='lat' dir='ltr'>Christi</span> <span class='ocrx_word' id='word_1_233' title='bbox 335 2385 364 2435; x_wconf 86' lang='lat' dir='ltr'>ud</span> <span class='ocrx_word' id='word_1_234' title='bbox 382 2384 554 2450; x_wconf 89' lang='lat' dir='ltr'>percipiendum</span> <span class='ocrx_word' id='word_1_235' title='bbox 569 2386 667 2435; x_wconf 81' lang='lat' dir='ltr'>fructum</span> <span class='ocrx_word' id='word_1_236' title='bbox 684 2385 767 2451; x_wconf 91' lang='lat' dir='ltr'>ipsius,</span> <span class='ocrx_word' id='word_1_237' title='bbox 779 2400 861 2438; x_wconf 89' lang='lat' dir='ltr'>secun·</span> 
     </span>
     <span class='ocr_line' id='line_1_33' title="bbox 64 2457 862 2523; baseline -0.001 -12"><span class='ocrx_word' id='word_1_238' title='bbox 64 2461 117 2512; x_wconf 82' lang='lat' dir='ltr'>dun</span> <span class='ocrx_word' id='word_1_239' title='bbox 128 2459 184 2510; x_wconf 84' lang='lat' dir='ltr'>illud</span> <span class='ocrx_word' id='word_1_240' title='bbox 204 2461 287 2514; x_wconf 74' lang='lat' dir='ltr'>llum„</span> <span class='ocrx_word' id='word_1_241' title='bbox 304 2457 335 2508; x_wconf 92' lang='lat' dir='ltr'>lll</span> <span class='ocrx_word' id='word_1_242' title='bbox 349 2471 355 2506; x_wconf 77' lang='grc' dir='ltr'><strong><em>ε</em></strong></span> <span class='ocrx_word' id='word_1_243' title='bbox 368 2473 382 2504; x_wconf 87' lang='grc'>«</span> <span class='ocrx_word' id='word_1_244' title='bbox 392 2459 465 2517; x_wconf 82' lang='lat' dir='ltr'>Quem</span> <span class='ocrx_word' id='word_1_245' title='bbox 483 2457 600 2522; x_wconf 92' lang='lat' dir='ltr'>proposuit</span> <span class='ocrx_word' id='word_1_246' title='bbox 613 2459 674 2509; x_wconf 84' lang='lat' dir='ltr'>Deus</span> <span class='ocrx_word' id='word_1_247' title='bbox 692 2459 862 2523; x_wconf 86' lang='lat' dir='ltr'>propitiatorem</span> 
     </span>
     <span class='ocr_line' id='line_1_34' title="bbox 65 2527 862 2597; baseline 0.003 -16"><span class='ocrx_word' id='word_1_248' title='bbox 65 2546 106 2597; x_wconf 91' lang='lat' dir='ltr'>per</span> <span class='ocrx_word' id='word_1_249' title='bbox 114 2531 179 2581; x_wconf 86' lang='lat' dir='ltr'>tidem</span> <span class='ocrx_word' id='word_1_250' title='bbox 189 2529 214 2580; x_wconf 91' lang='lat' dir='ltr'>in</span> <span class='ocrx_word' id='word_1_251' title='bbox 226 2529 338 2594; x_wconf 78' lang='lat' dir='ltr'>sanguiue</span> <span class='ocrx_word' id='word_1_252' title='bbox 348 2528 407 2591; x_wconf 88' lang='lat' dir='ltr'>ejus.</span> <span class='ocrx_word' id='word_1_253' title='bbox 417 2545 432 2576; x_wconf 85' lang='lat' dir='ltr'>u</span> <span class='ocrx_word' id='word_1_254' title='bbox 442 2527 511 2580; x_wconf 83' lang='lat' dir='ltr'>Fides</span> <span class='ocrx_word' id='word_1_255' title='bbox 522 2532 598 2580; x_wconf 69' lang='lat' dir='ltr'>anum</span> <span class='ocrx_word' id='word_1_256' title='bbox 609 2543 651 2594; x_wconf 89' lang='lat' dir='ltr'>per</span> <span class='ocrx_word' id='word_1_257' title='bbox 664 2543 731 2594; x_wconf 88' lang='lat' dir='ltr'>qnam</span> <span class='ocrx_word' id='word_1_258' title='bbox 744 2529 757 2578; x_wconf 79' lang='lat' dir='ltr'>l</span> <span class='ocrx_word' id='word_1_259' title='bbox 769 2535 862 2594; x_wconf 88' lang='lat' dir='ltr'>peccato</span> 
     </span>
     <span class='ocr_line' id='line_1_35' title="bbox 67 2599 862 2666; baseline 0 -13"><span class='ocrx_word' id='word_1_260' title='bbox 67 2603 204 2663; x_wconf 86' lang='lat' dir='ltr'>mundamur,</span> <span class='ocrx_word' id='word_1_261' title='bbox 215 2604 306 2652; x_wconf 91' lang='lat' dir='ltr'>nonest</span> <span class='ocrx_word' id='word_1_262' title='bbox 319 2601 374 2651; x_wconf 87' lang='lat' dir='ltr'>tides</span> <span class='ocrx_word' id='word_1_263' title='bbox 384 2599 497 2662; x_wconf 84' lang='lat' dir='ltr'>informis,</span> <span class='ocrx_word' id='word_1_264' title='bbox 511 2613 561 2664; x_wconf 80' lang='lat' dir='ltr'>quc</span> <span class='ocrx_word' id='word_1_265' title='bbox 572 2604 649 2666; x_wconf 89' lang='lat' dir='ltr'>potest</span> <span class='ocrx_word' id='word_1_266' title='bbox 663 2613 715 2651; x_wconf 90' lang='lat' dir='ltr'>esse</span> <span class='ocrx_word' id='word_1_267' title='bbox 729 2601 799 2650; x_wconf 86' lang='lat' dir='ltr'>eliam</span> <span class='ocrx_word' id='word_1_268' title='bbox 810 2615 862 2653; x_wconf 81' lang='lat' dir='ltr'>errnr</span> 
     </span>
     <span class='ocr_line' id='line_1_36' title="bbox 67 2671 861 2738; baseline 0.003 -14"><span class='ocrx_word' id='word_1_269' title='bbox 67 2677 172 2738; x_wconf 87' lang='lat' dir='ltr'>peceato;</span> <span class='ocrx_word' id='word_1_270' title='bbox 192 2673 231 2724; x_wconf 87' lang='lat' dir='ltr'>sed</span> <span class='ocrx_word' id='word_1_271' title='bbox 249 2678 283 2724; x_wconf 90' lang='lat' dir='ltr'>est</span> <span class='ocrx_word' id='word_1_272' title='bbox 297 2673 353 2722; x_wconf 87' lang='lat' dir='ltr'>tides</span> <span class='ocrx_word' id='word_1_273' title='bbox 370 2675 452 2722; x_wconf 90' lang='lat' dir='ltr'>ornata</span> <span class='ocrx_word' id='word_1_274' title='bbox 464 2684 506 2735; x_wconf 87' lang='lat' dir='ltr'>per</span> <span class='ocrx_word' id='word_1_275' title='bbox 522 2672 668 2734; x_wconf 88' lang='lat' dir='ltr'>charitatem,</span> <span class='ocrx_word' id='word_1_276' title='bbox 691 2675 717 2721; x_wconf 92' lang='lat' dir='ltr'>ut</span> <span class='ocrx_word' id='word_1_277' title='bbox 731 2671 764 2720; x_wconf 92' lang='lat' dir='ltr'>sic</span> <span class='ocrx_word' id='word_1_278' title='bbox 786 2673 861 2736; x_wconf 87' lang='lat' dir='ltr'>passio</span> 
     </span>
     <span class='ocr_line' id='line_1_37' title="bbox 68 2741 860 2809; baseline -0.004 -13"><span class='ocrx_word' id='word_1_279' title='bbox 68 2744 144 2796; x_wconf 90' lang='lat' dir='ltr'>Christi</span> <span class='ocrx_word' id='word_1_280' title='bbox 157 2745 222 2795; x_wconf 89' lang='lat' dir='ltr'>nohis</span> <span class='ocrx_word' id='word_1_281' title='bbox 240 2744 376 2809; x_wconf 87' lang='lat' dir='ltr'>applicetur,</span> <span class='ocrx_word' id='word_1_282' title='bbox 392 2757 438 2794; x_wconf 93' lang='lat' dir='ltr'>non</span> <span class='ocrx_word' id='word_1_283' title='bbox 455 2741 529 2794; x_wconf 87' lang='lat' dir='ltr'>sollrnr</span> <span class='ocrx_word' id='word_1_284' title='bbox 543 2748 653 2808; x_wconf 83' lang='lat' dir='ltr'>quantum</span> <span class='ocrx_word' id='word_1_285' title='bbox 667 2744 694 2792; x_wconf 90' lang='lat' dir='ltr'>ad</span> <span class='ocrx_word' id='word_1_286' title='bbox 708 2742 860 2807; x_wconf 85' lang='lat' dir='ltr'>intellectum,</span> 
     </span>
     <span class='ocr_line' id='line_1_38' title="bbox 69 2815 859 2881; baseline 0 -12"><span class='ocrx_word' id='word_1_287' title='bbox 69 2815 184 2869; x_wconf 87' lang='lat' dir='ltr'>sedetiam</span> <span class='ocrx_word' id='word_1_288' title='bbox 200 2819 309 2881; x_wconf 87' lang='lat' dir='ltr'>quautam</span> <span class='ocrx_word' id='word_1_289' title='bbox 325 2817 353 2866; x_wconf 88' lang='lat' dir='ltr'>ad</span> <span class='ocrx_word' id='word_1_290' title='bbox 372 2818 487 2867; x_wconf 88' lang='lat' dir='ltr'>ellectum.</span> <span class='ocrx_word' id='word_1_291' title='bbox 502 2818 530 2867; x_wconf 83' lang='lat' dir='ltr'>Et</span> <span class='ocrx_word' id='word_1_292' title='bbox 549 2829 589 2880; x_wconf 90' lang='lat' dir='ltr'>per</span> <span class='ocrx_word' id='word_1_293' title='bbox 609 2818 669 2865; x_wconf 86' lang='lat' dir='ltr'>lruno</span> <span class='ocrx_word' id='word_1_294' title='bbox 682 2815 750 2865; x_wconf 85' lang='lat' dir='ltr'>etiarn</span> <span class='ocrx_word' id='word_1_295' title='bbox 766 2817 859 2868; x_wconf 82' lang='lat' dir='ltr'>modum</span> 
     </span>
     <span class='ocr_line' id='line_1_39' title="bbox 68 2885 675 2955; baseline -0.01 -14"><span class='ocrx_word' id='word_1_296' title='bbox 68 2890 154 2955; x_wconf 87' lang='lat' dir='ltr'>peccata</span> <span class='ocrx_word' id='word_1_297' title='bbox 163 2888 306 2942; x_wconf 85' lang='lat' dir='ltr'>dimittuntur</span> <span class='ocrx_word' id='word_1_298' title='bbox 318 2900 346 2940; x_wconf 86' lang='lat' dir='ltr'>er</span> <span class='ocrx_word' id='word_1_299' title='bbox 354 2889 441 2942; x_wconf 80' lang='lat' dir='ltr'>ruente</span> <span class='ocrx_word' id='word_1_300' title='bbox 455 2888 569 2954; x_wconf 86' lang='lat' dir='ltr'>passionis</span> <span class='ocrx_word' id='word_1_301' title='bbox 582 2885 675 2939; x_wconf 85' lang='lat' dir='ltr'>Christi.</span> 
     </span>
    </p>
   </div>
   <div class='ocr_carea' id='block_1_3' title="bbox 0 0 980 3317">
    <p class='ocr_par' dir='ltr' id='par_1_3' title="bbox 0 0 980 3317">
     <span class='ocr_line' id='line_1_40' title="bbox 0 0 980 3317; baseline 0 0"><span class='ocrx_word' id='word_1_302' title='bbox 0 0 980 3317; x_wconf 95' lang='lat' dir='ltr'> </span> 
     </span>
    </p>
   </div>
  </div>
 </body>
</html>
