1917 3317
268 182 300 219 lt!
313 180 461 220 ASOEHSIOM
475 180 579 220 fflllffl.
762 172 823 219 1005
874 187 877 190 ’

28 274 38 309 n
55 258 125 309 sicat
137 256 318 321 motusploriosi
329 257 429 321 corporis
440 271 532 307 sorsum
545 271 591 310 non
604 259 640 309 est
652 257 781 319 violentus,
791 258 824 309 ita

28 346 60 381 cc
80 327 148 394 quies
162 334 199 381 est
214 329 324 381 violenta.
340 330 404 380 Unde
421 328 478 379 nihil
490 329 595 393 prohibet
608 342 659 381 earu
675 342 726 381 csse
740 328 824 394 sempi-

28 414 120 453 rruram.

320 506 522 573 runcunnsu.

28 644 114 687 rtrum
132 654 218 699 corpus
235 641 325 687 Christi
346 640 478 747 αεςεζέἅεῖἰί
493 651 566 698 super
580 652 672 685 omnem
686 641 823 683 motorum

343 716 403 761 spurt
414 716 446 747 oo
457 714 503 748 em.

47 835 86 885 hd
110 835 215 899 quintum
232 834 264 885 sic
282 833 419 899 proceditur.
442 832 537 883 Videtur
553 833 615 897 qudd
637 846 722 897 corpus
739 832 824 884 Christi

29 922 63 958 ou
89 906 219 957 escenderit
231 920 300 971 super
320 918 411 958 omnem
424 907 551 957 creaturam
571 904 721 968 spiritualem.
736 905 822 956 Eorum

28 980 84 1029 nim
100 990 153 1041 qnae
167 992 213 1029 nou
227 978 333 1029 dicuutur
346 976 550 1028 socunddmuuam
560 976 679 1039 rationem,
690 989 737 1027 non
746 980 823 1040 potest

28 1050 187 1101 euvenienter
204 1049 252 1099 lieri
271 1050 418 1113 comparatio.
435 1049 478 1099 Sed
492 1048 557 1099 locus
577 1061 622 1098 non
639 1050 717 1099 eadem
732 1048 822 1100 ratione

29 1120 153 1171 ttrihuitnr
165 1121 318 1185 corporalibus
330 1124 354 1173 et
366 1118 524 1185 spiritualibus
537 1119 660 1183 creaturis,
677 1122 704 1169 ut
716 1124 780 1184 patet
793 1134 822 1173 ex

31 1194 52 1242 is
67 1206 123 1257 quar
137 1192 196 1242 dicta
212 1195 267 1243 sunt
281 1193 306 1242 in
318 1194 335 1243 l.
355 1194 420 1257 parte
435 1193 493 1257 (qu.
515 1190 572 1254 ds).
586 1192 646 1253 Ergo
658 1189 748 1241 videtur
760 1192 822 1255 quhd

28 1279 65 1315 on
80 1263 156 1328 possit
174 1263 218 1313 dici
231 1278 313 1328 corpus
327 1264 412 1315 Christi
425 1262 555 1314 ascendisse
571 1276 639 1327 super
651 1276 744 1314 omnem
756 1276 821 1314 cres·

28 1348 95 1385 nram
116 1334 267 1399 spiritualem.

47 1412 75 1457 2.
98 1408 226 1471 praterea,
245 1405 386 1471 Augustinus
403 1405 458 1457 dicit
469 1405 496 1456 in
515 1406 557 1456 lib.
571 1406 609 1456 De
621 1420 681 1455 nero
698 1406 824 1472 relipione

34 1492 89 1541 cap.
111 1480 172 1540 53),
192 1477 251 1541 qudd
272 1493 286 1525 u
299 1478 361 1529 omni
379 1478 468 1541 corpori
488 1477 582 1541 spiritus
599 1478 758 1541 protertur.»
777 1479 823 1530 Sed

28 1549 129 1601 ,obiliori
139 1548 174 1599 rei
186 1549 303 1600 sublimior
313 1550 407 1599 debetur
420 1550 493 1599 locus.
503 1550 561 1612 Ergo
571 1549 664 1600 uidetur
675 1549 735 1612 oudd
745 1550 822 1601 Chris-

28 1636 54 1669 us
72 1635 122 1672 nou
140 1620 267 1671 ascenderit
284 1634 352 1685 super
369 1634 460 1673 ornnem
480 1620 621 1684 spiritualem
633 1623 766 1671 creetnraoa.

49 1697 74 1742 3.
88 1695 211 1755 Praeterea,
223 1692 320 1745 inomni
332 1693 383 1743 loco
400 1696 436 1743 est
452 1692 544 1756 aliquod
560 1705 650 1755 corpus,
665 1690 717 1741 edm
727 1693 824 1744 nibilsit

28 1777 118 1815 ‘acuum
138 1765 164 1814 in
183 1768 273 1815 natura.
293 1763 318 1813 Si
335 1776 388 1827 ergo
408 1762 497 1813 nullum
517 1776 598 1827 corpus
614 1762 704 1814 obtinet
719 1763 823 1815 altiorem

28 1850 94 1886 ocum
109 1835 179 1901 quim
194 1835 302 1899 spiritus,
316 1834 341 1885 in
356 1835 435 1885 ordine
451 1834 588 1885 naturalium
601 1848 735 1899 corporum,
746 1837 823 1887 nnllns

28 1922 84 1958 ocus
103 1908 148 1959 erit
160 1920 230 1972 super
240 1920 330 1958 omnem
344 1906 487 1971 spiritualem
497 1911 632 1956 creaturam.
646 1908 697 1957 lton
707 1920 761 1971 erpo
772 1921 823 1958 ror·

28 1994 63 2028 rus
77 1978 166 2030 Christi
182 1978 257 2043 potuit
270 1980 390 2029 ascendere
408 1992 476 2043 super
492 1991 583 2029 omnem
601 1978 740 2043 spiritualem
754 1991 822 2030 crea-

29 2064 103 2099 nram.

49 2122 96 2172 Sed
110 2124 190 2173 contra
207 2123 242 2172 est
250 2158 258 2184 ,
273 2122 333 2185 quod
345 2123 426 2173 dicitur
438 2124 540 2187 Epiros„
554 2123 583 2172 l:
599 2122 745 2173 «Constituit
758 2121 821 2173 illum

28 2204 87 2254 upra
106 2206 198 2243 omnem
212 2192 364 2257 principatum
377 2198 401 2245 et
414 2196 563 2258 potestatem,
577 2197 602 2243 et
616 2207 684 2258 snpra
701 2207 769 2245 omne
780 2208 822 2246 no·

29 2276 71 2313 nen
86 2264 146 2328 quod
162 2263 301 2325 nominatur,
314 2263 364 2315 siue
377 2266 402 2315 in
414 2266 458 2315 hoc
470 2265 563 2327 seculo,
579 2264 629 2317 siue
641 2264 666 2313 in
678 2264 763 2315 tuturo.
774 2281 789 2313 »

52 2336 221 2397 (Concunsro.
235 2362 267 2373 -
280 2336 414 2399 Quanquam
428 2334 513 2387 Christi
529 2349 610 2401 corpus
631 2336 754 2386 secundbm
774 2350 822 2389 suae

28 2408 108 2455 naturae
125 2406 278 2459 conditionem
293 2406 323 2457 sit
332 2406 392 2457 inira
412 2408 551 2458 substantias
565 2406 711 2471 spirituales,
726 2412 752 2457 ut
765 2422 821 2459 con·

28 2481 124 2527 unctum
140 2481 217 2529 tamen
227 2480 272 2528 ileo
283 2477 307 2528 in
315 2490 419 2543 persona,
435 2482 471 2528 est
483 2479 589 2530 omnibus
602 2478 757 2543 spiritualibus
769 2480 823 2529 suh-

28 2548 111 2598 stantiis
131 2549 293 2613 excellentium
313 2548 410 2613 ideoque
431 2550 508 2600 decuit
524 2551 550 2600 ut
572 2564 640 2615 super
654 2562 744 2599 omnem
760 2562 823 2601 crea·

28 2628 93 2669 :uram
108 2619 263 2683 elevaretur.)

53 2690 192 2757 Respondes
204 2692 340 2754 dicendum,
355 2692 416 2757 qubd
437 2692 503 2745 tantd
515 2694 584 2745 alicui
596 2694 631 2745 rei
649 2693 745 2744 debetur
756 2692 823 2745 altior

28 2756 99 2824 locus,
114 2762 201 2826 quautd
217 2769 253 2815 est
266 2764 373 2826 nobilior,
388 2766 437 2817 sire
447 2764 557 2816 debeatur
568 2766 590 2815 ei
602 2765 666 2815 locus
676 2779 719 2829 per
730 2765 822 2816 modum

28 2834 139 2887 conmotus
153 2835 293 2900 corporalis,
308 2836 369 2887 siem
383 2836 525 2901 corporibus¹
540 2836 589 2887 siue
606 2849 647 2900 per
659 2836 750 2888 modum
769 2849 822 2887 cou-

29 2904 96 2956 tactrls
109 2907 251 2975 spiritualis,
265 2910 325 2961 sicut
337 2908 494 2975 spiritualibus
504 2909 645 2961 substantiis.
659 2909 747 2961 &inde
760 2910 822 2961 enim
