1917 3317
139 191 164 232 nn
178 195 361 235 enarrassrruus
378 197 409 235 an
425 196 518 235 scarus
534 196 706 236 eriscoaonunr.
787 187 816 234 td

59 272 84 316 est
94 271 186 335 utaliqnis
194 277 317 338 purgalum
326 287 350 324 se
359 273 432 338 possit
441 287 645 337 cognosceremus
653 276 721 325 debet
731 274 815 338 aliquis

59 351 90 386 ιιι
102 348 187 404 purgatus
203 357 269 395 sacra
287 345 412 395 ministeria
428 345 498 395 adire.
520 360 535 392 ι)
553 345 578 394 si
596 358 649 408 ergo
668 345 751 410 aliquis
769 359 816 396 uou

57 410 117 462 untia
127 427 147 464 se
156 428 200 466 esee
209 419 347 480 purgatum,
358 420 564 480 quantumcumque
576 417 620 466 sibi
635 416 765 481 episcopale
778 417 815 467 in-

57 483 250 548 iungatarofficium,
266 499 314 536 nou
324 487 392 538 debet
400 486 454 537 illud
464 487 587 552 suscipere.

79 556 96 598 3·
106 554 208 619 lisimas,
220 559 250 609 de
261 559 288 606 B.
303 557 377 608 llarco
385 558 535 622 llierouqmus
543 557 597 608 dicit
603 558 629 608 iu
638 559 734 621 Prologo
742 575 818 624 snper

57 623 115 673 ιιιιιιι.
124 625 160 691 (t),
169 630 227 692 qudd
240 633 393 693 «amputasse
407 629 451 679 sibi
463 633 516 694 post
524 630 592 680 fidem
606 631 710 694 pollicem
724 631 817 696 dicitur,

58 698 76 740 ιι
86 698 180 750 samrdotio
192 701 307 766 reprobus
321 701 448 750 haberetur.
464 717 478 748 o
496 702 525 751 nt
540 701 645 752 similiter
659 701 728 766 aliqui
737 707 816 753 rotum

57 765 144 833 mittunt,
155 775 178 822 nt
195 785 316 836 nunquam
340 771 495 835 episcopatum
512 772 692 836 accipientem
714 773 817 837 ejusdem

53 838 121 890 rationis
134 848 165 893 est
175 857 261 908 ponere
279 843 466 908 impedimentum
480 845 509 894 ad
528 843 627 908 aliquid,
642 848 666 895 et
676 844 770 894 ommno
783 857 819 894 re·

50 921 110 960 unum
122 913 177 966 illud.
193 917 254 984 Ergo
264 916 356 966 ridetur
368 914 429 978 qudd
443 917 529 979 absque
539 920 632 980 peccato
648 917 722 979 possit
737 916 819 980 aliquis

48 981 120 1032 ctuioino
128 986 279 1052 episcopatum
289 997 404 1042 coemere.

72 1054 105 1104 Sed
125 1063 194 1108 contra
214 1064 266 1120 cst,
290 1058 367 1122 quod.;⁴
376 1059 515 1122 Augustinus
534 1057 588 1108 dicit
609 1059 645 1108 od
672 1059 819 1110 leodonium

49 1123 115 1185 tuost.
125 1128 222 1196 XXXXl)
244 1146 251 1179 z
269 1146 283 1176 ιι
294 1129 319 1180 Si
329 1133 399 1194 ‘mam
413 1141 504 1193 operam
519 1133 618 1180 uestram
635 1134 709 1181 mater
718 1130 820 1180 Ecclesia

49 1195 254 1264 declamaremus
269 1197 369 1250 elatione
390 1199 458 1250 auidi
470 1199 615 1265 suscipiatis,
629 1214 673 1251 uec
692 1200 822 1251 blandiente

48 1265 112 1316 «lollii
129 1273 243 1334 respuatis,
267 1287 281 1318 ι)
298 1272 381 1320 Postea
396 1271 471 1320 subdit
489 1287 495 1321 :
513 1289 528 1318 ιι
545 1272 623 1335 Neque
635 1271 706 1322 otium
719 1274 820 1321 vestrum

52 1339 189 1392 necessitatibus
197 1341 310 1394 Ecclesia
321 1341 468 1404 praeponatis
479 1342 517 1392 cui
526 1342 660 1406 parturienti
670 1342 690 1391 si
699 1341 757 1391 nulli
765 1341 821 1392 boui

52 1407 149 1462 inlustrare
159 1415 255 1474 vellent,
271 1412 385 1473 quomodo
399 1413 547 1463 nasceremini
560 1425 605 1463 uon
618 1413 788 1464 inveniretis.»
858 1427 870 1448 ·

75 1478 208 1537 (Concessio.
219 1511 253 1523 -
262 1484 329 1533 Sicut
339 1483 483 1547 episcopatus
492 1483 650 1534 celsitudinem
661 1483 822 1546 concupiscere

53 1549 113 1600 uatum
126 1553 170 1617 est,
185 1557 218 1606 ita
232 1555 393 1620 episcopatum
408 1554 420 1604 d
433 1554 550 1620 superiore
566 1556 726 1605 demandatum
746 1554 822 1604 auimo
886 1615 890 1628 .

52 1618 136 1674 otstirato
151 1641 259 1678 recusare
272 1629 391 1690 peceatum
405 1629 453 1690 est,
468 1626 576 1676 charitati
588 1629 611 1676 et
620 1625 744 1676 humilitati
755 1638 822 1690 repu-

49 1697 128 1755 putus.)
480 1699 494 1722 ³

68 1763 183 1828 despondeo
195 1769 319 1820 dicendum
329 1805 335 1831 ,
345 1765 405 1831 qudd
418 1767 441 1816 iu
458 1767 614 1831 assumptione
623 1766 766 1831 episcopatus
776 1767 823 1817 duo

46 1838 86 1881 suut
95 1840 247 1890 consideranda
258 1855 265 1888 ι
276 1837 351 1902 primi
360 1838 462 1902 quidem,
470 1839 524 1902 quid
533 1839 613 1889 deceat
623 1838 738 1888 bominem
752 1850 823 1901 appe·

46 1905 81 1953 tare
92 1909 203 1961 semuddm
219 1909 337 1974 propriam
348 1910 507 1972 uoluntatem3
519 1908 627 1971 secuudd,
641 1908 696 1972 quid
706 1908 822 1959 lrorninem

45 1973 105 2048 luceat
116 1979 182 2032 lacere
195 1983 225 2032 ad
244 1981 387 2030 uoluntatem
408 1979 511 2029 alterins.
526 1982 640 2039 Qnautum
655 1992 709 2043 ergo
721 1980 750 2029 ad
766 1993 823 2044 pro-

49 2059 100 2096 truu
111 2051 256 2113 rolnotatem,
267 2051 377 2102 marcuit
387 2051 474 2100 bomini
489 2051 643 2115 principaliter
651 2051 757 2101 insistere
770 2063 824 2114 pro

48 2116 87 2173 irie
101 2120 173 2186 salnti3
188 2124 230 2173 sed
247 2121 309 2187 qudd
324 2121 419 2172 aliorum
438 2121 506 2172 saluti
520 2121 637 2183 iuteudat,
655 2125 700 2172 boe
716 2121 825 2171 contenit

51 2190 114 2240 lumini
130 2207 157 2243 cx
170 2193 324 2258 dispositione
345 2192 439 2242 alterius
457 2195 595 2256 potestatem
611 2192 733 2254 babeatis,
747 2196 775 2242 ut
796 2205 826 2243 ex

54 2261 99 2317 ‘liri
111 2264 170 2315 dicis
183 2269 257 2330 patet.
274 2264 354 2325 Unde,
368 2263 427 2314 sicut
447 2265 474 2314 ad
493 2263 683 2324 inordinationem
701 2263 825 2314 uoluntatis

57 2333 192 2400 tnttnaqotd
206 2337 294 2400 aliquis
307 2335 399 2400 proprio
407 2339 470 2384 motu
481 2334 566 2386 feratur
576 2335 601 2384 in
610 2338 654 2386 boc
662 2334 722 2398 qubd
731 2333 825 2384 aliorum

60 2398 179 2457 instructioni
192 2405 348 2472 praelieiatur,
363 2405 395 2455 ita
413 2405 483 2455 etiam
500 2407 528 2456 ad
541 2405 730 2457 inordinationem
742 2404 825 2453 uolun-

63 2469 186 2535 ltttpertiuet
195 2479 260 2544 qudd
272 2476 356 2540 aliquis
368 2475 461 2526 omnino
475 2482 554 2526 eontra
567 2477 691 2540 superioris
702 2474 828 2537 injunctio·

62 2547 105 2601 teo,
120 2550 251 2610 nemetum
277 2547 448 2612 gubernationis
474 2548 575 2598 officium
597 2548 696 2598 dualiter
721 2549 826 2606 recuset,

84 2649 105 2710 Ἰ]
112 2656 141 2702 Sic
150 2659 260 2716 equidem
271 2659 384 2714 Prologus
393 2657 432 2713 qui
444 2659 488 2703 suh
497 2658 590 2702 nomine
599 2657 733 2713 Hieronymi
742 2657 828 2702 Glossae

64 2713 147 2776 llllltmrc
157 2721 267 2776 praefixus
277 2726 327 2774 est;
339 2721 483 2776 subjungens
493 2726 570 2765 tamen
583 2720 644 2775 qudd
657 2720 718 2764 iacto
728 2720 768 2764 illo
781 2729 827 2761 uon

66 2777 137 2838 litltute
149 2789 246 2828 tuntum
260 2782 412 2827 consentiente
425 2781 483 2840 fidei
491 2782 668 2840 praedestinata
674 2783 757 2840 potuit
770 2780 829 2825 elec-

67 2835 97 2900 5¹⁰,
104 2845 121 2885 ti
128 2856 165 2890 sec
174 2848 211 2892 sic
222 2848 254 2891 iu
262 2857 335 2902 opere
348 2842 417 2889 verbi
426 2844 539 2902 perderet
547 2845 610 2901 quood
620 2845 696 2902 pride
705 2843 829 2889 meruerat

67 2905 83 2935 Μ
96 2913 172 2960 terem
186 2921 249 2954 nom
260 2907 421 2956 decantato
435 2907 569 2964 Episcopus
579 2908 639 2966 fuit.
