1917 3317
132 138 181 185 tto
300 146 361 183 raas
376 146 419 194 ru,
437 146 532 191 ounsr.
548 148 639 194 xxxiii,
655 147 710 184 aar.
728 146 761 182 ιιι.

133 227 208 274 vatur.
224 222 341 279 (triantitas
355 227 432 271 autem
447 223 561 286 corporis,
578 237 645 286 quam
662 224 732 272 habet
745 217 863 285 cumpriud
875 216 895 265 sit

135 296 262 346 infunditur
279 296 366 352 aniana,
381 296 567 358 proportionetur
579 296 701 357 quantit-di
716 295 813 359 perfecta
824 294 901 352 atqua

134 380 177 430 per
192 377 338 426 augruemum
357 366 489 428 perveniet;
509 366 540 413 ita
559 366 649 415 scilicet
667 366 726 430 qudd
745 365 890 429 majorantur⁴

136 450 191 487 num
205 450 299 500 corpora
319 439 428 498 majorem
451 438 601 499 quantitatem
623 440 709 487 tratient
724 440 745 487 in
762 450 828 501 prima
844 436 891 483 uuir.

135 508 207 558 tione.
222 510 326 557 Ctuistus
342 516 416 556 autem
437 508 461 557 iu
482 510 583 573 perfecta
602 515 671 559 aetate
693 512 772 559 habuit
785 512 884 559 deceptui

137 581 273 630 mediocrem
288 581 451 642 quantitatem,
467 581 504 628 rui
518 582 734 643 proportionabotur
748 582 852 643 quantitas
864 596 879 640 q

136 666 220 717 corpus
238 654 289 715 ejus
304 652 381 698 habuit
395 652 418 699 in
433 657 534 715 terrrpore
548 666 593 715 quo
608 654 705 702 aliorum
722 654 834 703 hominum
846 666 881 712 uoq

138 725 276 773 animantur.
293 724 403 771 Minorem
418 726 494 772 tamen
513 724 593 772 habuit
610 723 635 771 iu
652 725 768 789 principio
788 739 830 773 sne
843 738 876 771 cor.

138 796 223 857 tionis3
240 796 280 843 sed
296 799 371 842 tamen
389 794 427 842 itta
441 807 511 857 parra
529 795 646 857 quantitas
666 810 714 845 non
737 800 785 845 erat
799 800 840 843 mm
855 808 884 855 pu

138 870 163 915 ut
183 868 207 915 in
222 880 248 915 ea
264 880 309 915 uon
325 871 401 928 posset
420 866 535 914 rationalis
547 866 622 914 anima
638 868 788 928 conseruari,
803 866 847 915 cina
862 866 893 911 iat

139 939 266 1001 quantitate
278 937 425 998 quorumdam
436 950 557 1000 parvorum
569 937 690 985 hominum
701 952 798 1001 corpora
809 937 885 986 animet

171 1011 204 1059 Ad
218 1010 310 1058 tertium
330 1010 468 1069 dicendum,
484 1008 543 1071 qudd
555 1009 579 1057 in
600 1009 750 1072 generatione
765 1010 855 1059 aliorum
869 1010 880 1054 t.

140 1094 195 1131 num
209 1082 282 1130 torum
297 1082 365 1129 trahet
384 1082 443 1143 qnod
466 1080 521 1130 dicit
535 1082 708 1145 Phidosoptrm,
726 1088 819 1145 propter
830 1082 870 1129 hoa
881 1094 891 1139 r

140 1152 272 1202 successive
294 1165 376 1214 corpus
397 1152 506 1201 torrnatm
525 1157 549 1200 et
569 1153 700 1216 disponitur
720 1156 748 1201 ad
766 1155 867 1201 animam.
880 1152 891 1197 ι’

141 1223 215 1286 primo
229 1230 336 1286 tauquam
351 1223 484 1287 imperfecte
494 1223 640 1286 dispositum,
654 1224 738 1287 recipit
754 1227 850 1273 annuam
866 1238 883 1269 u

141 1294 239 1356 fectam;
250 1300 272 1344 et
286 1296 441 1357 postmodum,
451 1296 541 1357 quando
551 1293 650 1356 perfecte
663 1301 700 1343 est
715 1296 859 1359 dispositum,
869 1311 895 1341 u

142 1366 239 1415 animam
252 1366 384 1429 porrectam.
399 1366 443 1415 Sed
456 1378 538 1427 corpus
551 1365 647 1425 Christi,
664 1371 760 1429 propter
777 1368 900 1416 infinitam·¹

142 1440 214 1487 tutem
233 1437 336 1499 agentis,
358 1434 403 1485 tuo
430 1434 529 1499 perfecte
551 1435 688 1497 dispositum
710 1437 734 1485 in
759 1438 863 1487 instanti.
885 1438 891 1483 t

143 1508 220 1557 statim
239 1509 264 1556 in
283 1507 356 1570 primo
371 1507 466 1557 instanti
485 1506 570 1571 recepit
589 1508 685 1557 formam
708 1508 839 1573 perfectam
845 1511 882 1573 ,id
899 1534 901 1539 ·

144 1578 243 1629 animam
262 1579 403 1628 rationalem.

436 1694 597 1744 turrentes
616 1694 658 1744 tn.

150 1816 236 1862 Utrdm
255 1830 341 1875 corpus
365 1818 455 1863 christi
471 1819 499 1862 a‘rt
512 1820 591 1875 primo
606 1819 713 1863 tractanti
732 1834 784 1867 auoe
804 1837 892 1877 concep.

365 1880 447 1934 suerit
457 1881 471 1924 d
482 1880 558 1925 Verbo
568 1888 729 1937 assumptum.

178 2005 212 2054 dd
229 2005 322 2055 tertium
344 2005 378 2054 sic
395 2004 526 2069 proceditur
539 2004 584 2070 (t).
597 2004 695 2055 Videtur
719 2008 782 2072 quod
805 2026 859 2062 caru
881 2012 893 2059 t

146 2075 211 2139 prius
231 2077 299 2125 tuerit
319 2082 442 2139 concepta,
461 2081 484 2125 ct
502 2076 644 2139 postmodnm
669 2087 808 2145 assumpta.
823 2084 882 2143 Quo:

146 2160 195 2197 non
214 2153 263 2207 est,
278 2161 323 2197 uon
342 2151 418 2210 potest
436 2146 529 2197 assumi.
549 2146 593 2197 Sed
613 2160 667 2197 caro
685 2150 784 2203 -Ctrrimi
802 2170 846 2219 per
867 2170 895 2203 u.

147 2218 285 2268 tionemesse
295 2218 397 2281 iucoepit.
408 2218 469 2281 Ergo
478 2218 570 2267 ridetur
580 2218 638 2282 qudd
651 2220 727 2271 tuerit
739 2232 862 2291 assumpta
875 2228 884 2273 'a
895 2240 901 2264 ι

148 2290 190 2339 Dei
204 2297 323 2353 postquam
333 2291 378 2338 snit
392 2294 509 2353 concepta.

180 2366 205 2411 Ξ.
223 2363 350 2423 Praeterea,
364 2374 416 2411 caro
429 2361 517 2411 Christi
530 2361 574 2411 tuit
586 2367 705 2425 assumpta
728 2366 744 2415 a
759 2370 834 2419 verbo
849 2368 894 2419 nu.

66 2477 68 2481 .
150 2431 228 2482 diante
239 2434 314 2481 anima
326 2432 485 2496 rationatitt).
498 2432 542 2481 Sed
551 2434 576 2481 in
587 2433 685 2483 termino
699 2441 868 2503 conceptionis
881 2461 895 2486 a

150 2503 249 2553 animam
268 2503 410 2553 rationalem.
431 2504 492 2567 Ergo
512 2503 536 2552 iu
559 2502 654 2552 termino
677 2512 846 2572 conceptionis
864 2513 898 2560 tn.

184 2654 217 2718 tl)
233 2660 264 2701 Ite
285 2657 321 2702 his
335 2657 404 2701 etiam
418 2656 468 2713 ΙΙΙ,
484 2655 539 2701 dist.
556 2656 588 2714 2,
605 2668 645 2711 qn.
661 2657 693 2715 2,
710 2670 761 2708 arr.
778 2664 812 2719 33
831 2672 857 2711 aa
872 2666 901 2709 ar,

151 2730 193 2775 qn.
205 2720 228 2777 5,
245 2724 290 2764 art.
301 2720 333 2771 23
348 2726 373 2763 et
384 2720 426 2764 Π.
442 2716 532 2762 Contra
547 2719 627 2768 Geut„
639 2732 693 2779 cap.
704 2721 737 2766 tt
754 2733 780 2770 et
795 2728 839 2773 45,

187 2790 218 2848 (2)
231 2792 265 2835 Ex
274 2802 314 2859 qu.
324 2788 349 2843 6,
360 2792 403 2832 art.
414 2788 438 2845 t,
450 2789 492 2834 ubi
502 2790 546 2837 hoe
558 2802 588 2835 cx
598 2790 708 2848 professo
721 2796 838 2859 docetur,
849 2808 872 2844 et
882 2813 903 2842 ua

151 2854 197 2894 att.
217 2852 372 2895 adnituntur.
