1917 3317
107 213 135 250 ux
148 211 340 254 devinetione
357 211 424 254 urna
439 209 535 252 aarum
549 211 583 251 tu
596 211 762 254 commun.
807 203 839 253 tt

47 291 106 339 leuen
121 289 218 340 maxime
233 288 353 352 conducit,
367 292 479 352 qnamnus
492 287 595 340 interum
613 289 685 341 anmi
705 291 839 344 adcoionet

45 362 119 420 ordinat
131 365 153 410 cl
170 360 327 422 moderatur.)

68 433 194 497 licspuudeo
210 433 351 494 dicendum,
372 430 433 494 qnod
452 431 500 481 vita
513 431 587 484 actim
601 436 678 497 potest
698 434 837 486 munderici

41 509 139 568 qnantum
155 506 183 555 ad
193 507 256 555 duo:
273 504 415 565 dromeda,
429 508 539 566 quantum
557 505 587 554 ad
603 506 680 568 ipsum
696 507 799 556 eludium
812 510 837 557 ct

42 576 161 625 exercitium
177 575 322 626 exteriorum
336 573 465 636 actionum,
480 579 504 624 et
517 575 551 626 uic
565 576 711 626 manileetum
725 583 761 628 eal
773 577 835 641 qnod

45 645 87 694 uita
100 649 164 698 aetina
177 646 277 712 impedit
298 647 515 708 contemplativam,
530 647 555 699 in
569 652 678 711 pereuntum
695 649 837 714 impunibile

47 725 76 768 est
86 721 137 784 pndd
149 722 234 784 aliquis
246 720 316 770 simul
330 723 455 782 ocoupelur
467 720 527 770 circa
541 722 664 772 exteriores
679 723 798 784 actiones,
811 727 835 776 ct

44 792 115 844 diripe
137 792 330 857 contemplationi
349 795 431 854 raeet;
452 791 497 842 alio
518 793 585 845 modo
605 797 681 858 potest
699 795 838 845 considerari

41 863 80 913 uite
96 866 166 914 activa
180 869 294 928 qnantum
312 864 342 913 ad
356 864 400 912 lroc
419 861 479 926 qnod
495 862 614 916 interimas
627 865 708 916 anima
720 866 836 930 pensiones

37 937 147 1000 componit
163 942 188 986 et
204 937 312 998 ordinet,
328 939 352 985 et
366 937 520 999 quantum-ud
535 937 578 987 our
592 936 639 986 vita
653 937 726 986 activa
739 938 833 999 adjuvat

36 1009 61 1056 ed
78 1007 309 1072 mntemplutionem‚
322 1020 374 1070 que
385 1006 506 1070 impeditur
517 1021 559 1071 per
571 1007 760 1059 inculinalicnem
773 1009 836 1059 intc-

35 1079 115 1128 riornm
129 1081 272 1144 pusionem.
289 1078 356 1128 lidda
369 1077 492 1140 Gregorius
509 1078 566 1130 dicit
582 1079 606 1129 iu
622 1080 660 1129 lll.
672 1079 764 1130 Morol.
783 1079 837 1144 (nbi

36 1151 111 1214 enpr'a)
121 1167 128 1201 ε
140 1151 220 1203 «Cium
232 1149 436 1214 contemplationis
445 1163 520 1201 arcem
529 1149 600 1214 aliqui
610 1155 688 1202 unere
698 1151 836 1212 desiderant,

35 1223 96 1284 prilrs
108 1237 132 1274 sc
146 1222 170 1272 in
188 1236 270 1288 campo
287 1221 367 1285 operis
380 1235 420 1285 per
433 1221 567 1272 exercitium
578 1222 689 1285 probent,
701 1225 727 1271 nl
741 1221 836 1273 sollicite

36 1296 138 1345 sciantsi
155 1295 216 1344 nuilla
226 1297 276 1358 jam
290 1294 349 1342 rocla
364 1293 473 1357 proximis
484 1292 599 1358 irrogant,
614 1295 634 1344 oi
648 1294 771 1359 irrogaturi
785 1290 837 1360 pro·⁴

38 1367 101 1416 rimis
114 1366 272 1430 equanimiter
285 1370 395 1428 portant,
408 1365 428 1416 si
441 1365 537 1430 abjectio
546 1367 708 1432 temporalibus
717 1367 783 1417 ionis
794 1381 836 1419 ne-

37 1452 143 1502 quaquem
157 1453 223 1489 ruens
233 1436 315 1488 laetitia
323 1436 460 1496 solvitur,ei
472 1438 596 1488 subtractis
605 1451 650 1490 nou
659 1438 730 1489 monio
740 1451 835 1492 moerere

39 1511 156 1571 sauciatum
168 1515 193 1558 al
203 1509 287 1560 deinde
297 1507 448 1572 perpendant,
456 1509 476 1557 si
486 1508 541 1558 cixm'
549 1510 576 1559 ad
585 1509 717 1574 semctipsos
724 1511 837 1562 introrsus

41 1582 127 1632 redeunt
141 1581 165 1632 iu
181 1595 210 1634 eo
226 1581 289 1645 quod
308 1579 437 1644 spiritualia
451 1581 573 1642 rimantur,
594 1595 736 1645 naquaquam
758 1596 834 1634 sacam

38 1665 109 1702 rerum
127 1653 279 1719 corporalium
294 1653 386 1702 umbras
401 1652 506 1714 lralauot,
516 1653 554 1702 uel
565 1651 660 1704 formose
673 1658 756 1703 tractas
767 1667 837 1706 manu

36 1725 174 1776 discretionis
194 1725 301 1788 abigunt.
320 1741 334 1771 u
351 1724 385 1773 lix
402 1723 444 1774 troc
463 1736 517 1786 ergo
534 1722 668 1772 exercitium
682 1724 735 1776 rite
755 1725 836 1776 ectiun

34 1798 120 1848 context
135 1799 162 1848 ad
178 1795 383 1860 contemplativam
390 1831 398 1854 „
413 1793 474 1857 quod
483 1793 571 1856 quietat
581 1793 701 1845 interiores
708 1797 835 1859 passiones,

33 1870 150 1933 exquilinu
162 1871 328 1935 phantasmata
341 1865 493 1932 proueniunt,
507 1878 548 1930 per
557 1879 607 1930 que
619 1868 779 1932 contemptatio
793 1868 837 1918 im-

33 1941 132 2004 peditur.

63 2015 92 2063 El
105 2027 146 2078 pcr
161 2015 208 2064 lroc
223 2015 288 2076 patet
307 2009 424 2074 responsio
438 2011 467 2060 ad
483 2011 583 2075 objecta.
600 2012 660 2061 llam
673 2011 773 2062 rationes
790 2011 836 2063 illc

35 2087 153 2145 procedunt
161 2085 278 2148 quantum
288 2084 317 2132 ad
329 2081 402 2146 ipsam
410 2083 581 2146 occupatimem
591 2082 726 2134 exteriorum
736 2087 835 2146 actuum,

37 2169 77 2204 nuru
89 2159 166 2208 aulem
177 2158 294 2221 wantum
309 2153 338 2204 ad
356 2153 479 2218 ellectum,
493 2153 532 2218 qui
548 2157 585 2205 cst
601 2155 726 2206 moderatio
744 2154 837 2219 passio

40 2241 94 2280 nnn.

296 2399 302 2414 Ι
332 2333 490 2386 mutunus
504 2335 543 2386 ιν.

107 2465 193 2510 Uirium
207 2462 263 2507 vita
273 2462 354 2506 activa
363 2459 395 2505 eil
401 2461 471 2517 peior·
484 2460 556 2518 parim
568 2459 760 2517 mompluttm,

73 2588 212 2656 ldpmdnm
224 2589 259 2641 eic
270 2586 410 2653 proceditur.
424 2587 518 2638 tlldetm
524 2585 585 2651 qnid
598 2587 646 2637 uita
659 2586 734 2636 activa
747 2586 836 2637 nonsit

53 2657 98 2716 elur
112 2663 176 2727 palm
194 2657 389 2723 contemplativa.
412 2657 464 2708 Vita
481 2659 543 2708 enirn
559 2659 733 2722 mntcmplativa
752 2657 837 2711 directe

55 2731 129 2786 exiret
145 2737 174 2786 ad
189 2731 344 2784 dilectionem
357 2729 397 2779 lici
411 2729 461 2794 (t),
475 2730 522 2780 uita
537 2733 613 2781 eutem
628 2729 705 2780 actim
724 2728 753 2778 ad
768 2728 838 2778 ditec-

82 2881 104 2942 iil
118 2890 177 2942 Quod
195 2887 286 2937 sufficit
309 2884 340 2930 ad
358 2867 488 2930 inatitntnm
505 2894 622 2943 prodens,
644 2880 793 2940 quamnnrris
809 2877 840 2923 d

57 2949 132 2996 mni
146 2953 301 3000 &adonem
311 2947 426 2998 munecm
435 2947 526 2996 mucul
536 2948 626 3006 punctu
639 2945 695 3004 pria
707 2953 792 2998 nempe
800 2951 840 2984 nu·
