1917 3317
126 149 157 198 ii
214 213 218 220 Ι
233 157 341 197 sumnus
357 157 590 210 oeconomum.
604 160 695 211 mnu,
708 160 763 199 rus.
778 161 812 201 ru.

125 234 251 286 Richardus
263 233 321 286 dieii
335 235 389 298 (nbi
398 234 483 300 sopri,
498 249 548 300 cop.
563 235 606 299 t),
619 236 680 300 qudd
694 237 878 300 «contemptatio
888 244 924 288 est

124 306 244 371 perspicax
252 311 275 358 et
283 306 339 358 liber
345 309 461 359 contuitus
470 309 540 358 enimi
547 308 571 357 in
578 322 616 359 res
623 308 801 373 perspiciendos.
808 309 924 360 itcditutio

127 382 202 430 autern
222 382 257 429 est
273 379 369 430 intuitus
388 380 458 430 animi
477 380 503 430 in
517 379 619 430 ueritatis
632 380 777 444 inquisitione
793 385 923 445 occupatus.

126 449 240 514 Cogitatio
253 455 329 501 autem
339 455 376 502 est
386 451 455 501 unimi
466 454 584 515 respectus
595 451 623 501 ad
636 451 795 515 evagationem
806 465 898 516 pronus.
910 472 923 500 u

159 523 191 572 rid
204 525 328 574 secundnm
348 523 468 574 dicendum
477 523 559 587 „qnid
571 524 725 589 speculatio,
740 528 765 574 ut
777 524 856 576 Glossu
876 529 924 575 dn-

127 594 212 658 gussini
231 595 286 646 dicit
302 595 401 657 ibidem,
414 595 497 646 dicitur
513 595 655 660 ispecnlo,
669 609 716 646 uon
729 596 743 647 ir
755 597 864 662 speculo.
879 598 922 647 Vi-

126 667 180 719 dere
192 671 268 720 auteur
278 668 361 730 aliquid
369 683 414 731 per
424 668 564 730 mnndum,
574 674 610 720 est
616 669 693 720 uidere
703 682 795 720 conmm
805 683 847 733 per
854 670 927 721 edec-

128 743 189 800 tum,
203 739 228 790 in
239 752 284 804 qno
295 739 346 802 ejus
359 740 486 791 similitudo
499 742 600 803 relucet3
613 741 673 792 unde
686 741 826 805 speculntio
838 741 867 791 nd
876 756 928 794 me-

129 811 261 862 ditationem
277 811 354 862 reduci
368 811 465 863 uidetur.

159 885 191 934 dd
212 881 302 934 tertium
316 881 452 944 dicendum,
470 883 530 946 quon
542 883 662 935 admiratio
678 888 714 935 est
729 885 817 948 species
830 885 929 950 timoris,

90 1004 91 1010 ,
129 965 270 1018 commouens
290 955 495 1020 apprehensionem
513 955 609 1019 alicujus
628 957 661 1007 rei
674 956 804 1008 excedentis
825 962 930 1010 nostram

129 1027 270 1078 fucultatem.
283 1027 347 1077 Unde
367 1025 483 1076 admiratio
501 1030 538 1076 est
552 1032 616 1078 actus
628 1040 771 1091 consequens
788 1031 933 1093 contempla-

130 1099 213 1150 tionem
228 1097 331 1149 enbdmis
344 1097 460 1160 ueritatis3
475 1099 558 1150 dictum
570 1104 606 1150 est
616 1100 678 1151 enim
692 1099 752 1163 qnod
766 1102 932 1164 contemptatio

130 1169 154 1219 in
166 1170 272 1220 affectum
287 1169 428 1221 terminatur.
555 1145 574 1194 ⁸

162 1242 195 1290 dd
206 1245 310 1304 quiartum
321 1239 453 1298 dicendum,
473 1239 533 1303 qudd
545 1241 612 1292 homo
623 1243 651 1292 ad
660 1241 815 1306 cognitionem
823 1243 935 1299 veritatis

129 1309 237 1374 pertingit
246 1309 376 1374 dupliciter:
390 1323 435 1360 uno
447 1309 522 1373 medo,
536 1324 575 1375 per
585 1321 613 1362 ee
628 1325 680 1374 quae
690 1313 759 1363 hemo
772 1313 800 1362 ab
811 1313 855 1364 atio
866 1320 935 1366 ucci-

130 1383 179 1448 pit3
193 1387 216 1434 et
234 1381 266 1432 sic
280 1382 382 1446 quidem,
394 1386 503 1445 quantum
514 1383 542 1432 ad
555 1396 582 1434 cu
592 1396 643 1446 qne
657 1383 726 1434 ideo
740 1384 835 1451 accipit,
847 1399 937 1441 neces.

132 1453 191 1504 saria
208 1458 244 1504 est
255 1453 340 1516 oratio,
360 1454 483 1503 secundum
504 1453 560 1504 illud
573 1455 644 1518 Sep,
658 1455 700 1504 Vll
716 1470 722 1504 :
738 1456 888 1519 «invocari,
911 1468 937 1512 et

132 1526 196 1576 venit
214 1525 240 1576 in
257 1539 293 1576 me
310 1525 402 1590 spiritus
420 1524 548 1588 sepientim3
564 1540 578 1570 u
593 1524 703 1588 quintum
716 1525 771 1578 serd
784 1527 814 1576 ad
833 1540 861 1577 eu
874 1543 937 1592 quae

132 1597 213 1661 accipit
232 1598 261 1648 ab
278 1597 385 1659 homine,
401 1595 541 1646 necessarius
556 1600 592 1646 est
607 1596 709 1658 auditus,
724 1599 846 1648 seeundum
867 1608 938 1662 quod

133 1669 256 1733 accipiter
269 1682 323 1720 voce
338 1667 465 1732 loquentis,
478 1667 589 1728 dilectio,
600 1669 723 1718 secundnm
733 1669 792 1732 quod
805 1669 892 1732 occipit
905 1688 940 1726 ex

132 1745 159 1793 ed
170 1741 229 1804 qudd
239 1755 279 1805 per
295 1739 433 1804 Scriptorum
445 1741 482 1787 cst
491 1737 607 1788 traditum.
617 1738 667 1789 ,ilie
679 1741 762 1802 modo,
772 1742 939 1798 necessarium

133 1813 239 1876 estquod
252 1812 358 1864 adhibent
374 1809 490 1875 proprium
504 1810 620 1873 studinm;
635 1814 659 1861 et
672 1811 705 1862 nic
718 1812 839 1876 requiritur
852 1818 939 1868 medi-

132 1886 196 1938 tutio.

424 1999 583 2052 semodios
596 2001 636 2050 lv.

92 2139 102 2162 ·
137 2129 222 2174 Uirium
236 2128 286 2172 citu
295 2125 477 2181 contenplativa
487 2126 564 2170 solnm
573 2125 686 2171 concinat
695 2127 722 2171 in
734 2126 947 2182 contemplatione

168 2192 214 2237 Dei
220 2223 227 2246 ,
237 2203 270 2234 eo
280 2189 389 2234 eidemin
399 2189 586 2234 consideratione
600 2191 769 2247 cujuscumque
777 2190 903 2240 ueritatis.

164 2319 196 2368 td
206 2319 310 2380 quadum
324 2315 356 2366 sic
364 2315 502 2378 proceditur.
514 2316 607 2368 Videtur
615 2315 676 2380 qudd
687 2317 735 2366 cito
749 2317 947 2379 contemplativa

132 2403 178 2442 non
193 2389 265 2440 solnm
279 2385 388 2437 consistet
400 2387 424 2436 in
435 2384 625 2452 contempluiione
637 2387 691 2447 dei,
706 2389 746 2438 sed
759 2387 827 2437 etism
839 2387 866 2437 in
878 2406 947 2447 con.

133 2460 270 2514 sideratione
288 2459 449 2523 cujuscumque
469 2460 580 2510 veritatis.
602 2458 766 2510 diciturenim
787 2459 811 2509 in
832 2461 947 2522 Peolmp

133 2531 265 2583 CXXXVHI
287 2546 291 2578 ι
310 2547 324 2578 u
337 2529 445 2581 Mirabilia
458 2544 527 2594 opero
541 2535 596 2594 tua,
610 2534 634 2581 et
650 2529 726 2580 anima
740 2531 790 2580 men
809 2544 947 2593 cognosces

134 2603 211 2652 nimis.
226 2617 239 2650 u
251 2603 293 2652 Sed
311 2601 411 2664 cognitio
425 2601 553 2653 diuinorum
565 2615 658 2666 operum
669 2601 695 2652 fit
706 2615 748 2666 per
759 2601 859 2665 utiquam
876 2618 947 2660 con.

133 2673 304 2738 templationem
318 2674 430 2724 ueritatis.
446 2674 505 2736 Ergo
515 2673 605 2724 videtur
619 2672 680 2736 qndd
696 2673 723 2722 ad
738 2673 809 2723 vitem
822 2680 947 2732 contem.

133 2743 239 2808 plutivam
259 2747 371 2810 pertineat
385 2761 430 2798 nou
444 2747 517 2796 solum
531 2745 630 2795 divinam
649 2745 767 2796 veritatem
778 2782 785 2808 ,
797 2745 840 2795 sed
862 2749 947 2806 etiam

133 2817 257 2881 quamlibet
270 2819 337 2870 alium
351 2817 509 2882 contemplari,

165 2893 188 2940 2.
200 2891 325 2956 Praeterea,
344 2890 470 2941 Bernartius
481 2889 506 2938 in
520 2886 560 2939 lin.
577 2887 614 2938 De
626 2886 792 2948 conciderat,
801 2885 859 2938 dicit
875 2896 947 2956 que<
