1917 3317
109 179 134 215 ns
147 181 283 220 ommentans
300 180 399 228 enum,
416 180 550 226 ncurmro
565 179 706 218 assumaris.
755 167 800 216 tlt

52 267 88 303 mr
100 253 176 320 aliquid
194 269 244 308 esso
258 255 301 310 sibi
314 267 400 306 uorum
415 260 438 306 ot
450 254 567 306 insolitum
587 253 712 305 semodium
723 253 802 304 seion-

56 342 70 374 n
86 327 292 392 erperimentalem‚
307 325 430 378 soonnddm
450 340 520 391 quam
540 325 683 390 eipoterant
696 325 796 388 quotidie

56 411 88 456 ιιι
99 412 151 450 noun
161 411 288 449 occurrere.
300 398 330 446 lit
342 396 406 459 ideo,
419 397 440 447 si
451 398 571 460 loquamur
583 398 612 447 de
624 397 675 460 ipso
688 400 799 459 quantum

61 469 157 520 utentium
169 469 271 519 duram
285 470 309 518 et
325 467 444 518 seientiam
453 468 543 519 beatam
557 468 596 520 rol
608 467 678 519 otiam
689 466 799 530 infusam,

55 540 108 588 uluit
119 539 142 590 in
153 540 244 592 Christo
256 539 384 590 admiratio.
398 539 422 590 si
434 543 512 590 autem
523 541 642 604 loquamur
650 539 679 588 de
689 551 717 589 oo
730 551 803 602 quan-

54 623 67 655 u
82 611 104 658 ad
118 611 235 664 scientiam
252 610 468 674 experimentalem,
483 609 517 661 sio
529 609 648 663 admiratio
662 609 687 660 in
703 621 732 660 eo
749 623 803 660 esse

55 680 91 727 tuit.
103 683 125 732 lit
135 681 260 746 assumpsit
274 683 337 732 huno
348 681 453 730 affectum
463 683 492 732 ad
506 686 606 732 nostram
616 678 798 744 instructionem,

61 753 127 804 seilicet
139 755 221 805 doceat
235 767 288 806 esse
301 753 430 802 mirandum
437 791 446 812 „
454 754 514 817 quod
524 753 594 804 etiam
607 752 657 817 ipse
668 751 801 804 mirabatur.

52 822 77 870 ule
88 824 132 874 dicit
143 825 287 890 Augustinus
297 823 322 873 in
335 823 354 874 l.
368 825 451 887 Super
465 825 562 882 Gener„
571 827 659 873 contro
671 822 801 874 dinotet:

52 894 97 946 *trull
111 897 232 947 nudabatur
245 895 376 958 Dominus,
389 895 456 946 uobis
469 895 596 946 mitandum
614 908 665 947 esse
678 893 801 958 signifieat,

53 965 89 1013 tus
100 968 167 1018 adhue
181 981 243 1031 opus
259 970 294 1017 est
312 966 347 1016 sio
364 965 459 1017 moueri.
479 967 564 1017 Omnes
579 979 633 1028 ergo
651 967 711 1016 tales
725 968 802 1016 motus

52 1049 63 1082 u
75 1049 110 1086 non
119 1037 246 1103 perturbati
258 1037 330 1088 animi
342 1036 408 1100 signa
420 1040 483 1098 sunt,
498 1038 538 1087 sed
551 1037 656 1088 docentis
664 1034 776 1100 magistri.
785 1051 800 1082 ιι

52 1107 74 1152 ol
83 1109 170 1169 primum
183 1121 242 1175 ergo
260 1107 392 1170 dicendum,
404 1107 532 1172 quodlicet
544 1107 647 1159 Christus
662 1108 721 1158 nihil
734 1106 800 1171 igno·

57 1181 176 1241 ÷tuoterat
194 1186 273 1232 tamen
296 1179 382 1242 aliquid
397 1179 426 1230 do
442 1192 505 1230 nouo
524 1193 641 1230 ooonrrero
660 1178 804 1244 experimon-

55 1285 59 1292 .
73 1249 108 1310 ejus
122 1252 248 1310 scientim,
263 1264 293 1302 ex
302 1264 348 1314 quo
362 1250 480 1302 admiratio
494 1256 632 1301 causaretur.

59 1320 76 1366 ll
86 1325 203 1375 seeundum
220 1321 354 1384 dicendum,
366 1321 426 1384 qudd
439 1321 540 1374 Christus
553 1334 600 1372 non
612 1321 764 1371 admirabatur
772 1321 800 1372 de

52 1409 60 1434 r
71 1391 221 1456 centurionis,
243 1392 270 1444 et
282 1393 370 1460 ratione
387 1391 447 1462 quod
465 1397 527 1444 esset
547 1405 630 1456 magna
648 1396 759 1457 quantum
772 1392 804 1442 ad

59 1477 91 1522 m,
104 1468 140 1517 sed
152 1467 210 1531 qnia
224 1469 275 1516 erat
286 1477 369 1527 magna
379 1469 489 1528 quantum
504 1465 533 1515 ad
546 1465 611 1516 alios

52 1535 74 1579 tl
85 1537 166 1588 tertium
180 1537 322 1597 dicendum,
337 1534 398 1600 qudd
410 1535 460 1600 ipse
471 1540 562 1600 poterat
576 1537 653 1585 lacere
669 1531 746 1584 omnia
762 1545 804 1584 se-

64 1604 100 1656 tin
115 1609 227 1660 uirtutem
248 1609 365 1669 diuinam,
385 1607 508 1658 secundnm
524 1621 591 1671 msam
603 1605 629 1656 in
644 1617 673 1654 eo
686 1602 804 1654 admiratio

52 1683 126 1743 uorat,
138 1681 178 1732 sed
196 1679 274 1731 solnm
293 1677 417 1730 secundum
433 1681 556 1738 humanam
574 1676 694 1729 scientiam
712 1675 802 1740 expori-

52 1750 131 1813 ntalon,
144 1757 171 1802 nt
185 1752 333 1804 dictumest.

296 1929 457 1980 AR'HCULUS
471 1929 511 1980 lx.

213 2053 303 2100 [lirim
315 2054 343 2099 io
353 2053 448 2100 Christo
456 2053 538 2109 suerit
546 2054 594 2099 iro.

52 2175 68 2223 ld
80 2191 158 2232 nouum
176 2183 217 2232 sio
233 2179 365 2245 proceditur
375 2177 421 2244 (l).
435 2179 530 2230 Videtur
542 2178 603 2242 qudd
614 2178 639 2229 in
651 2177 740 2231 Christo
753 2191 803 2230 non

53 2247 73 2293 dt
82 2249 117 2299 ira.
130 2252 223 2304 llicitur
237 2249 301 2302 enim
317 2256 382 2308 luo..
391 2252 417 2301 1:
435 2267 449 2299 u
462 2251 498 2300 lra
511 2248 555 2300 uiri
571 2250 686 2313 justitiam
698 2249 739 2300 liei
756 2262 803 2300 noo

57 2323 112 2368 ratur.
120 2339 134 2370 ι
142 2323 190 2374 Sed
206 2321 319 2387 quidquid
330 2321 375 2371 luit
386 2320 411 2371 in
422 2320 520 2383 Christo,
535 2321 684 2382 adjustitiam
697 2321 739 2372 Dei
748 2333 802 2384 per·

61 2390 85 2445 'tt
96 2393 144 2456 ipse
159 2393 229 2444 enim
246 2409 261 2440 u
274 2393 347 2443 faetus
362 2395 399 2443 est
416 2393 483 2442 nohis
494 2391 585 2456 justitia
597 2391 609 2442 d
624 2393 683 2455 ileo,
696 2408 710 2438 ιι
724 2394 751 2441 ut
766 2390 802 2441 di-

61 2463 92 2510 ul.
108 2467 176 2524 Cor„
189 2467 212 2516 l.
229 2466 290 2528 Ergo
300 2463 390 2515 uidetur
408 2463 469 2528 quod
482 2463 507 2514 in
517 2463 608 2515 Christo
622 2477 668 2514 non
678 2462 748 2513 suerit
759 2461 803 2512 ua.

54 2544 67 2576 2·
80 2533 198 2598 Promea,
216 2537 253 2586 ira
273 2535 444 2586 mansuetudini
463 2535 600 2600 opponitur,
614 2539 640 2584 ut
650 2537 714 2598 patet
725 2533 749 2582 in
764 2533 805 2582 lv,

61 2615 89 2650 νε.
100 2607 140 2657 Sed
152 2609 267 2660 Christus
283 2605 327 2656 luit
340 2606 438 2658 maximd
452 2609 591 2659 mansuetus.
605 2606 665 2670 Ergo
678 2606 703 2654 in
717 2617 745 2655 eo
759 2617 805 2654 non

69 2686 98 2723 ra.

54 2750 69 2787 l-
82 2745 195 2815 Plumea,
208 2749 337 2814 Gregorius
351 2750 405 2801 dicit
417 2749 442 2800 in
454 2749 484 2800 ll.
501 2747 604 2806 Morot„
618 2747 679 2812 qnod
695 2765 709 2795 (ι
720 2747 753 2796 ira
767 2758 809 2809 ner

65 2885 80 2946 ΙΙ
92 2893 117 2938 ltu
128 2897 161 2946 tuis
170 2899 246 2945 etiam
258 2897 293 2942 111
302 2931 308 2956 ,
317 2897 371 2944 dist.
383 2893 423 2954 15,
435 2909 476 2959 qu.
488 2896 520 2955 2,
531 2902 576 2944 art.
590 2896 616 2954 ἢ,
630 2892 767 2956 questiuno.
778 2889 805 2940 2.
