1917 3317
156 178 203 227 tit
353 188 412 225 rans
427 188 469 236 nr,
486 188 580 233 oona.
597 189 655 236 m,
670 186 729 225 m.
747 188 766 224 1.

154 265 215 329 quod
225 264 267 314 scit
278 262 341 313 nullo
356 264 423 313 modo
432 276 485 314 esse
500 264 612 314 autumn.
625 264 673 314 Sed
681 263 791 315 Christus
803 262 881 315 sciebu
896 266 912 313 ri

155 336 233 386 omnia
254 335 307 398 quid
323 338 385 385 esset
404 333 515 385 futurum.
529 336 588 398 Ergo
602 349 650 385 uon
667 335 854 387 wurenieiatei
870 338 912 399 aiu·²

156 410 244 463 orando
255 412 342 471 petere.

187 482 210 527 a.
226 482 354 539 Praeterea,
369 480 522 530 Damascenus
537 478 592 529 dicit
603 479 628 529 in
645 478 686 529 tin.
702 480 744 531 111.
760 481 822 543 (eap.
836 480 885 541 nti,
898 497 909 528 a

155 564 170 599 a
183 550 255 600 oratio
271 552 307 600 est
321 564 430 601 ascensus
448 551 578 601 intellectus
591 550 618 599 in
635 551 717 601 ocum.
740 567 755 598 o
773 551 818 601 Sed
831 552 904 600 inistis

154 620 239 673 Christi
254 636 301 671 non
318 622 435 684 indigebat
449 620 582 672 ascensione
599 620 625 669 in
642 622 731 685 Denm3
747 622 804 685 quia
819 635 905 685 semper

153 692 318 757 telieotnsejus
333 698 382 743 erat
390 695 436 743 Deo
450 693 602 757 conjunctus,
613 705 660 741 non
669 692 744 743 sotium
759 693 883 743 meminus
896 710 907 740 ι.

156 779 209 816 nen
222 765 367 828 hypostasis,
382 764 504 815 sedetiam
515 762 641 814 mondum
654 763 791 815 fruitionem
805 765 908 815 murra<

155 836 215 899 Ergo
229 837 319 886 Christo
334 850 380 886 non
390 835 542 886 conveniebat
555 847 628 884 orare.

187 907 233 956 Sed
253 912 331 958 contra
347 912 393 970 esi,
406 908 467 971 quood
482 907 564 958 dicitur
576 908 649 961 Luc,
664 905 706 954 vn
724 918 732 953 ¹.
749 906 876 956 «Factum
891 922 909 955 e·

155 976 201 1028 iliis
215 979 295 1029 diebus
310 980 365 1029 exiit
377 980 402 1029 in
414 983 515 1029 montem
528 991 606 1038 orare,
623 980 647 1026 et
661 979 711 1027 erat
723 982 866 1039 pernoctans
878 979 898 1027 ir

155 1049 218 1101 tione
233 1050 307 1100 Dei.»

190 1118 449 1182 (concursio-Cim
466 1120 574 1171 uoluntas
584 1119 685 1169 humana
701 1131 750 1168 nou
769 1117 801 1169 sit
813 1132 858 1182 per
868 1134 902 1180 ss*

155 1194 245 1253 efficax,
262 1194 302 1243 scd
321 1193 404 1243 uivinae
421 1193 513 1243 virtutis
531 1206 575 1255 ope
587 1196 663 1254 egeat,
678 1190 788 1241 convenit
805 1192 895 1241 cbristo

156 1267 253 1316 cundum
266 1265 327 1327 quod
343 1266 420 1327 horno,
431 1278 496 1315 orare
512 1268 536 1315 et
549 1265 624 1313 Deum
635 1262 755 1327 deprecari
769 1266 796 1312 ut
807 1276 897 1313 suanir

155 1339 226 1386 tatem
248 1336 367 1399 impleat.)
507 1388 512 1398 ,

187 1407 535 1472 Respondeodicendunn‚quod
550 1408 610 1458 sicut
622 1406 709 1456 dictum
721 1410 758 1456 est
771 1405 840 1455 inii.
856 1413 900 1469 pu*

156 1480 229 1531 oratio
248 1484 283 1530 est
300 1482 403 1542 quadarn
417 1479 541 1543 explicatio
554 1478 652 1543 propriae
667 1478 796 1528 uoluntatis
812 1480 893 1541 apuu?

156 1554 183 1602 ut
194 1564 244 1602 earn
254 1551 357 1615 impleat.
367 1550 392 1599 Si
403 1550 473 1613 igitur·
481 1550 505 1599 in
517 1551 607 1600 Christo
617 1551 680 1598 esset
689 1561 737 1598 una
745 1550 841 1597 tanturn
850 1550 886 1596 vot

156 1624 244 1674 seilicet
257 1622 342 1680 divina,
355 1622 495 1672 nullomodo
511 1623 651 1685 competeret
659 1619 683 1671 ei
696 1632 777 1678 oram
791 1618 848 1682 quia
861 1621 893 1666 ru

156 1694 234 1744 divina
248 1707 288 1755 per
307 1692 404 1755 seipsam
417 1697 453 1741 est
471 1692 577 1743 effectiva
589 1704 667 1743 eorum
683 1704 739 1754 quae
752 1689 822 1749 vult,
838 1704 892 1739 seru

155 1762 211 1813 iliud
226 1762 321 1812 Psclm.
338 1763 448 1813 CXXXIV
465 1777 471 1810 :
487 1779 501 1810 u
512 1762 594 1812 Omnia
605 1774 757 1823 quecumque
770 1759 845 1811 voluit
860 1761 903 1807 [tro

156 1832 222 1882 fecit.
236 1849 251 1881 o
265 1835 309 1883 Sed
320 1835 375 1897 quia
389 1833 414 1883 in
433 1834 523 1884 Christo
537 1837 573 1883 est
585 1833 629 1882 alia
648 1833 759 1883 uoluntas
777 1832 860 1883 diuus
870 1852 893 1883 ,r

156 1904 271 1967 humana,
284 1908 308 1953 et
326 1906 431 1955 voluutas
448 1906 547 1953 humana
561 1918 607 1954 non
618 1906 653 1953 est
663 1917 707 1967 per
721 1902 825 1967 seipsam
844 1903 912 1952 einis:

157 1972 297 2039 implendum
307 1990 357 2039 quae
367 1976 429 2037 vuit,
440 1974 486 2027 nisi
495 1990 536 2039 per
549 1976 655 2026 uirtutem
666 1974 786 2037 divinam
796 1975 853 2024 inde
863 1985 893 2022 es:

157 2045 261 2108 Christo,
275 2048 400 2096 secuudum
414 2048 473 2110 quod
492 2050 529 2097 est
548 2048 616 2098 horno
637 2050 660 2096 et
679 2046 809 2096 humanam
827 2046 902 2095 volun·

157 2117 246 2169 hebens
254 2154 262 2181 ,
276 2118 384 2181 competit
398 2131 472 2169 orare.

190 2189 223 2237 nd
235 2188 333 2253 primunr
346 2202 399 2251 ergo
412 2189 549 2250 dicendum,
559 2188 619 2251 quod
633 2188 740 2239 Christus
753 2191 850 2252 poterat
860 2200 887 2249 p}

158 2260 235 2311 omnia
248 2274 298 2323 quoe
319 2260 417 2323 uolebat,
430 2259 554 2310 seeundum
567 2260 627 2322 quod
637 2260 713 2319 Deus,
728 2273 779 2311 non
790 2264 871 2309 autern
885 2273 900 2304 s-

156 2331 212 2385 itim
232 2333 291 2396 qnod
311 2334 394 2395 homo,
417 2332 470 2395 quia
490 2331 614 2382 secuudum
631 2332 694 2393 quod
713 2334 804 2393 horno,
822 2345 871 2381 non
890 2339 899 2370 *-

158 2404 361 2467 omnipotentiam,
374 2407 400 2453 ut
420 2403 489 2468 supra
501 2404 603 2453 habiturn
618 2407 655 2453 est
666 2404 724 2467 (qu,
738 2406 770 2453 ¹3
783 2439 793 2463 ,
808 2406 855 2452 art.
873 2404 896 2447 Γ

156 2474 281 2527 nilominus
293 2476 343 2539 ipse
355 2475 417 2525 idem
433 2476 492 2525 [teos
502 2474 607 2525 existens
620 2478 643 2524 et
652 2475 734 2537 homo,
747 2474 828 2525 soluit
838 2473 867 2522 ad
878 2472 891 2517 i

158 2545 283 2598 oraticnem
295 2546 417 2610 porrigere,
424 2560 470 2599 nou
479 2546 546 2610 quasi
554 2545 605 2609 ipse
614 2546 813 2609 essetinrpoteus,
823 2544 865 2595 sed
876 2556 896 2602 p:

157 2622 257 2671 nostram
271 2617 443 2669 instructionem
459 2616 554 2683 :primo
566 2615 673 2680 quidem,
689 2619 715 2666 ut
728 2616 868 2667 ostenderet
878 2628 898 2660 o:

159 2688 267 2753 {Patre
285 2691 346 2739 unde
362 2690 411 2753 ipse
427 2689 483 2739 dicit
495 2696 578 2746 Joao„
592 2690 623 2738 xi
638 2703 645 2738 ε
663 2691 789 2753 «Propter
803 2687 898 2752 populu

192 2840 224 2903 (1)
239 2843 284 2889 Vei
299 2840 322 2899 i,
333 2841 357 2897 2,
372 2852 412 2896 qu.
426 2840 465 2899 8³,
478 2846 523 2887 art.
540 2842 568 2901 i,
583 2842 624 2887 uhi
636 2842 668 2888 ed
677 2843 781 2899 primurn
795 2842 877 2888 oratio
891 2839 912 2879 iu

156 2915 214 2961 pree
225 2901 344 2949 desideria·
360 2907 515 2958 nuncupatur.
