1917 3317
131 192 176 240 333
318 203 379 241 rans
395 205 436 254 rn,
453 207 546 250 33333.
562 205 615 258 xiv,
633 205 690 246 3333.
707 207 746 246 nr.

128 277 206 327 litates
228 283 348 328 causantur
368 293 397 329 ex
421 280 543 346 principiis
564 284 671 334 33333333
693 289 788 335 natnrae
810 285 907 349 Ergoe

130 351 236 400 cbristus
248 352 369 401 contraxit.

162 424 186 469 3.
209 423 333 480 Praeterea
349 423 472 472 secundum
487 426 618 490 hujusmodi
632 427 746 488 delectus,
758 428 909 480 33333333Γ
885 445 908 478 3

130 492 261 542 333333333
279 494 400 554 similatur,
418 499 444 544 ut
461 497 517 545 drcr
508 502 544 546 ur
558 497 643 553 deor„
658 498 688 546 11.
707 498 754 548 Sed
768 500 820 550 aliis
833 504 901 552 3333
911 484 914 555 Ῑ

130 564 263 626 hujusmodi
284 567 387 615 deiectus
403 571 574 617 contruxerunt.
593 569 654 632 Ergo
671 569 765 620 uidetur
782 572 894 635 quod
868 581 906 623 ctu

131 635 235 685 Christus
249 635 289 698 333
292 637 381 686 3333333
392 638 431 687 333
430 645 494 688 33333
509 640 658 690 contraxerit.

162 707 207 756 sed
228 713 306 756 contra
322 712 372 766 est,
385 709 445 771 qubd
459 711 592 773 hujusmodi
610 712 716 762 deiectus
731 717 897 765 contrabuntur

130 782 244 841 peccato,
259 778 383 827 secundini
403 781 458 830 illud
478 784 559 839 ltom„
573 784 616 832 V:
641 785 803 835 «perunum
826 788 895 837 33333

131 855 249 912 peccatum
265 849 377 898 33333333Ι
371 864 395 899 33
408 853 470 900 3333
484 855 605 917 meandum,
617 858 641 904 et
651 869 693 919 per
703 863 831 920 peceatum
846 876 900 910 3333.-

132 919 214 968 sedin
226 921 319 970 Christo
338 935 385 971 333
401 923 480 972 333333
494 925 568 974 locum
581 893 713 989 p’eccatum.
730 929 792 993 Ergo
807 933 880 996 333
855 948 880 981 u:
884 948 900 980 n

133 990 236 1040 delectus
250 992 353 1042 Christus
365 1007 409 1043 non
424 995 544 1045 contraxit.

167 1063 370 1126 (Concnusro-
380 1065 483 1116 cbristus
499 1081 546 1117 non
565 1068 642 1132 aliquo
651 1071 751 1150 peccati
768 1073 853 1126 debito
867 1090 906 1123 33

133 1133 193 1184 rales
207 1135 247 1184 del
247 1140 309 1186 ectus
323 1139 449 1200 contraxit,
464 1139 567 1188 sedilios
581 1140 673 1202 propria
682 1140 806 1194 voluntate
818 1159 893 1209 suscep

165 1207 301 1270 despondeo
311 1209 430 1259 dicendum
434 1211 528 1274 ,qudd
521 1226 545 1259 33
554 1211 801 1276 verbocuntrabendi,
811 1217 870 1267 inte
864 1220 899 1278 lli:

134 1279 190 1330 3333
199 1279 295 1328 effectus
308 1283 335 1330 ad
349 1294 449 1345 causam,
459 1286 486 1331 33
499 1281 649 1332 scilicctillud
662 1284 753 1334 dicatur
761 1292 892 1340 contrabi,-

135 1349 202 1402 simul
219 1365 268 1399 cnm
290 1365 330 1400 sua
352 1365 420 1401 causa
439 1366 468 1402 ex
486 1353 621 1403 necessitate
639 1354 750 1405 trabitur.
770 1357 893 1410 Causas
873 1375 896 1409 au

134 1423 213 1472 mortis
227 1427 251 1473 et
269 1424 349 1472 borum
367 1424 497 1474 defectuum
510 1424 534 1474 in
548 1426 649 1475 bumana
661 1431 748 1477 natura
764 1436 803 1480 est
818 1442 898 1496 peccat·

133 1493 187 1558 qnia
196 1497 383 1558 ‹rperpeccatnm
394 1508 454 1546 mors
466 1495 659 1547 intravitinbunc
668 1499 798 1564 33333333,
808 1519 825 1550 3
834 1510 861 1553 33
870 1507 894 1552 di

133 1567 215 1626 Rom„
232 1568 259 1617 V.
271 1567 300 1616 Et
309 1567 360 1616 idco
370 1565 403 1615 illi
416 1567 507 1630 proprie
515 1569 671 1618 dicunturbos
680 1569 790 1621 defectus
801 1579 901 1625 eunicae

133 1639 174 1700 qui
187 1651 215 1687 en
230 1639 305 1688 debito
325 1637 411 1701 peccati
427 1640 469 1688 bos
482 1639 584 1689 delectus
598 1640 728 1689 incurrunt.
745 1642 905 1696 coriseosnr

133 1707 177 1758 bos
189 1709 290 1758 delectus
299 1723 345 1758 uon
355 1708 435 1758 habuit
449 1722 477 1758 er
488 1709 564 1759 debito
575 1710 679 1774 peccati;
690 1711 756 1774 quia,
766 1719 795 1763 ut
806 1720 861 1780 Aug
863 1726 893 1764 333·

135 1778 191 1828 dicit
205 1792 322 1841 exponens
337 1779 391 1828 illud
405 1780 488 1836 loon„
499 1781 549 1829 Ill:
563 1781 630 1838 «our
640 1781 777 1833 desursum
792 1789 905 1850 venius·

136 1861 216 1900 omnes
231 1854 278 1912 3333
290 1866 304 1896 o
314 1867 327 1897 3
339 1852 365 1900 33
376 1863 464 1900 sursum
474 1851 537 1900 venit
548 1852 670 1912 cbristus,
679 1868 693 1898 3
704 1853 728 1902 33
739 1859 788 1920 est,
803 1876 821 1906 (3
831 1861 860 1910 dc
876 1861 901 1907 al

136 1919 189 1970 dine
204 1921 308 1970 humauae
322 1925 418 1985 nature,
437 1933 507 1984 quam
521 1922 600 1972 babuit
612 1926 665 1972 ante
680 1930 815 1985 peccatum
829 1932 895 1994 primi

136 1991 212 2042 minis
227 2010 241 2040 3
258 1993 350 2075 decepit
363 1992 422 2042 enim
436 1996 540 2042 naturam
555 1995 677 2043 bumanam
692 1997 786 2060 absque
802 2009 899 2064 peceato

135 2063 174 2114 illa
186 2065 285 2128 puritate
303 2065 328 2114 33
341 2077 386 2126 qna
399 2065 469 2114 erat'
462 2078 488 2114 33
503 2069 564 2115 statu
577 2067 733 2125 innocentiaee
747 2075 775 2120 et
791 2074 869 2123 simili
888 2090 905 2121 3

136 2135 249 2201 potuisset
259 2149 374 2186 assumere
392 2136 515 2186 humanam
530 2141 633 2187 naturam
649 2139 737 2204 absque
755 2143 899 2197 defectibus.

136 2205 207 2271 igilur
220 2211 282 2271 patet
295 2207 355 2270 qood
369 2207 472 2258 cbristus
487 2221 534 2261 non
543 2209 655 2260 contraxit
665 2211 709 2261 bos
722 2211 840 2267 detectus
849 2234 873 2281 qr
866 2233 901 2266 33

137 2279 214 2330 debito
227 2279 313 2344 peccati
329 2291 368 2329 eos
383 2279 522 2344 suscipiens,
538 2282 579 2331 sed
593 2295 623 2331 ex
640 2283 735 2346 propria
749 2287 887 2339 voluntate

162 2350 203 2401 Ad
222 2351 320 2414 primum
339 2363 392 2414 ergo
414 2349 536 2401 dicendum
544 2351 626 2416 ,qudd
644 2362 699 2403 3333
712 2355 826 2420 Virginis
844 2375 904 2410 333

136 2421 201 2473 fnit
194 2437 218 2472 33
232 2423 337 2487 originali
351 2426 460 2486 peccat03
465 2427 498 2476 33
511 2424 562 2474 ideo
578 2427 621 2475 bos
639 2425 746 2477 defectus
763 2434 893 2482 contraxit.

137 2507 188 2544 caro
203 2495 285 2545 Christi
299 2499 402 2545 naturam
415 2508 444 2545 en
464 2495 558 2559 Virgine
574 2497 698 2561 assumpsit
719 2500 815 2566 absque
831 2506 880 2567 culp
880 2518 897 2550 u

136 2563 288 2624 similitert
248 2581 278 2632 po
279 2567 360 2617 luisset
373 2570 475 2616 naturam
486 2580 602 2621 assumere
612 2569 699 2632 absque
714 2582 807 2636 poena3
823 2578 897 2626 sedi

134 2637 253 2702 suscipere
273 2649 363 2702 poenam
382 2641 474 2701 propter
486 2649 546 2703 opus
562 2644 644 2690 nostra
657 2641 862 2705 redemptionis
856 2661 900 2709 333·Ι

137 2707 235 2771 demut
254 2710 395 2759 dictumest.
410 2709 477 2758 33333
479 2722 508 2760 eo
520 2710 600 2760 babuit
613 2709 748 2776 3333333333
762 2717 910 2777 defectus,

138 2780 303 2838 contrahendo,
317 2780 358 2828 sed
370 2779 497 2830 3333333333
510 2783 658 2832 assumendo.

168 2849 202 2899 33
214 2849 338 2900 secundum
352 2848 488 2909 dicendum,
498 2852 562 2914 qnbd
572 2865 641 2905 causa
649 2855 732 2905 mortis
745 2860 772 2908 et
786 2859 889 2911 aliorum
902 2882 906 2897 ·

137 2920 250 2981 puralium
264 2921 391 2970 defectuum
407 2920 431 2970 in
443 2923 544 2973 bumana
557 2927 647 2987 natura,
661 2929 697 2976 est
711 2927 806 2992 duplex
818 2947 828 2982 :
839 2945 887 2982 una
901 2954 914 3039 ιΙ
