1917 3317
129 181 176 229 616
313 191 373 228 rens
389 191 431 238 nr,
448 189 543 235 onnon.
554 189 634 238 mx,
649 189 705 226 nur.
723 189 741 225 u

130 267 212 331 quibus
227 271 303 316 tamen
321 267 455 329 prohibetur
467 267 553 314 virtute
568 265 657 314 diuina.
675 265 704 315 Et
716 266 760 314 boc
772 264 835 313 modo
846 262 901 323 potest
914 314 916 319 Ι

130 339 178 387 dici
197 338 258 402 qn'od
281 338 364 388 virtute
384 342 472 388 naturae
494 350 542 386 sue
565 336 670 386 diabolus
690 347 823 399 cognoscere
841 322 916 396 potent!

131 409 225 459 Matrem
237 408 277 458 bei
291 421 337 458 non
350 409 421 458 luisse
432 412 575 472 corr-uptam,
583 409 623 456 sed
632 407 763 470 Virginem
774 404 905 470 prohibebatur

131 483 209 528 minen
226 493 239 529 a
256 481 300 529 Deo
315 493 450 540 cognoscem
467 479 560 529 modum
580 481 660 542 partus
678 477 760 528 diuini.
780 477 841 535 Quod
854 479 903 522 autu

130 552 274 615 postmodum
288 565 339 600 erim
354 551 482 614 aliqualiter
493 551 602 613 cognorit
615 548 720 600 diabolus
733 563 783 600 essu
791 549 868 598 Filium
878 546 907 591 br.

133 633 178 670 non
192 623 282 684 obstat3
297 622 406 685 quiajam
419 627 510 684 tempus
522 626 584 683 erat,
595 633 621 670 uc
634 621 741 672 Christus
753 634 817 670 snam
828 621 906 666 ristun.

133 699 212 742 conlrn
224 694 336 744 diabolum
349 694 492 752 ostenderet,
501 698 526 742 et
534 694 720 756 persecutionem
730 693 759 742 ab
768 690 896 742 eoconcilau

133 769 259 827 pateretur.
273 765 318 814 Sed
339 765 362 814 in
381 765 478 813 infantia
494 765 612 827 oportebat
633 765 747 828 impedire
765 763 867 812 malitiam

135 836 198 896 boli,
213 849 242 886 ne
257 850 308 885 enm
326 836 400 885 acrius
414 840 598 900 persequeretur,
611 838 704 900 qnando
718 835 822 886 Christus
836 847 872 883 nec
883 845 900 891 p

135 907 286 971 disposuerat,
301 919 345 956 nec
358 907 464 956 uirtutem
481 920 545 956 suam
557 909 695 970 ostendere,
708 909 764 969 sed,
778 908 803 956 in
820 904 896 956 unuln

137 979 187 1028 aliis
199 979 323 1028 tutantibus
332 993 356 1027 se
367 978 464 1028 similem
472 980 590 1028 exhibere.
601 980 666 1029 Unde
675 980 722 1028 Leo
733 978 827 1042 papatu
835 989 889 1026 seru·

137 1052 297 1114 Epr'plruar'nr.
309 1050 363 1099 dicit
374 1050 434 1114 qnbd
446 1050 526 1114 «magi
536 1051 643 1100 viderunt
653 1055 677 1101 et
686 1052 838 1101 adoraverunt
846 1060 901 1112 punt.

136 1121 214 1171 Jesunr
230 1122 354 1184 quantitate
371 1123 507 1184 paruulum,
521 1122 602 1172 aliene
620 1123 671 1186 opis
688 1121 807 1184 indigum,
821 1121 876 1170 land
890 1132 905 1163 r.

137 1193 284 1255 potem,etin
292 1193 354 1241 nullo
362 1194 390 1242 ab
398 1192 611 1242 bumanaeiulanliae
619 1194 769 1255 generalitate
778 1192 897 1242 dissimilent

65 1257 67 1263 ⁴
138 1265 271 1313 Ambrosius
292 1269 368 1313 tamen
386 1277 454 1328 super
470 1266 575 1324 Lucum,
593 1264 685 1314 videtur
707 1267 751 1313 boc
768 1265 838 1327 inagis
857 1261 893 1311 rei.

138 1335 167 1383 ad
188 1335 286 1383 membra
301 1335 399 1398 diaboli3
417 1336 533 1398 premissa
553 1335 615 1385 enim
629 1337 673 1384 bac
693 1336 802 1397 ratione,
819 1335 893 1384 scilicet

139 1406 237 1456 lallando
248 1407 374 1469 prinoipem
391 1406 469 1455 muudi
479 1444 486 1469 ‚
497 1406 574 1454 subdit
586 1421 593 1454 z
607 1405 675 1454 «Sed
690 1410 772 1455 tamen
784 1407 853 1468 magis
864 1404 896 1450 le

139 1479 255 1542 principes
271 1479 362 1539 saculi]
373 1479 502 1527 demonum
515 1478 577 1527 eninr
593 1477 680 1526 malitia
694 1476 761 1527 tacite
775 1477 842 1528 etiam
855 1490 889 1525 occ

127 1550 303 1612 ¹deprebendit3
318 1553 341 1597 at
355 1548 410 1598 verb
423 1549 463 1612 qni
473 1549 620 1598 secularibus
633 1547 779 1599 vanitatibus
797 1557 896 1611 occupo:

141 1622 198 1670 scire
210 1620 287 1671 diuina
303 1633 349 1670 non
364 1625 468 1684 possunt.
483 1637 497 1667 n

173 1693 207 1742 ed
219 1699 322 1752 quartum
335 1693 464 1754 dicendum,
473 1692 534 1755 qnod
544 1691 631 1755 jndicio
641 1692 798 1742 adulterarum
807 1691 890 1754 lapidat·

142 1763 265 1812 secundino
280 1765 418 1826 legem‚non
434 1763 507 1813 solium
521 1763 559 1812 illa
573 1763 685 1825 quiajam
700 1769 751 1812 erat
763 1765 890 1826 desponsata

142 1840 231 1897 nupta,
252 1836 290 1884 sed
311 1837 378 1884 etiarn
395 1835 434 1884 illa
452 1849 503 1898 qnae
523 1835 548 1884 in
566 1835 633 1884 domo
651 1834 725 1896 patris
744 1833 892 1884 custodiebat„

143 1905 221 1968 virgo,
240 1907 374 1968 qrrandoquo
388 1911 499 1970 nuptura3
511 1907 573 1955 unde
591 1905 675 1954 dicitnr
697 1907 788 1962 Dect„
801 1906 858 1954 illiti
873 1921 878 1950 :
893 1926 897 1941 ·

144 1991 189 2026 non
210 1981 246 2026 est
259 1977 283 2025 in
299 1977 373 2040 puella
387 1977 480 2027 inuenta
495 1978 633 2038 uirginitas,
648 1977 767 2040 lapidibus
780 1977 872 2026 obruent
893 1999 899 2020 r

144 2048 189 2098 riri
199 2049 299 2098 ciuitatis
309 2049 384 2111 illius,
401 2054 423 2098 et
440 2050 557 2107 morietur,
574 2049 627 2112 qnia
640 2049 698 2098 lecit
712 2049 780 2099 netas
794 2049 818 2098 in
831 2047 903 2096 lsrael.

144 2121 292 2170 fornicaretur
309 2123 333 2168 in
347 2122 413 2171 dorno
427 2122 498 2185 patris
511 2121 556 2171 sni.
576 2136 590 2167 >a
608 2119 650 2170 l'el
667 2124 747 2184 potest
762 2120 809 2170 dici
825 2134 889 2169 meu..

145 2194 254 2256 quosdam
273 2191 322 2255 (1),
338 2191 397 2255 qndd
414 2194 478 2242 beata
495 2193 563 2255 Virgo
581 2196 629 2241 erat
646 2191 674 2240 de
694 2191 766 2256 stirpe
785 2196 869 2242 Aaron:
888 2212 897 2232 ι

146 2268 194 2313 erat
210 2269 306 2326 cognata
320 2265 457 2324 ‘Elizabeth,
470 2268 496 2312 nt
516 2264 599 2313 dicitnr
620 2263 692 2318 Luce..
708 2263 728 2312 Ι.
747 2263 816 2325 Virgo
830 2270 898 2310 autern

146 2348 229 2398 genere
242 2336 385 2394 sacerdotali,
399 2340 492 2400 propter
502 2340 606 2398 slnprnm
619 2334 782 2399 occidebatnr3
795 2333 873 2396 legitur
886 2355 891 2365 ·

147 2407 213 2461 len..
227 2407 279 2456 XXI
295 2426 302 2456 :
315 2427 327 2454 n
342 2409 470 2457 Sacerdotis
483 2408 541 2465 tilia,
554 2408 574 2456 si
584 2406 731 2468 deprebensa
739 2405 810 2455 luerit
823 2406 846 2454 in
859 2410 891 2451 st:

147 2482 170 2528 ct
182 2479 302 2529 violaverit
316 2493 397 2528 nornen
413 2478 486 2542 patris
502 2476 668 2540 sui,llamn1is
686 2480 805 2526 exueretur.
821 2491 836 2522 »
854 2480 893 2531 tle:

146 2550 249 2600 relernnt
260 2551 355 2613 uerbum
368 2551 502 2614 Hieronymi
515 2550 550 2599 ud
564 2547 761 2614 Lapidationem
778 2549 899 2612 insoluto.

184 2703 215 2764 (l)
230 2707 268 2750 An
287 2706 343 2750 satis
357 2710 434 2750 tamen
448 2697 616 2760 congruenter?
630 2701 684 2746 crim
702 2703 734 2747 sit
751 2702 815 2746 aliud
836 2712 883 2743 orer

150 2779 201 2822 qnae
211 2767 365 2824 subjungitur,
376 2771 400 2810 et
415 2765 477 2810 alind
492 2765 614 2823 lapidatio
623 2763 653 2808 do
672 2775 720 2820 quc
734 2767 834 2820 qnnrstlo
848 2763 882 2807 bic

125 2844 129 2852 ·
150 2829 210 2873 undo
224 2829 331 2872 solutioni
342 2829 482 2886 precedenti
497 2828 588 2873 videtur
598 2823 708 2872 stundnm
723 2839 787 2873 csse.
