1917 3317
127 199 158 246 lo
231 205 340 245 sacrans
355 203 483 253 succuba,
499 203 594 249 cunr.
610 203 700 254 com,
717 202 772 241 aar.
789 203 814 241 r.

156 289 181 334 ι.
196 283 317 345 preterea,
325 279 447 345 Gregorius
454 279 509 331 dicit
517 281 543 330 in
553 281 583 330 Vl
587 318 593 330 .
605 279 699 331 comt.
711 280 773 344 (cap.
785 283 816 329 17
826 279 934 344 ιι117),

125 356 184 421 qudd
200 371 214 402 a
227 354 270 404 viri
281 353 451 417 contemplativi
464 352 493 402 ad
505 353 641 416 semetipsas
654 352 767 402 introrsus
777 351 888 413 redeunt,
903 355 933 404 in

125 441 153 480 oo
163 427 223 490 qudd
238 425 362 490 spiritualis
382 425 494 475 rimantrr
506 429 530 475 et
539 438 682 488 nequaquam
695 437 772 492 secum
784 436 862 472 rernm
874 437 935 474 cor-

125 499 236 564 poralium
255 498 346 548 umbras
359 498 468 559 trabunt,
482 497 520 546 rel
538 495 633 547 tortasse
651 500 734 546 uacus
751 508 820 544 mann
832 494 934 546 discre-

126 569 194 622 tionis
209 570 311 634 abigunt.
320 569 364 618 Sed
381 567 600 632 incircumscriptum
613 569 691 619 lumen
704 567 780 617 ridere
791 566 930 629 cupientes,

126 645 217 693 cunctas
237 639 451 703 circumscriptionis
466 654 512 690 sue
529 639 639 702 imagines
656 637 801 705 deprimnat3
814 642 837 688 et
855 636 881 686 in
899 654 933 690 co

127 716 186 780 quod
200 725 300 776 superse
314 711 445 774 contingere
457 715 583 775 appetunt,
598 713 692 761 vincunt
704 711 765 774 quod
777 713 839 760 sunt.
849 725 864 756 ι
878 711 933 762 Sed

127 787 197 836 bomo
207 797 253 834 non
262 783 383 848 impeditur
392 783 405 832 a
414 783 503 834 risione
517 783 600 834 divine
610 782 727 843 essentie,
736 793 786 844 quc
796 784 831 832 est
844 782 932 833 lumen

127 855 361 919 incircumscriptum,
375 855 420 906 nisi
434 869 476 918 per
488 857 533 905 hoc
541 856 601 918 qnod
618 867 711 904 necesse
726 853 932 906 babetintendere

128 926 280 992 corporalibus
294 927 498 990 phantasmatibus.
511 929 570 991 Ergo
584 925 674 976 uidetur
690 926 750 988 qudd
762 925 932 988 contemplatio

127 997 247 1062 presentis
266 997 319 1048 rito
336 1001 410 1062 potest
427 1012 452 1049 so
469 999 591 1049 extendere
608 998 636 1047 ad
655 997 778 1047 ridendum
800 995 932 1046 incircum-

130 1072 239 1134 scriptum
252 1069 328 1119 lumen
349 1082 390 1132 per
405 1069 536 1120 essentiam.

161 1147 184 1192 3.
206 1143 330 1200 Praeterea,
345 1141 465 1204 Gregorius
486 1142 511 1191 in
526 1143 553 1191 ll.
571 1141 672 1204 Dialoq.
692 1139 746 1190 dicit
759 1140 830 1204 (cap.
848 1139 902 1202 85)
921 1157 929 1190 ι

130 1229 144 1259 u
156 1213 241 1263 Anime
250 1211 335 1262 videnti
343 1217 466 1262 creaborem
477 1216 613 1276 angustnest
620 1212 694 1263 omnis
703 1215 814 1262 uectura.
823 1209 862 1260 Vir
870 1223 933 1275 ergo

127 1285 167 1335 liei
177 1287 185 1347 t
194 1283 279 1334 scilicet
290 1285 317 1334 B.
332 1284 466 1334 Benedictus
475 1285 494 1348 ),
506 1284 546 1348 qni
559 1284 584 1334 in
598 1284 652 1334 turri
665 1285 755 1347 globum
767 1282 869 1345 igneum,
881 1296 930 1334 sn—

128 1356 190 1420 gelos
205 1369 294 1418 qnoque
308 1358 335 1406 ad
349 1357 429 1408 coelum
444 1358 565 1408 redeuntes
581 1356 687 1419 videbat,
699 1357 748 1405 bec
763 1354 840 1418 procul
855 1355 932 1406 dnbio
954 1396 956 1405 .

128 1441 219 1480 cernere
233 1443 279 1480 non
294 1430 339 1480 nisi
356 1431 381 1479 in
393 1430 434 1480 llei
447 1430 533 1481 lumine
547 1433 644 1494 poterat.
660 1445 674 1476 ι
689 1430 731 1478 Sed
745 1429 772 1477 B.
787 1426 930 1480 Benedictus

128 1502 201 1551 adbuc
214 1502 238 1552 in
253 1504 362 1568 presenti
377 1504 423 1554 uita
437 1503 536 1553 vivebat.
551 1504 610 1567 Ergo
623 1500 785 1564 contemplatio
806 1503 932 1564 presentis

126 1572 179 1623 uitro
194 1577 270 1636 potest
285 1589 310 1626 sc
328 1575 450 1626 extendere
468 1577 495 1625 ad
512 1575 634 1625 ridendam
651 1574 691 1623 liei
711 1573 841 1623 essentiam.

161 1645 205 1696 Sed
216 1649 293 1697 contra
305 1650 354 1710 est,
369 1647 429 1710 quod
439 1647 560 1709 Gregorius
574 1646 627 1696 dicit
639 1643 814 1709 superduci.
826 1644 932 1707 tliomil.

127 1717 188 1778 llll,
204 1720 227 1764 ut
237 1717 285 1777 jaro
299 1717 397 1782 suprdl:
414 1718 548 1777 corlandin
561 1719 585 1767 in
596 1719 641 1767 bac
656 1716 744 1766 mortali
753 1728 820 1765 carne
830 1715 932 1780 vivitur,

127 1787 203 1838 nullus
218 1787 248 1838 ita
263 1788 287 1838 in
302 1788 498 1853 contemplationis
511 1789 595 1839 uirtute
609 1788 745 1853 proticit‚nt
758 1786 783 1836 in
797 1785 848 1850 ipso
857 1786 932 1839 incir-

128 1858 257 1922 cumscripti
271 1859 362 1910 luminis
377 1861 448 1921 radio,
463 1860 547 1910 mentis
562 1861 638 1910 oculos
650 1860 736 1922 inligat.
751 1875 765 1906 ι

160 1931 318 1995 (Conclusio.
334 1957 366 1968 -
381 1932 524 1995 impossibile
536 1937 571 1982 est
588 1932 686 1995 aliquem
699 1944 740 1994 per
753 1929 931 1992 contomplatio-

128 2015 194 2063 nem,
212 2001 236 2050 in
253 2007 312 2052 statu
326 2002 443 2066 praesentis
463 2002 515 2054 vite
536 1998 644 2053 sensnum
658 2017 702 2053 usu
716 2003 880 2066 permanente,
895 2009 930 2057 ad

129 2072 229 2122 diuinam
244 2073 364 2123 uidendam
382 2073 503 2122 essentiam
518 2074 660 2138 pertingere,
673 2086 801 2138 quanquam
814 2085 855 2136 por
865 2087 924 2138 rap-

128 2145 192 2205 tum,
208 2145 280 2206 qualis
296 2143 365 2194 Paulo
379 2144 472 2205 accidit,
486 2145 510 2194 id
522 2145 570 2196 lieri
583 2145 678 2210 possit.)

161 2214 296 2278 despondeo
314 2214 447 2278 dicendum,
464 2216 525 2280 qndd
547 2217 605 2267 sicut
629 2217 769 2281 Augustinus
786 2215 852 2279 dicit,
874 2219 930 2272 xla.

129 2286 211 2350 Super
225 2287 310 2335 Gener.
323 2285 358 2336 od
369 2285 410 2336 lit.
426 2288 493 2352 (cap.
503 2289 551 2353 27)
564 2305 570 2339 z
582 2307 596 2337 a
607 2291 680 2340 Nemo
690 2289 770 2339 ridens
784 2289 854 2338 ileum
867 2289 932 2345 vivit

128 2356 173 2406 istd
187 2355 234 2408 uita
247 2371 292 2421 qna
305 2358 427 2407 mortaliter
440 2359 524 2410 uiuitur
532 2361 556 2410 in
575 2361 626 2412 istis
639 2359 742 2412 sensibus
756 2359 869 2424 corporis;
884 2366 930 2414 sed

129 2429 173 2478 uisi
186 2430 213 2478 ab
232 2430 275 2478 bac
291 2430 339 2478 rita
351 2429 445 2511 quisque
460 2433 624 2496 quodammodo
640 2433 755 2497 moriatur,
768 2432 817 2483 siue
832 2432 931 2488 omnino

129 2500 209 2550 exieus
227 2501 255 2550 de
274 2514 382 2565 corpor,e
395 2503 443 2552 sive
461 2503 597 2554 alienatus
590 2517 604 2554 a
620 2505 747 2555 carnalibus
761 2504 880 2579 sensibus,
900 2505 931 2558 in

129 2570 191 2621 illam
205 2583 250 2620 non
267 2571 397 2623 subvehitur
410 2574 540 2638 uisiouem3
550 2593 564 2624 ιι
579 2590 629 2640 qne
643 2575 711 2640 suprd
723 2553 853 2640 diligentiis
872 2589 931 2638 per

129 2643 755 2712 tractatasunttqulib),ub1drctumestderapu
767 2651 791 2698 et
803 2646 859 2696 iul
870 2649 929 2710 (seu

130 2715 148 2766 1.
164 2719 233 2778 pert,
248 2729 286 2779 qu.
307 2717 361 2782 11),
376 2719 414 2769 ubi
427 2723 503 2770 actum
520 2724 555 2770 est
569 2720 597 2769 de
610 2719 874 2781 oe1.v1srone.sicergo
890 2720 929 2770 di-

131 2786 226 2836 cendum
236 2793 284 2852 est,
294 2789 354 2853 qudd
363 2790 387 2840 in
396 2793 438 2842 bac
447 2792 492 2841 uita
505 2796 581 2856 potest
590 2805 641 2843 esse
650 2792 730 2855 aliquis
741 2789 870 2854 dupliciter:
879 2805 931 2844 nno

130 2857 210 2920 modo,
222 2861 345 2912 secundnm
363 2868 437 2914 actum
446 2902 453 2926 ,
463 2863 488 2912 in
501 2866 610 2926 quantum
626 2863 712 2914 scilicet
727 2861 844 2912 actualiter
854 2861 930 2914 utitur

130 2929 233 2982 sensibus
249 2936 363 3002 corporis;
385 2941 409 2988 et
422 2936 455 2988 sic
468 2936 530 2986 nudo
544 2936 611 2988 modo
633 2934 793 3001 contemplatio
808 2937 932 2999 presentis
