1917 3317
279 198 310 235 nu
325 194 459 236 anomronu
474 199 578 237 emron.
779 190 828 238 'tte

66 264 107 314 Sed
119 270 214 319 contra:
227 268 324 333 ejurent
337 270 442 334 adoptare
459 283 503 320 uon
515 271 540 320 iu
554 270 629 335 titios,
643 283 713 336 quern
732 284 775 323 nos
787 286 830 337 pa-

51 352 89 386 rom
102 352 222 401 pessumam
232 340 362 405 nominare3
378 343 439 393 uude
453 342 534 393 dicitnr
548 344 663 402 Roman„
677 344 726 394 Vili
743 348 829 395 :utte-

51 410 121 469 npistis
142 412 251 475 Spiritum
275 413 404 477 adoptionis
426 414 542 479 tiliorum,
566 413 590 462 iu
614 428 659 478 quo
689 415 828 478 clamamus,

51 482 105 539 rina,
118 484 186 534 Pater
196 484 237 546 tt).
248 484 293 535 Sed
303 498 353 535 cum
363 486 409 536 Deo
417 484 524 546 dicimus,
536 493 609 536 Potor
618 490 712 543 noster,
720 488 764 538 hoc
778 501 830 552 per·

52 555 120 603 netad
130 559 201 607 totam
212 556 360 619 Trinitatem,
369 556 429 607 sicut
443 562 466 608 et
475 563 555 609 caetera
565 558 671 618 nomina,
682 572 733 623 pue
747 559 829 609 dicun-

51 636 71 669 nr
88 624 111 675 de
128 628 174 678 [teo
189 626 286 679 relative
309 629 335 677 nd
351 632 534 690 creatrraam‚ut
555 630 581 679 in
601 632 621 680 i.
643 634 706 695 parte
726 630 830 680 habitum

54 702 69 741 <t
79 699 115 758 itt.
125 699 184 762 Ergo
199 700 307 763 adoptare
317 700 421 751 convenit
431 702 474 752 toti
484 702 597 753 trinitati.

70 770 829 837 ttoucuusru.-Cumpropteruatumuuttatem‚quemcuuqoe

51 854 58 885 a
67 843 163 893 creaturis
176 842 285 893 effectum
298 843 371 894 tacere
382 844 424 895 toti
434 844 542 895 trinitati
553 847 583 894 sit
593 858 728 907 commune,
737 844 828 908 perspi-

57 926 93 959 ram
109 918 144 963 est
154 912 262 965 homines
279 914 304 963 in
318 915 359 966 Dei
369 916 438 968 Filios
452 918 559 982 adoptare
571 917 613 967 toti
622 915 727 965 trinitati
742 928 830 967 coure-

56 984 102 1043 tre]

64 1055 193 1120 tiespondeo
208 1057 339 1121 dicentium,
348 1058 406 1121 cuod
423 1061 473 1111 heo
486 1064 521 1111 eut
532 1059 662 1111 differentia
672 1059 734 1110 iuter
746 1059 830 1110 Filium

51 1128 69 1172 ni
84 1130 217 1192 adoptivum
241 1131 266 1179 et
289 1130 428 1193 naturalem,
443 1130 503 1195 quod
526 1132 599 1182 Filius
618 1132 658 1182 Dei
671 1131 780 1181 naturalis
795 1135 831 1181 est

59 1199 126 1264 ritus,
141 1214 190 1251 non
212 1198 300 1265 tactae,
314 1202 386 1253 Filius
407 1206 483 1253 antem
497 1204 618 1268 adoptivus
632 1206 667 1253 est
688 1203 775 1267 factus,
789 1216 831 1254 ee-

58 1271 121 1322 rrtim
131 1272 191 1323 illud
201 1272 322 1329 Joon.,1:
333 1274 458 1327 «petineis
466 1277 601 1339 potestatem
616 1273 688 1325 Fitiou
699 1274 739 1323 itei
748 1274 830 1325 fleri.»

51 1343 107 1393 tritor
116 1348 198 1395 autem
210 1345 348 1407 mundoque
365 1345 426 1397 titius
443 1347 563 1410 adoptivus
576 1359 627 1398 esse
637 1346 729 1409 penitus
738 1350 831 1411 propter

60 1414 164 1467 aritoaiem
190 1416 381 1481 generationem,
399 1432 449 1481 quae
466 1422 502 1469 est
517 1418 622 1482 gratuita,
639 1430 686 1469 non
706 1419 828 1481 naturalis3

51 1489 85 1535 mie
93 1489 175 1539 dicitnr
186 1488 256 1544 loo..
266 1488 275 1535 Ι
287 1502 293 1536 :
304 1489 459 1541 «voluntarie
472 1490 551 1553 gennit
561 1503 604 1540 uos
614 1490 685 1539 uerbo
693 1488 804 1539 recitatis.
815 1507 829 1536 o

54 1562 131 1611 camois
141 1566 225 1611 autern
237 1572 345 1623 generare
358 1561 484 1625 iudiciuin,
500 1560 530 1611 sit
543 1562 658 1625 proprium
672 1573 775 1624 personae
789 1562 833 1611 Pa-

53 1632 80 1693 ir,
91 1638 168 1685 tanum
184 1634 264 1683 iucem
277 1646 443 1698 quemcumque
452 1634 559 1685 effectum
569 1635 593 1683 in
603 1631 714 1684 creaturis
726 1635 761 1683 est
772 1647 833 1684 oom-

52 1718 93 1753 ore
111 1706 156 1756 toti
177 1704 290 1755 'trinitati
309 1707 402 1769 propter
417 1706 527 1755 unitatem
546 1709 648 1768 natorae3
664 1704 717 1768 quia
738 1704 777 1754 ubi
799 1709 833 1757 eut

51 1788 70 1821 rr
83 1782 174 1838 natura,
186 1778 282 1841 oportet
294 1776 353 1839 qnod
369 1777 399 1827 sit
410 1790 455 1827 una
469 1778 542 1827 virtus
550 1780 574 1827 et
586 1790 630 1826 naa
645 1776 755 1841 operatio.
767 1777 831 1829 Unde

51 1850 131 1899 ominus
153 1848 212 1900 dicit
227 1849 312 1904 ioum,
325 1848 363 1897 V:
383 1864 396 1896 u
407 1848 562 1913 Quaecumque
580 1850 647 1897 Pater
668 1848 736 1907 iacit,
751 1848 799 1899 heo
809 1850 832 1901 ei

60 1918 95 1969 ias
105 1920 214 1971 similiter
231 1918 295 1969 iacit.
313 1936 326 1965 o
337 1920 366 1969 Et
374 1920 426 1971 ideo
436 1921 543 1984 adoptare
550 1919 657 1970 hominen
669 1919 693 1968 in
706 1919 767 1970 tilios
776 1921 830 1985 liei,

51 1993 187 2045 menittoti
211 1990 333 2042 trinitati.

62 2066 87 2112 ,m
102 2065 203 2129 primum
225 2076 282 2127 ergo
300 2063 429 2126 dicendum,
441 2062 504 2127 qood
516 2076 596 2113 omnes
610 2075 715 2126 persone
727 2064 833 2113 humanae

51 2148 73 2182 m
95 2140 150 2187 sunt
177 2136 252 2186 nnius
274 2137 360 2185 nature
385 2134 509 2184 secuudum
532 2146 668 2197 numerum,
683 2138 710 2184 nt
730 2137 833 2197 oporteat

52 2222 94 2256 mor
113 2222 167 2260 esse
189 2205 297 2259 omniu-m
310 2207 463 2269 operationem
481 2204 570 2255 tantum
589 2208 612 2256 et
625 2219 695 2255 unum
711 2206 830 2269 effectum3

65 2284 84 2326 ut
97 2280 181 2331 accidit
193 2280 221 2329 in
236 2277 330 2328 diuinis.
346 2278 373 2326 tit
386 2276 438 2327 ideo
450 2313 456 2337 ‚
466 2280 577 2341 qnantum
590 2277 620 2326 ad
631 2278 688 2339 hoo,
704 2290 749 2327 non
757 2277 834 2341 potuit

51 2352 109 2401 ¹‚rati
127 2350 261 2403 similitudo
279 2348 398 2413 utrobique
414 2348 461 2411 (a).
907 2411 909 2416 ι

64 2423 91 2470 ad
103 2423 234 2475 secundum
245 2420 378 2481 dicendum,
390 2418 449 2483 quod
463 2432 506 2471 nos
516 2433 557 2484 per
566 2418 710 2484 artoptionem
723 2418 833 2469 efficimur

66 2597 93 2657 si)
106 2598 173 2645 Atta
187 2596 300 2643 nimirum
319 2608 361 2654 pro
381 2595 482 2649 iude-risa
498 2596 572 2642 Putet·
584 2608 627 2653 pro
641 2597 779 2655 gentilibus,
794 2602 834 2643 eo·

67 2674 229 2793 *neisznuffilipitut
243 2744 273 2779 ex
283 2744 324 2788 qu.
341 2730 381 2789 33,
397 2734 439 2777 art.
453 2730 477 2775 3.
789 2793 792 2799 ¹

67 2805 93 2859 <ti
107 2807 219 2859 Quammt
230 2810 255 2850 et
268 2806 291 2849 in
304 2802 388 2849 (titinio
399 2802 562 2859 approprietur
573 2802 705 2861 specialiter
717 2802 794 2857 Patri,
809 2808 835 2847 ot

54 2868 151 2979 eligite?
172 2868 209 2916 oct
225 2868 327 2927 Epioe„
346 2868 369 2927 i,
383 2864 452 2924 cupra
470 2867 573 2927 notatis,
587 2873 611 2912 et
627 2878 656 2912 ex
671 2868 691 2913 1.
706 2865 834 2958 ioanni,
865 2876 869 2885 ·

54 2955 70 2974 .i
87 2964 99 2989 ο
146 2965 153 2978 .
