1917 3317
253 189 438 227 nsnarrvrravs
451 190 555 228 cnsrsru.
762 186 808 232 685

45 277 76 313 ,urs
92 263 204 316 beneiioio
218 264 361 327 nativitatis,
373 269 399 315 ut
413 264 451 317 sit.
469 266 542 318 »Sed
562 266 666 319 Christus
680 268 708 319 ab
725 274 809 323 eterno

44 343 55 383 ι
69 339 124 399 drgo
146 350 196 386 nou
208 337 282 400 potuit
295 337 450 401 temporaliter
464 338 536 387 nasei.

44 413 58 455 ι.
72 410 196 467 Praeterea,
208 408 263 457 illud
284 409 344 470 quod
358 413 394 457 est
406 408 429 457 in
445 422 469 459 se
481 408 616 473 perlectum,
631 410 751 461 nativitate
762 424 808 463 non

49 483 95 540 ieet.
110 480 158 530 Sed
181 492 279 543 persona
295 479 349 530 Filii
368 479 408 531 liei
427 481 456 530 ab
469 487 555 531 aeterno
575 482 618 532 luit
631 484 742 546 perlecta.
757 484 807 533 Nou

46 565 57 599 o
73 552 161 614 indiget
176 550 298 615 temporali
306 551 441 617 nativitate,
456 557 479 603 et
495 553 527 603 ite
541 552 629 605 videtur
642 553 704 617 qubd
718 568 764 607 non
779 554 809 605 sit
882 606 889 625 .
915 586 916 593 ι

45 624 153 683 loetaliter
167 628 247 672 natus.

45 697 58 739 ι.
72 695 204 754 Preterea,
224 692 334 743 nativitas
353 694 444 758 proprie
465 706 571 758 persone
590 696 705 746 convenit.
720 698 766 747 Sed
786 696 810 747 in

45 766 89 814 ‘'sto
106 771 143 816 est
158 778 208 816 una
222 768 312 815 mutum
328 778 435 829 pemona.
450 766 510 830 llrgo
524 766 585 817 inest
606 770 695 817 lantum
715 767 808 819 Christo

45 855 48 881 ι
61 837 177 888 nativitas.

45 935 55 955 ι,
68 909 203 970 Praeterea,
214 908 275 971 quod
294 909 382 959 duabus
402 909 562 960 nativitatibus
575 910 688 969 uescitur,
704 910 740 961 bis
753 923 808 961 nas·

45 995 67 1038 u,
82 982 121 1031 sed
140 982 199 1031 haee
212 980 365 1031 videturesse
379 981 446 1043 falsa,
459 998 474 1029 a
490 982 594 1031 Christus
606 985 642 1031 est
654 982 690 1031 his
703 984 806 1046 nalus3rr

45 1067 53 1097 u
65 1053 175 1103 nativitas
188 1050 250 1114 ejus,
260 1064 307 1115 qua
316 1052 344 1101 de
359 1054 427 1102 Patre
435 1054 555 1115 estnalns,
564 1052 752 1117 interruptionem
762 1066 809 1105 non

45 1138 88 1182 eur,
99 1123 153 1173 edm
164 1124 201 1173 sit
213 1126 300 1174 aeterua
308 1124 354 1187 (t);
365 1126 425 1187 quod
438 1128 516 1174 tamen
526 1122 646 1187 requiritur
661 1126 686 1175 ed
702 1126 745 1176 hoe
763 1126 808 1175 ad-

45 1194 113 1256 lium,
128 1194 190 1255 br's,·
206 1193 246 1243 ille
264 1194 326 1243 enim
346 1194 428 1245 dieitur
440 1195 477 1245 his
489 1208 592 1257 currere,
611 1194 651 1258 qui
668 1209 719 1245 eum
735 1196 808 1247 iuter-

48 1265 100 1316 'iene
114 1265 203 1316 currit.
217 1265 276 1327 Ergo
285 1265 378 1315 videtur
386 1265 447 1329 qubd
457 1265 481 1314 in
494 1265 585 1315 Christo
599 1279 645 1316 nou
655 1265 684 1315 sit
693 1266 806 1329 ponenda.

45 1339 69 1383 el
85 1343 165 1387 eontra
175 1339 231 1395 est,
244 1336 306 1399 quod
317 1336 470 1386 Damaseenus
482 1337 538 1387 dioit
549 1337 574 1386 in
588 1337 626 1387 111.
637 1336 679 1385 lib.
695 1351 701 1386 :
717 1353 731 1383 o
743 1336 810 1387 Con-

45 1423 83 1455 mr
96 1410 156 1459 duas
167 1405 261 1457 Christi
271 1405 402 1457 nativitates
411 1424 418 1471 3
427 1421 498 1457 uuam
511 1422 561 1471 qrrae
573 1411 608 1457 est
619 1420 647 1457 ex
660 1410 735 1469 Patre,
745 1411 811 1459 eter-

45 1493 64 1535 r,
77 1484 100 1529 et
112 1492 188 1529 mam
204 1480 307 1540 quaeest
323 1478 350 1527 iu
364 1478 453 1528 ultimis
468 1479 610 1543 temporibus
624 1484 716 1542 propter
728 1492 807 1529 uos.»

49 1550 234 1601 *londensem-
246 1546 305 1597 eum
323 1548 374 1598 duae
395 1548 481 1599 tuerint
499 1548 523 1597 in
541 1548 631 1598 Christo
651 1553 750 1611 nature,
768 1562 809 1598 ne·

45 1632 58 1666 e
68 1626 102 1670 est
116 1623 179 1671 duas
194 1618 232 1669 illi
243 1619 367 1669 attribuere
383 1620 532 1680 nativitates,
545 1632 617 1669 unam
629 1622 749 1681 eternam,
763 1632 808 1682 qua

53 1694 129 1742 naliter
144 1691 160 1742 a
174 1693 249 1741 Patre
264 1689 388 1754 prooessit,
402 1691 469 1741 aliem
485 1690 648 1755 temporalem,
663 1704 709 1753 qua
722 1694 809 1755 tempe·

49 1766 93 1813 »ffr'a
108 1768 188 1815 matre
201 1766 273 1812 uatus
286 1765 346 1824 est.)
805 1768 810 1781 ¹

49 1838 166 1899 spondeo
183 1836 318 1893 dicendum,
332 1833 393 1897 qubd
410 1836 479 1896 (sieut
490 1835 641 1897 dictumest),
653 1838 733 1885 natura
747 1848 809 1885 eem-

53 1917 83 1955 rur
94 1910 125 1960 ad
138 1905 304 1968 nativitatem,
317 1905 376 1955 sieut
389 1906 503 1956 terminus
513 1906 542 1955 ad
555 1910 641 1957 motum
655 1906 692 1956 vel
702 1906 811 1957 nuntio-

47 1995 57 2023 ι.
71 1980 146 2029 tintus
161 1982 243 2027 autem
257 1976 423 2028 diversificatur
438 1975 565 2027 seeundlrm
584 1976 741 2027 diversitatem
756 1980 806 2026 ter-

54 2055 151 2112 ·rum‚ut
168 2052 237 2113 patet
250 2060 295 2111 per
310 2048 476 2111 Philosophum
487 2047 511 2097 iu
525 2048 553 2097 V.
566 2048 663 2111 Physie.
675 2049 742 2107 (tert.
760 2050 809 2108 il).

48 2122 124 2173 ,uristo
135 2126 221 2171 antem
237 2124 292 2170 sunt
304 2120 355 2169 due
366 2123 454 2171 naturae
465 2119 559 2181 ,diviua
571 2117 659 2169 seilicet
669 2122 693 2169 et
701 2120 808 2180 humane,

47 2206 88 2241 ‘um
105 2205 186 2243 unam
205 2191 299 2255 aceepit
322 2191 351 2240 ab
374 2195 459 2243 eterno
480 2190 591 2251 lPatre,
607 2192 702 2241 alteram
723 2188 812 2252 eocepit

48 2264 148 2314 ruraliter
163 2264 180 2313 h
196 2266 282 2313 matre.
301 2263 331 2312 Et
344 2264 397 2313 ideo
409 2274 505 2313 neeesse
518 2265 555 2312 est
577 2262 700 2311 attribuere
720 2260 821 2311 Christe

46 2358 53 2379 ι
68 2334 222 2395 nativitates,
235 2347 307 2383 unam
326 2346 378 2396 quar
401 2332 543 2383 eternaliter
560 2336 679 2383 natusest
698 2330 712 2381 l
731 2334 810 2391 Patre,

50 2437 60 2451 ·.
73 2420 116 2469 qua
134 2404 304 2469 temperaliter
317 2408 387 2457 natus
400 2408 437 2454 est
449 2404 463 2453 l
477 2406 559 2453 matre.

54 2478 169 2538 :primum
182 2489 242 2539 ergo
251 2476 375 2527 dicendum
383 2511 390 2536 ,
398 2474 458 2539 qnbd
472 2476 521 2525 heo
530 2473 629 2537 obiectio
640 2472 683 2523 luit
693 2473 810 2536 eujusdam

54 2549 100 2597 vuni
114 2547 242 2610 americi,
257 2560 328 2611 quam
343 2546 485 2608 Augustinus
500 2546 525 2594 in
539 2546 579 2595 lib.
596 2547 691 2595 Contra
705 2544 812 2594 Felicio·

52 2644 55 2650 ¹
70 2621 139 2685 teau.
157 2619 212 2681 12)
226 2655 235 2679 ‚
250 2618 286 2669 sie
300 2617 386 2669 solvit:
400 2616 564 2680 «Fingamus,
580 2615 676 2679 iniquit,
691 2614 750 2665 sieut
763 2614 812 2678 pls·

50 2700 60 2734 e
83 2694 182 2753 volunt,
200 2702 257 2743 esse
280 2688 306 2737 iu
326 2688 413 2739 mundo
431 2688 531 2737 animam
551 2688 760 2751 generalemque
779 2684 813 2735 sie

45 2840 59 2898 l,
68 2846 220 2902 proindeque
231 2841 341 2901 persecet
351 2845 401 2886 tota
413 2841 492 2896 simul,
500 2840 562 2896 quod
571 2840 600 2885 ad
608 2840 721 2884 rationem
733 2838 813 2882 eterni

45 2912 96 2966 ilat,
111 2922 142 2954 ex
156 2907 265 2963 Boetia,
278 2911 306 2949 ut
315 2916 358 2951 surr
375 2904 428 2949 loeo
441 2904 570 2949 discussum
583 2908 627 2947 est.

102 3020 140 3058 ῃ,
672 2998 701 3043 ab
