1917 3317
108 1 251 15 ’ππ-’τ’
276 1 317 4 ·-<

119 201 148 242 ns
162 199 247 242 entre
261 199 368 246 memus
385 201 469 244 urus
485 202 710 247 ssumnncnrrorrs.
767 198 814 246 ott

41 275 134 344 l'liilei3
152 297 167 328 u
182 281 245 344 quod
264 293 309 332 nou
328 284 404 344 potest
423 280 523 344 intelligi
540 282 586 333 nisi
602 284 631 334 de
646 285 781 349 purgatione
801 287 815 338 a

52 351 168 412 literam
182 353 301 416 peccarim
316 365 362 402 non
375 351 445 412 lecit,
460 355 486 402 ut
501 353 643 417 Augustinus
656 357 711 406 dicit
724 356 749 406 iu
772 356 813 410 lib.

46 429 61 467 te
76 426 165 473 Natura
186 426 213 482 et
234 424 332 488 pratia.
347 423 407 488 Ergo
426 438 468 488 per
488 425 687 478 sanctificationem
707 427 733 479 in
751 434 816 482 utero

42 505 71 540 ,on
83 493 119 543 luit
131 493 201 546 lbere
215 496 324 546 mundata
339 495 353 546 l
366 495 455 547 fomite.

58 565 92 612 Sed
109 571 184 616 eontra
199 571 251 631 est,
269 565 330 632 quud
346 567 429 618 dicitur
449 567 537 626 Cant„
554 569 604 620 lv:
622 571 706 622 «Tota
719 572 814 636 pulchra

44 649 60 690 s,
75 637 135 687 amica
152 651 219 701 mea,
232 641 256 688 et
269 638 358 688 macula
371 653 417 688 non
431 639 501 690 estin
514 644 549 690 te.
564 657 578 689 rr
597 641 681 693 Fomes
698 648 775 694 autem
786 645 816 694 ad

45 708 122 758 nutam
138 708 248 774 pertinet,
264 709 346 760 saltem
355 709 438 762 carnis.
447 711 506 774 Ergo
519 711 544 761 iu
556 713 623 764 beata
634 713 726 778 Virgine
738 716 815 768 tomos

50 793 64 825 u
79 779 121 830 luit.

69 850 202 904 Concurrere.
211 853 371 903 -Remausit
381 853 454 904 lomes
463 851 488 902 in
498 855 566 904 beata
576 854 668 919 llirgine
682 860 734 920 pest
744 871 816 908 sane-

59 924 156 976 <itionem
170 924 298 976 seeundum
312 924 449 988 essentiam,
464 923 547 988 ligatus
563 930 639 977 tamen
655 929 730 991 quoad
749 941 815 979 exer-

56 1007 102 1052 nm,
120 996 170 1046 siue
185 996 358 1061 operationem,
373 1009 445 1060 usque
460 997 489 1046 aul
503 996 556 1047 Filii
574 998 615 1048 llei
630 997 813 1062 conceptionem,

58 1078 90 1124 pua
103 1067 145 1117 luit
165 1068 268 1118 totaliter
281 1067 413 1132 sublatus.)

55 1137 178 1200 lespundeo
191 1139 329 1202 dicendum,
343 1139 405 1197 cuod
418 1141 479 1190 circa
493 1141 538 1191 hoc
553 1145 608 1192 suut
620 1141 715 1191 diverse
724 1143 815 1206 opinio-

55 1231 69 1252 τ.
79 1210 167 1266 Quidam
177 1210 240 1262 enim
255 1210 361 1261 dixerunt
377 1211 438 1274 qnod
451 1211 474 1260 in
487 1212 537 1276 ipsa
551 1211 728 1264 sanctificatione
741 1214 814 1266 beate

60 1281 115 1344 mis,
128 1296 177 1347 qua
192 1281 236 1331 luit
248 1281 388 1332 sanctificata
402 1283 425 1332 in
442 1287 522 1345 utero,
535 1284 635 1334 totaliter
649 1282 692 1332 fuit
705 1285 728 1334 ei
740 1285 814 1336 lomes

64 1357 142 1404 tractus.
158 1353 260 1414 Quidam
272 1353 326 1404 verli
337 1353 416 1404 dieunt
425 1354 486 1419 quod
499 1355 610 1406 remansit
619 1355 691 1406 lomes
705 1360 816 1420 quantum

59 1436 91 1471 lue
101 1427 161 1489 quod
177 1425 236 1476 iacit
249 1424 404 1476 difficultatem
418 1428 445 1477 ad
458 1427 554 1488 bonnm,
568 1425 671 1476 subtutus
683 1431 762 1477 tamen
771 1428 817 1478 iuit

54 1499 114 1545 1ειῐωι]
129 1498 159 1548 ad
182 1497 228 1546 tuoe
241 1497 303 1560 quod
316 1496 372 1547 lacit
390 1498 529 1562 pronitatem
543 1498 572 1548 ad
586 1498 679 1548 malum.
699 1496 742 1548 ilii
761 1499 815 1552 vero

50 1571 109 1616 emm
121 1568 190 1633 quod
199 1567 302 1618 sublatus
313 1567 356 1618 luit
366 1568 445 1631 lemen
457 1569 602 1633 inquantum
615 1567 716 1632 pertinet
728 1571 756 1620 ad
766 1584 816 1621 cor·

60 1639 131 1690 'ionem
152 1652 275 1704 personae,
291 1641 359 1704 prout
372 1639 468 1705 impellit
482 1642 511 1692 all
523 1642 608 1691 malum
620 1643 644 1692 et
658 1641 815 1695 difficultatem

54 1713 63 1752 ε’
75 1711 98 1759 ad
108 1713 202 1762 hunum
210 1727 217 1775 3
230 1712 342 1762 remansit
355 1715 432 1762 tamen
446 1713 471 1762 iu
486 1717 598 1776 quantum
611 1712 711 1777 pertinet
725 1713 752 1763 ad
765 1727 816 1764 cor·

58 1781 130 1832 tionem
149 1786 257 1842 naturae,
272 1786 339 1846 prout
355 1783 444 1833 seilicet
459 1790 497 1834 est
514 1797 582 1834 causa
596 1783 728 1834 tmduceudi
745 1784 816 1848 origi-

52 1870 60 1886 ν’
76 1859 199 1915 peecatum
216 1854 241 1904 in
256 1853 352 1918 prolem,
369 1853 413 1904 lilii
434 1867 487 1904 vero
508 1854 600 1916 dicunt,
618 1853 678 1919 qnod
698 1854 723 1905 iu
740 1856 814 1919 prima

73 1925 184 1978 licelinus
193 1925 385 1976 remansitlomes
392 1927 517 1976 seeundum
526 1926 662 1990 essentiam,
670 1927 710 1976 sed
721 1925 812 1992 ligatus,

61 2008 88 2044 'oa
104 2001 186 2048 autem
202 1997 354 2061 conceptione
368 1996 421 2046 Filii
434 1997 474 2048 Dei
488 1997 532 2048 luit
545 1996 645 2047 totaliter
659 1998 770 2048 sublatus.
780 2000 814 2050 Ad

60 2083 83 2115 :ur
93 2073 170 2120 numm
184 2068 331 2118 intellectum
341 2071 432 2132 oportet
441 2068 585 2119 considerare
598 2067 659 2131 quod
670 2069 744 2120 lomes
756 2070 814 2120 nihil

61 2139 107 2189 liud
121 2154 196 2205 quam
212 2139 342 2190 inordinata
357 2139 544 2203 coucupiscentia
561 2139 677 2192 sensibilis
688 2142 813 2204 appetitus,

62 2213 120 2263 uelis
134 2219 237 2274 tamon,
252 2210 306 2274 quia
320 2210 416 2261 actualis
429 2210 615 2274 concupiscentia
626 2214 663 2263 est
673 2215 748 2261 motus
760 2226 814 2276 pee-

57 2321 60 2326 .
73 2284 154 2336 inicitur
164 2287 248 2334 autem
256 2282 443 2346 coucupiscentia
455 2283 609 2332 sensualitatis
618 2296 666 2332 esse
677 2282 812 2346 inordinata,

62 2359 145 2407 ‘rantum
157 2355 280 2420 repugnat
294 2353 392 2416 ratioui;
407 2355 466 2418 quod
477 2355 569 2418 quidem
580 2354 606 2404 lit
619 2355 643 2402 iri
656 2359 766 2418 quantum
779 2355 815 2405 iu·

59 2433 71 2472 rt
84 2430 109 2477 ad
124 2428 233 2488 mmmm,
246 2425 284 2474 uel
299 2425 456 2476 difficultatem
470 2426 524 2475 laeit
538 2427 567 2475 ad
579 2426 673 2476 bonum.
684 2427 712 2476 lit
723 2426 775 2478 ideo
786 2429 815 2477 ad

61 2513 76 2544 :u
89 2501 207 2552 rationem
221 2497 311 2548 fomitis
330 2496 429 2562 pertinet
442 2496 503 2561 quod
516 2497 609 2549 inclinet
624 2499 651 2548 ed
664 2498 761 2563 malum,
776 2499 816 2549 rel

68 2569 258 2626 uitatemfaciet
278 2569 303 2619 in
323 2569 392 2621 bono.
407 2570 471 2620 Unde
493 2582 579 2633 ponere
598 2569 658 2633 quod
680 2572 815 2622 remanserit

53 2657 74 2690 rs
90 2645 110 2694 iu
127 2645 201 2696 beata
218 2639 316 2704 Virgine
333 2654 378 2690 non
396 2641 511 2690 inclinans
525 2640 553 2690 ad
566 2641 666 2705 malum,
678 2645 713 2691 est
730 2654 815 2707 ponere
917 2668 920 2715 7

64 2717 161 2778 :pposito
181 2712 268 2765 simul.
283 2712 394 2762 Similiter
408 2712 476 2762 etiam
494 2711 583 2762 uidetur
594 2712 761 2776 oppositionem
773 2713 815 2761 im-

65 2801 94 2848 re,
112 2787 176 2852 quod
193 2782 336 2835 remanserit
349 2783 436 2846 lomes,
448 2783 472 2832 iu
486 2787 595 2846 quantum
607 2784 708 2847 pertinet
723 2784 751 2832 ael
763 2795 814 2832 eor·

60 2874 124 2908 ¹mem
134 2863 243 2916 nature,
256 2867 303 2905 nun
314 2859 390 2905 antem
401 2855 544 2919 inquantum
557 2855 657 2918 pertinet
671 2855 700 2906 ad
717 2867 816 2918 corrup-

44 2941 84 2977 ,rm
104 2942 228 2996 personae.
252 2925 329 2991 Nam,
351 2927 478 2977 secuudum
502 2926 654 2991 augustinum
675 2923 699 2976 in
718 2924 757 2976 lib.
778 2925 815 2974 De
