1917 3317
145 164 178 201 ue
193 164 278 202 suurn
294 165 378 202 suere
393 165 499 204 vrenrrns
515 167 719 206 mnnnrmmorrn.
789 158 840 208 Ass

42 237 66 287 ui
80 252 170 290 summe
188 240 336 292 annuntiant.
353 258 367 289 u
384 241 446 292 Setis
462 253 517 305 ergo
534 247 570 292 est
588 244 693 294 credibile
707 244 768 294 sicut
782 245 840 296 Gre-

47 312 107 362 ovius
123 311 179 362 dicit
187 350 196 376 ,
213 329 227 360 u
237 313 281 362 boo
291 326 375 363 numen
389 315 464 364 cilicio
477 316 528 378 ejus
540 315 657 378 congruit3
671 317 760 366 Gabriel
775 317 839 368 enim

40 385 69 431 ui
81 383 191 433 fortitudo
202 384 341 435 nominatur.
353 387 397 435 Per
408 386 445 436 bei
461 401 516 449 ergo
529 387 683 438 fortitudinem
695 389 842 441 nuntiandus

44 459 77 502 ut
91 457 130 518 qni
144 457 257 506 rirlulutn
268 457 379 507 Dominus
390 462 414 508 et
424 463 506 523 potens
517 459 541 509 in
553 459 642 524 prelio,
654 461 682 512 ad
694 461 843 512 debellandas

41 531 154 578 intestatos
163 541 245 578 cereus
255 528 370 579 veniebat.
383 546 397 578 n
728 542 733 559 ¹

324 673 543 762 unricunusrn.

49 838 114 882 'trium
132 835 250 892 Angelus
261 837 411 886 annuntians
429 838 536 883 debuerit
551 839 622 884 beate
637 839 736 896 Virgini
748 840 843 886 victorve

309 901 428 956 corporati
438 913 563 958 apparere.

60 1031 89 1079 Ad
102 1031 200 1080 tertium
212 1028 247 1079 sic
258 1030 392 1093 proceditur
403 1030 448 1094 (l).
456 1031 549 1082 videtur
562 1029 622 1095 qubd
639 1032 738 1095 Angelus
752 1045 841 1083 ennun-

54 1117 86 1151 ms
99 1117 146 1152 uon
163 1102 275 1151 debuerit
289 1101 378 1166 Virgini
390 1115 498 1166 apparere
511 1101 599 1153 visione
615 1104 734 1167 corporali.
747 1104 845 1166 Dignior

54 1175 86 1221 im
102 1179 139 1224 est
154 1172 321 1224 intellectualis
334 1173 408 1235 visio,
423 1188 490 1237 quarn
505 1175 643 1237 corporalis,
662 1179 688 1224 ut
703 1175 842 1238 Augustinus

50 1245 80 1292 'rit
94 1247 130 1296 lll.
149 1247 241 1310 Super
256 1245 317 1294 Gen.
333 1245 369 1293 od
382 1245 509 1296 litterum.
525 1246 554 1294 Et
565 1245 679 1310 precipue
693 1245 738 1308 ipsi
754 1246 841 1310 Angeio

50 1323 64 1360 ··.
75 1317 143 1379 magis
154 1315 319 1377 conveniens3
333 1329 384 1364 num
396 1315 456 1378 quod
466 1318 498 1366 sit
507 1318 639 1366 summusin
650 1319 728 1367 ordine
740 1318 844 1366 Arcben·

54 1387 138 1452 lurum3
152 1391 188 1450 et,
204 1386 298 1437 visione
311 1385 461 1436 intellectuali
475 1388 566 1438 ridetur
581 1389 679 1451 Angelus
692 1388 717 1436 in
733 1401 773 1436 sua
787 1388 842 1437 sub

55 1461 121 1520 tutin,
137 1459 236 1510 visione
256 1461 333 1509 eutem
356 1459 466 1523 corporali
486 1461 576 1510 ridetur
588 1460 613 1509 iu
633 1463 751 1522 assumpta
772 1459 843 1522 ligure

59 1545 140 1591 morea.
154 1533 216 1593 Sed,
229 1529 290 1579 sicut
301 1531 329 1579 ed
341 1531 519 1580 annuntiandum
533 1534 669 1597 conceptum
685 1529 786 1578 divinum
802 1532 843 1580 de-

61 1606 90 1650 let
111 1603 196 1654 venire
214 1614 331 1651 summum
345 1601 464 1664 nuntium,
481 1601 513 1651 ite
530 1601 599 1652 etiem
617 1601 708 1650 videtur
726 1599 787 1664 qnbd
801 1603 842 1652 de·

60 1676 95 1722 rril
106 1688 159 1724 esse
168 1685 290 1723 summum
300 1685 373 1734 genus
385 1672 489 1722 visionis.
497 1674 558 1736 Ergo
568 1673 659 1722 ridetur
669 1671 729 1736 qubd
741 1673 845 1736 Angelus

51 1747 167 1795 muntinns
183 1743 321 1808 apperuerit
331 1743 419 1808 Virgini
431 1743 520 1794 visione
533 1744 690 1794 intellectuali.

62 1821 81 1864 t.
96 1819 232 1878 irroremur,
251 1814 312 1864 risio
327 1815 459 1878 imaginaria
475 1815 565 1864 videtur
585 1815 654 1866 etiem
674 1829 724 1865 esse
744 1814 846 1866 nobilior

58 1901 93 1936 ram
107 1889 167 1940 visio
190 1886 332 1950 corporatis,
355 1887 415 1936 sicut
435 1885 567 1949 imaginatio
584 1891 619 1937 est
638 1887 704 1938 altior
722 1889 842 1952 potentie,

51 1973 92 2008 tum
103 1974 201 2011 sensus.
220 1958 269 2008 Sed
283 1957 383 2020 Angelus
396 1959 501 2021 apperuit
512 1958 598 2021 loseph
610 1957 634 2006 in
649 1958 736 2026 somnis
753 1972 840 2008 secun-

56 2045 79 2077 :m
94 2029 260 2094 imaginariam
274 2029 406 2092 visionem,
425 2033 450 2080 ut
463 2033 526 2092 putet
546 2029 651 2089 Mettis„
665 2029 675 2078 1
695 2036 719 2079 et
738 2029 770 2087 lt,
784 2031 842 2092 sigo

57 2107 113 2151 retur
126 2102 191 2166 qnbd
204 2101 279 2150 etium
290 2112 400 2162 apparere
411 2101 513 2151 debuerit
522 2100 595 2150 beate
604 2100 692 2164 Virgini
704 2099 841 2164 imaginarie

58 2187 130 2236 suone,
148 2179 172 2225 et
189 2187 239 2223 nou
254 2170 375 2234 corporali.

64 2247 83 2292 t.
95 2246 229 2303 Praetereo,
242 2241 367 2306 corporalis
379 2239 436 2293 visio
446 2241 571 2304 spiritualis
582 2240 728 2305 substantie,
737 2239 845 2291 videntes

51 2315 166 2379 'rpoleoit3
187 2315 252 2364 unde
271 2317 296 2362 et
310 2314 337 2363 de
352 2313 404 2376 ipsa
420 2313 512 2372 Virgine
532 2318 655 2363 cantetur:
673 2331 686 2361 u
704 2313 844 2376 Expavescit

56 2401 96 2448 ugo
113 2389 141 2439 de
155 2387 258 2437 lumine.
272 2401 287 2431 n
300 2384 343 2436 Sed
363 2385 445 2435 metius
460 2383 542 2434 luisset
558 2385 618 2448 quod
633 2385 697 2433 dtuli
710 2384 845 2434 turbatione

53 2472 92 2506 ⁴ins
106 2459 159 2522 ejus
176 2461 245 2510 esset
267 2460 415 2520 praeservata.
430 2457 480 2506 Nun
499 2468 553 2518 ergo
570 2453 614 2504 init
627 2455 765 2505 conveniens
784 2453 845 2518 qubd

60 2531 160 2587 busmudi
176 2527 331 2580 annuntiatio
350 2525 414 2577 fleret
431 2540 472 2590 per
485 2527 596 2578 visionem
614 2527 763 2590 corporalem.

66 2600 104 2649 Sed
117 2605 201 2652 contre
214 2603 264 2659 est,
276 2598 337 2662 quod
352 2599 493 2660 Augustinus
502 2598 526 2646 in
536 2597 634 2661 quodem
645 2609 749 2647 sermone
758 2593 846 2645 inducit

49 2675 119 2722 subm
127 2671 252 2737 Virginem
260 2670 296 2720 sic
304 2670 419 2720 dicentem
433 2684 440 2717 ς
454 2685 468 2717 u
478 2667 547 2718 llenit
558 2669 586 2718 ed
599 2681 635 2718 me
643 2668 734 2718 Gabriel
745 2666 848 2715 Archen-

50 2887 54 2894 ,
68 2823 96 2886 (1)
109 2829 142 2940 ize
154 2827 195 2876 luis
207 2826 281 2876 etium
293 2824 318 2874 itt
329 2825 374 2890 ΙΙΙ2
385 2821 464 2876 Serti„
477 2823 533 2872 dist.
543 2820 567 2883 3,
580 2833 621 2879 qu.
631 2819 656 2881 3,
670 2825 715 2866 ert.
727 2817 751 2878 l,
767 2827 848 2876 queen-

45 2900 106 2940 unnc.
134 2927 142 2942 .
