1917 3317
157 142 206 191 m
344 152 406 190 nans
422 150 463 199 rra,
480 150 576 195 oum.
592 150 649 197 m,
664 148 722 185 rar.
741 150 781 185 an.

156 228 218 293 qnod
236 227 294 278 ratio
311 227 415 291 petebat,
428 226 472 275 troc
488 229 566 275 tamen
581 224 669 275 mando
681 228 765 288 petere
782 232 830 273 noa
847 218 890 267 erat

156 299 272 351 sueiitatis
282 335 287 359 ,
299 298 339 349 sed
353 297 462 360 rationis,
477 299 505 345 ut
523 294 668 345 dictumest.

191 373 226 421 nd
237 371 328 421 tertium
340 370 474 433 dicendum,
489 367 551 433 qndd
566 368 622 417 unio
632 368 658 417 in
670 380 774 432 meone
787 369 823 418 est
841 377 901 413 socon

157 457 211 494 ease
224 443 361 507 personale,
374 443 434 505 qnod
452 442 553 506 pertinet
566 441 596 489 ad
611 440 741 503 quamiibet
760 443 847 503 partem
860 436 905 482 horn

157 521 261 578 neturae3
277 516 317 565 sed
335 515 440 565 ascensio
452 512 562 564 orationis
575 516 612 562 est
625 524 667 575 per
682 516 763 561 actuum
772 548 781 572 ,
790 509 832 573 qni
848 520 906 555 non·

158 588 223 639 uenit
234 587 279 637 nisi
292 586 390 649 radoni,
404 591 431 636 ut
443 586 530 636 dicturo
543 590 581 635 est
597 599 604 632 :
617 585 682 633 unde
693 596 742 633 non
754 587 794 633 est
810 580 896 631 nmilia

456 753 616 805 tenentos
631 754 674 805 111.

230 870 406 927 Utrdmfjirrrit
414 870 556 915 manentem
566 869 693 915 Christum
702 881 749 925 pro
764 881 792 915 ae
805 878 882 913 orare

193 990 227 1041 td
241 988 335 1039 tertium
356 987 390 1038 sic
409 986 541 1053 proceditur
553 986 597 1051 (t).
610 984 709 1035 Videtur
728 983 795 1049 quod
817 984 896 1036 chrito

160 1060 231 1113 tuerit
243 1057 381 1111 conveniens
391 1071 433 1123 pro
446 1070 553 1109 seorare.
569 1055 628 1107 Dicit
645 1057 710 1107 enim
727 1056 832 1107 Hilarius
848 1055 898 1103 ini

163 1130 257 1183 Trinit.
279 1146 287 1179 :
310 1148 323 1179 n
339 1128 395 1181 Cium
413 1130 457 1181 sihi
476 1143 524 1179 nou
545 1128 666 1193 proficeret
685 1128 860 1191 deprecationis
879 1139 892 1172 a

160 1204 190 1273 ad
205 1202 331 1267 protectum
350 1206 426 1255 nmen
445 1205 528 1251 nostre
547 1199 600 1251 fidei
619 1199 796 1263 depretiatur.»
811 1198 850 1249 Sic
867 1211 896 1247 cn.

163 1274 228 1326 detur
241 1272 300 1336 qrrdd
311 1273 414 1323 Christus
430 1269 549 1332 nonsibi,
564 1271 604 1321 sed
613 1269 678 1319 nobis
692 1270 780 1321 orauit.

195 1348 220 1395 Ξ.
235 1346 364 1407 Praeterea,
374 1342 449 1393 nulius
462 1347 512 1393 orat
527 1342 573 1393 nisi
582 1355 624 1406 pro
637 1354 666 1391 eo
679 1342 743 1405 quod
761 1342 827 1408 vult3
838 1342 894 1406 quin.

163 1416 251 1469 dictum
265 1416 373 1481 est(art.
386 1416 428 1479 1),
442 1414 516 1466 oratio
527 1418 564 1463 est
579 1412 685 1477 quaedam
706 1414 835 1477 explicatio
854 1429 881 1462 ro

157 1502 203 1555 per
223 1490 294 1539 Deum
314 1488 444 1553 implendus.
461 1486 507 1537 Sed
521 1486 627 1535 Christus
649 1483 744 1534 volebat
761 1486 813 1549 pati
825 1500 880 1547 eoo

162 1562 273 1623 tiebatur3
293 1558 347 1609 dicit
374 1557 436 1607 enirn
456 1557 597 1620 Augustinus
621 1554 702 1605 XXVI.
729 1557 829 1608 Contra
851 1560 888 1607 Fc-

165 1634 227 1700 (cap.
243 1633 267 1695 8)
281 1647 288 1682 ι
300 1648 313 1681 c
323 1632 397 1681 Homo
408 1629 543 1695 plerumque
551 1626 668 1684 irascitur,
681 1628 725 1677 etsi
737 1628 806 1689 notit,
816 1635 896 1679 contri

163 1705 209 1755 etsi
222 1704 286 1767 nolit,
302 1702 392 1763 dormit,
410 1701 455 1751 etsi
468 1700 540 1765 nolit,
556 1698 627 1749 esurit
645 1712 673 1749 ac
691 1699 751 1751 sitit.
773 1702 814 1751 itte
824 1707 896 1750 autent

163 1775 218 1827 licet
231 1774 353 1838 Christus)
365 1773 442 1825 omniu
460 1771 505 1822 ista
518 1772 589 1833 iecit,
605 1770 659 1837 qnia
676 1770 763 1823 uoluit.
774 1788 790 1820 »
807 1772 867 1837 Ergo
887 1796 893 1817 r

165 1847 308 1911 competebat
320 1859 362 1911 pro
378 1844 455 1909 seipso
470 1857 544 1897 orare.

198 1921 222 1965 8.
237 1920 367 1981 Praeterea,
384 1916 513 1981 Cyprianus
524 1913 579 1965 dicit
591 1912 616 1964 iu
628 1911 671 1965 tib.
692 1915 733 1963 De
749 1916 867 1964 oratione
882 1916 901 1962 i·

166 1990 224 2039 nica
241 2003 249 2036 :
264 2005 277 2035 a
289 1988 357 2038 Pacis
371 1988 449 2039 doctor
465 1991 489 2037 et
502 1986 596 2037 imitatis
608 1985 716 2049 diupister
733 1985 809 2037 noluit
821 1986 894 2049 sigili.

166 2060 275 2125 priuatim
295 2074 375 2123 preces
392 2058 442 2109 fieri
452 2097 458 2122 ‚
470 2062 498 2108 ut
514 2058 566 2121 quis
583 2055 635 2107 cium
657 2061 768 2120 precatur
786 2070 827 2121 pro
843 2072 867 2106 se
888 2068 893 2102 t

166 2134 281 2195 precetur.
295 2147 309 2177 n
320 2130 365 2180 Sed
378 2128 483 2180 Christus
492 2128 549 2177 iilud
559 2126 665 2191 implevit
674 2130 736 2191 quod
749 2128 829 2178 docuit
832 2142 893 2191 ,set⁰

157 2202 222 2258 ,iliud
239 2204 306 2261 Act„
321 2204 331 2253 l
348 2218 354 2252 :
369 2220 383 2252 rr
396 2203 471 2267 Coepit
487 2202 554 2251 iesus
565 2201 639 2250 iecere
653 2204 679 2250 et
692 2200 785 2250 docere.
803 2200 887 2261 »Ergo

158 2278 205 2325 ¹tus
222 2288 339 2338 nunquam
354 2288 434 2341 prose
450 2274 499 2325 solo
512 2272 595 2323 orauit.

200 2347 244 2399 Sed
265 2352 343 2397 contra
363 2350 411 2411 est,
427 2346 488 2410 quid
506 2344 558 2407 ipse
582 2345 692 2394 Dominus
711 2344 799 2395 orando
818 2342 872 2393 dicit
890 2373 900 2387 t

167 2416 228 2467 XVil
243 2434 248 2466 :
270 2435 283 2467 a
299 2418 403 2468 Claritiea
416 2418 499 2467 Filium
509 2420 609 2467 tuum.»

203 2490 364 2554 (Concessio.
374 2516 405 2526 -
414 2489 493 2539 Ornvit
505 2488 609 2540 Christus
622 2500 716 2552 prose,
729 2500 778 2538 non
793 2488 862 2537 ruodo
879 2501 889 2533 s

168 2560 240 2611 litatis
249 2600 257 2625 ‚
278 2562 315 2612 uel
331 2559 439 2624 simplicis
456 2558 597 2621 uoluntatis,
617 2558 656 2607 sed
669 2558 740 2607 etiam
751 2557 883 2607 deliberatae
901 2585 906 2594 ι

167 2633 220 2683 tetis
234 2634 341 2683 affectum
350 2630 507 2695 exprimendo,
516 2634 541 2679 nt
548 2629 616 2680 nobis
622 2628 701 2678 orandi
710 2629 825 2691 preberet
834 2642 900 2677 exeo·

169 2707 192 2753 et
206 2709 292 2769 patrem
305 2716 371 2753 sunm
381 2702 456 2752 omnis
465 2702 522 2751 ttoni
531 2704 647 2751 auctorem
660 2695 819 2763 ostenderet.)

163 2778 167 2843 T
203 2810 238 2873 (1)
255 2812 287 2855 De
297 2811 413 2874 nicetium
424 2813 468 2868 111,
479 2810 558 2860 Soet„
570 2810 625 2857 dist.
636 2808 676 2869 1⁷,
692 2813 737 2855 art.
750 2808 775 2869 8,
792 2808 894 2865 quaestio

168 2874 358 2932 etloao.,X11,
373 2871 427 2917 leot.
445 2872 470 2931 lr,
484 2874 531 2922 ent.
545 2874 570 2920 ἢ.
604 2926 611 2935 .
