1917 3317
289 139 321 174 nn
335 138 424 176 enarra
440 139 550 188 mansur,
567 139 621 176 nro.
814 131 861 178 att

52 213 141 277 planta
155 213 257 276 Utroque
271 217 349 264 autem
361 216 428 264 modo
442 215 549 265 Christus
562 215 642 266 habuit
656 215 734 279 gratie
756 216 860 279 ptenitn-

54 284 138 336 dinem.
156 284 233 335 Primo
247 285 353 348 quidem,
367 286 419 350 gria
433 287 513 337 habuit
526 300 577 338 eam
588 287 612 338 in
626 302 715 339 summo
734 289 861 341 secundina

54 358 247 422 perfectissimum
263 360 356 409 modum
369 372 414 422 quo
423 359 503 410 haberi
517 364 601 422 potest.
616 362 645 410 nt
654 361 698 412 huo
711 361 804 423 quidem
818 375 859 426 ap-

53 435 125 492 paret,
137 429 212 493 primo
226 443 256 479 er
267 429 437 493 propinquitate
454 430 536 481 animae
558 431 643 481 Christi
657 433 684 481 ad
699 445 793 482 cansam
807 447 860 496 gra-

53 501 104 564 tiae3
115 502 200 552 dictum
211 506 246 551 εει
258 501 321 551 enim
334 502 395 565 quod
409 502 493 565 quanto
507 503 648 566 receptivum
662 502 811 566 propinquius
822 510 858 556 est

54 585 126 623 cansa
149 572 269 633 intuenti,
290 573 353 624 tanto
371 573 524 624 abundantiis
546 575 635 638 recipit.
658 575 688 624 Et
709 575 760 625 ideo
782 576 860 628 anima

54 644 138 694 Christi
146 659 198 707 quae
211 644 361 708 propinquius
370 647 518 709 conjungitur
528 648 573 697 Deo
581 647 641 698 inter
651 660 731 698 omnes
740 652 861 700 creaturas

54 717 190 777 rationales,
202 717 323 766 maximam
335 718 415 781 recipit
424 718 566 768 influentiam
576 719 654 781 gratiae
668 718 728 782 ejus.
742 718 859 780 Secundo,

56 800 84 837 er
98 789 268 852 comparatione
278 789 329 850 ejus
343 789 372 838 ad
386 789 509 852 effectum;
526 789 559 840 sio
570 789 632 840 enim
648 789 770 852 recipiebat
784 789 860 840 anima

57 860 136 910 Christi
144 861 252 924 gratiam,
262 863 288 908 ut
297 873 327 908 er
340 874 367 910 ea
377 861 543 924 quodammodo
551 862 744 912 transfunderetur
754 863 779 912 in
790 862 856 914 alios.

57 931 85 980 nt
97 931 148 981 ideo
163 932 265 994 oportuit
277 931 338 993 quod
354 933 448 982 haberet
461 933 582 982 maximam
596 933 701 996 gratiam,
716 933 777 982 sieut
790 934 859 997 ignis,

56 1004 94 1065 qui
108 1009 144 1052 est
159 1015 229 1052 eausa
240 1002 322 1052 satoris
334 1002 359 1051 in
373 1004 478 1054 omnibus
492 1004 586 1065 calidis,
602 1006 636 1052 est
648 1003 746 1053 marimo
761 1005 857 1055 calidus.

55 1074 165 1124 Similiter
175 1073 245 1124 etiam
259 1078 368 1136 quantum
378 1075 407 1124 ad
419 1073 527 1124 uirtutem
545 1075 623 1137 gratiae
635 1074 702 1137 pleno
714 1075 794 1124 habuit
809 1088 860 1136 gra·

56 1145 128 1207 tiam,
139 1147 192 1210 qnia
205 1147 287 1196 habuit
301 1160 351 1196 eam
363 1147 392 1196 ao
402 1160 482 1196 omnes
495 1146 639 1210 operationes
652 1147 690 1195 ref
701 1145 797 1196 effeetus
809 1161 861 1209 gra-

56 1217 111 1279 tiae3
126 1217 279 1278 etheriano,
294 1217 347 1280 naria
361 1218 519 1268 conferebatur
529 1216 551 1267 ei
565 1216 636 1279 gratia
649 1225 756 1279 tanquam
771 1217 863 1268 cuidam

57 1288 179 1338 universati
187 1287 302 1352 principio
312 1289 426 1350 ingruere
438 1287 570 1338 habentium
579 1285 685 1349 gratiam.
695 1287 772 1338 Virtus
784 1292 862 1338 autem

57 1359 123 1422 primi
140 1359 250 1422 principii
264 1359 361 1423 alicujus
379 1359 470 1422 generis
490 1359 649 1410 uniuersaliter
665 1372 689 1408 εε
706 1361 812 1410 extendit
834 1361 863 1412 ad

57 1444 135 1482 omnes
153 1431 251 1480 effeetus
272 1431 333 1480 iliius
351 1431 458 1494 generis,
472 1431 531 1480 siout
552 1430 601 1489 soi,
615 1429 655 1492 qui
669 1433 704 1478 est
723 1431 863 1482 universatis

56 1515 123 1552 eausa
133 1503 289 1567 generationis
299 1505 334 1566 (ut
342 1503 464 1567 Dionysius
473 1503 582 1563 dicitltf.
594 1503 689 1564 oapDe
699 1501 752 1550 dio.
762 1503 862 1565 Nono),

58 1576 106 1638 ejus
119 1575 195 1624 uirtus
205 1587 230 1624 εε
240 1575 342 1623 extendit
355 1575 384 1624 ad
398 1575 475 1625 omnia
489 1587 539 1637 qun
555 1573 597 1624 sub
613 1571 760 1636 generatione
770 1574 863 1624 eadunt.

58 1645 85 1694 Et
93 1645 127 1695 sio
139 1645 240 1695 secunda
250 1644 369 1707 plenitudo
377 1644 456 1707 gratiae
467 1644 592 1695 attenditur
605 1644 630 1693 in
644 1642 747 1702 Christo,
760 1642 866 1706 inquan-

56 1722 104 1766 tum
124 1730 151 1767 se
167 1716 272 1766 extendit
290 1717 341 1779 ejus
361 1718 435 1779 gratia
452 1719 480 1767 ad
505 1729 584 1766 omnes
602 1715 679 1778 gratia
701 1715 811 1777 effectus,
824 1715 865 1780 qni

58 1792 110 1838 snnt
120 1789 219 1837 uirtutes
230 1791 253 1838 et
268 1789 341 1850 dona,
355 1791 380 1838 et
391 1788 437 1838 alia
449 1787 588 1851 hujusmodi.

87 1861 122 1910 no
139 1859 239 1923 primum
254 1872 307 1922 ergo
328 1859 465 1921 dicendum,
480 1857 542 1922 quod
560 1858 617 1908 fides
634 1862 657 1908 et
672 1871 726 1921 spes
745 1859 865 1910 nominant

56 1930 152 1980 effoetus
165 1930 243 1992 gratiae
262 1945 315 1980 num
333 1931 431 1994 quodam
449 1930 554 1992 defectu,
575 1928 614 1992 qui
629 1934 664 1979 est
678 1943 707 1978 en
725 1933 789 1992 parte
803 1929 863 1980 reoi-

56 2001 142 2066 pientis
155 2002 264 2064 gratiam,
278 2001 303 2050 in
317 2007 428 2064 quantum
441 2001 528 2052 seilicet
538 2001 595 2052 fides
608 2004 643 2050 εει
654 2003 682 2050 de
696 2014 742 2050 narn
752 2001 821 2061 visis,
836 2003 861 2052 ot

58 2087 112 2137 spes
126 2074 155 2123 de
176 2087 222 2122 non
238 2073 328 2123 habitis.
346 2074 410 2123 Unde
428 2086 475 2122 nou
488 2075 579 2136 oportet
592 2069 653 2134 qnod
668 2071 691 2120 in
707 2069 864 2133 corrinnei

58 2149 93 2195 est
112 2148 192 2193 auctor
209 2145 305 2208 gratia,
319 2144 403 2194 fuerint
424 2144 528 2194 defectus
547 2156 605 2206 quos
623 2141 747 2206 important
766 2142 823 2192 fides
839 2144 864 2192 nt

57 2229 126 2280 spes;
142 2216 183 2265 sed
196 2215 307 2278 quidquid
320 2222 356 2266 est
366 2214 514 2278 perfeetionis
527 2214 552 2263 in
571 2213 615 2264 fide
629 2219 652 2264 ει
670 2227 720 2278 spe,
734 2214 758 2262 in
771 2213 862 2264 Christo

58 2291 94 2337 est
111 2287 185 2336 multo
199 2287 330 2350 perfectius.
344 2287 407 2338 Siout
420 2287 445 2336 in
459 2285 513 2349 igne
527 2299 574 2334 non
588 2289 641 2336 sunt
655 2298 735 2336 omnes
751 2284 813 2336 modi
826 2297 864 2334 oa-

59 2359 114 2408 foris
129 2357 235 2408 defectivi
249 2371 278 2407 er
296 2359 388 2408 defectu
405 2357 519 2421 subjecti,
534 2358 575 2408 sed
592 2356 701 2420 quioquid
720 2356 820 2418 pertinet
837 2355 867 2405 ad

62 2429 230 2494 perfectionem
246 2429 337 2479 caloris.

91 2502 126 2550 Ad
141 2501 266 2550 seeundum
278 2501 397 2552 dicendum
403 2538 412 2564 ‚
423 2500 484 2565 qnod
495 2500 627 2562 engratiam
638 2501 771 2562 operantem
784 2513 825 2562 per
836 2512 862 2550 εε

59 2573 161 2638 pertinet
177 2574 252 2622 faeere
261 2573 363 2637 justum3
377 2574 416 2623 seri
431 2572 492 2636 quod
504 2573 593 2636 justum
607 2572 675 2622 faeiat
688 2571 807 2635 nampio,
821 2573 865 2621 hoc

59 2645 145 2694 aoeidit
159 2643 181 2694 ei
193 2658 222 2694 ex
236 2650 301 2708 parta
310 2644 407 2710 subjecti
420 2643 446 2694 in
458 2658 504 2708 qno
519 2647 635 2709 peccatum
646 2643 771 2694 inuenitur.
783 2643 866 2692 Anima

61 2809 102 2853 qu.
116 2796 140 2853 1,
153 2803 197 2842 art.
210 2799 240 2850 23
255 2805 279 2843 et
290 2798 343 2843 diat.
354 2797 393 2855 15,
401 2809 441 2854 qu.
454 2796 478 2852 1,
487 2802 531 2841 art.
544 2797 568 2854 a,
582 2797 610 2841 ad
621 2795 651 2850 5;
665 2802 689 2842 et
704 2797 806 2853 Opere„
816 2795 861 2852 111,

59 2859 187 2916 eamme
203 2866 229 2906 et
240 2862 341 2920 Opone„
354 2861 406 2917 LX,
420 2858 500 2917 eap.3
514 2865 538 2904 ει
551 2871 603 2915 oap.
622 2860 646 2904 9.
