1917 3317
133 100 167 166 'rin
182 130 373 171 rnnrrnnnnmue
389 136 423 171 un
439 135 563 174 urrunnun
580 138 605 174 nr
621 138 734 175 cnnnro.
800 127 843 175 ιιι

59 205 91 252 td
108 206 201 255 tertium
220 206 358 270 dicendum,
372 208 431 273 qudd
453 212 514 262 siout
530 227 637 277 perrona
657 212 773 276 signifieat
791 214 847 277 quid

43 276 168 338 onpletum
178 283 203 327 et
213 290 256 341 per
269 291 295 327 se
306 279 435 331 subsistens
447 280 472 331 in
481 287 562 333 natura
573 284 693 344 rationali,
704 284 737 333 ita
750 283 843 347 typor-

41 348 104 403 nn'r,
117 349 288 411 suppositum
306 354 330 399 et
344 364 385 399 rer
400 356 503 401 noluere
518 354 555 418 (ι)
570 354 594 404 in
607 368 692 418 genere
708 355 845 404 substantiae

43 417 157 473 lenificant
177 420 289 482 quiddam
309 434 356 484 per,
368 435 394 473 se
413 424 549 475 subsistens.
568 426 650 489 Unde,
666 427 727 476 sicut
744 427 849 476 humanu

41 494 106 538 latura
124 503 173 539 non
190 496 229 541 est
242 505 286 553 per
302 506 328 542 se
344 507 443 557 persona
457 508 562 548 seorsum
575 496 589 546 d
601 510 701 561 perrona
720 496 773 546 Filii
787 496 844 559 liei,

58 561 141 611 uetiam
157 574 205 612 unu
223 567 264 611 est
276 576 318 625 per
336 578 361 614 no
375 566 522 629 hypostasis,
534 569 570 618 uel
583 568 741 632 suppositum.
757 568 795 616 vel
808 579 848 617 rer

56 640 119 682 turn.
138 634 169 683 Et
188 632 245 683 ideo
263 633 290 683 iu
308 646 379 685 seusu
398 636 424 686 in
444 651 490 700 quo
511 644 608 702 nugatur
624 640 693 690 ista:
710 640 845 695 comatur,

48 702 162 753 u'tendrim
184 705 259 769 quod
272 707 361 763 Ιιοιηο,
376 712 415 757 ert
431 724 555 773 peronaeo,
569 715 663 775 oportet
675 711 748 762 etiam
767 710 848 773 negari

50 776 181 827 nnesalias.

385 894 487 907 Q

288 1050 460 1119 dometio
479 1052 578 1116 xvii.

63 1186 90 1233 ssa
97 1190 289 1247 pertinentibus
302 1190 335 1236 ad
350 1194 470 1239 unitatem
484 1194 514 1237 ιιι
529 1191 629 1240 curtato
643 1196 765 1251 puratum
778 1190 812 1235 nd

214 1274 284 1312 erae,
299 1264 329 1307 ln
344 1263 406 1309 dune
424 1264 545 1309 articulos
558 1264 651 1309 diuina,

58 1405 133 1459 Deinde
146 1408 350 1459 considerandum
360 1414 397 1460 εει
410 1410 438 1461 de
450 1411 487 1461 hie
497 1424 548 1475 que
559 1409 677 1474 pertinent
688 1408 718 1458 ad
729 1407 844 1457 unitatem

48 1478 154 1543 inditore,
163 1480 192 1530 in
202 1482 342 1542 communi3
355 1494 408 1531 nanu
420 1483 449 1533 de
458 1482 555 1545 hisquae
564 1480 683 1546 pertinent
695 1479 724 1529 ad
736 1478 848 1527 unitatem

52 1547 62 1593 l
72 1549 227 1610 pluralitatem
243 1550 268 1600 in
280 1552 443 1615 aporiationis
456 1552 513 1605 loeis
522 1550 724 1603 determinandum
732 1553 778 1611 est3
788 1548 848 1599 deut

50 1619 90 1681 pul
103 1624 159 1685 [qu.
175 1622 211 1687 9)
227 1622 410 1677 determinatum
424 1624 532 1687 estquod
546 1625 570 1674 in
586 1623 681 1674 Christo
691 1634 740 1671 non
751 1623 788 1670 est
803 1631 849 1669 una

51 1691 106 1741 utimr
128 1693 250 1756 scientia,
267 1699 291 1743 ut
314 1694 375 1744 inlrd
391 1696 446 1759 (qu.
468 1695 517 1758 35)
531 1692 721 1745 determinabitur
742 1690 804 1755 quod
824 1689 848 1739 iu

55 1763 111 1815 rislo
120 1778 169 1815 non
182 1767 223 1815 est
240 1777 288 1813 una
302 1764 393 1815 tautum
406 1766 526 1833 nativitas.

57 1834 261 1887 Considerandum
278 1840 315 1887 est
332 1850 388 1900 ergo
402 1836 478 1900 prirud
491 1839 520 1887 de
531 1836 620 1887 unitate
632 1832 723 1885 Christi
735 1837 847 1897 quantum

50 1916 123 1971 :erm
134 1907 264 1970 secundi,
276 1911 390 1971 quantum
405 1910 434 1959 ad
443 1908 521 1972 uelle,·
533 1906 611 1969 tertio,
621 1909 733 1970 quantum
748 1904 778 1954 ad
786 1918 848 1967 ope·

49 1992 85 2027 nu,

58 2050 114 2101 tirou
131 2052 241 2115 primum
256 2054 393 2114 queruntur
403 2052 449 2105 duo
460 2066 466 2100 z
477 2054 505 2100 ιι
515 2048 595 2101 Utrum
606 2047 714 2097 Christus
723 2045 755 2095 sit
766 2056 846 2095 unum

49 2120 62 2165 .l
73 2123 125 2173 duo.
140 2126 170 2171 2⁰
185 2120 274 2173 Utrum
288 2120 313 2171 in
327 2120 427 2175 Christo
434 2122 465 2171 sit
476 2120 565 2171 tantdm
579 2132 651 2169 unum
662 2131 723 2167 eree.

61 2270 87 2327 lli
100 2276 128 2319 tit
140 2288 172 2323 ex
190 2275 306 2332 professo
320 2275 341 2319 1.
353 2279 426 2332 part,
441 2286 483 2329 qu.
496 2272 542 2331 29,
557 2277 602 2318 art.
611 2271 643 2332 tl,
658 2269 800 2327 explicatum
812 2270 849 2310 eet

49 2336 196 2394 tiniarum,
217 2338 262 2383 ubi
276 2336 428 2395 suppositum
444 2336 529 2382 dieitur
539 2346 593 2381 enee
605 2346 645 2379 ree
658 2336 758 2379 moero
768 2362 779 2380 ,
792 2327 847 2385 qula

50 2402 134 2445 immuni
148 2400 226 2447 atteui
241 2406 335 2445 naturm
350 2398 501 2455 supponitur.
