1917 3317
172 155 196 193 ns
209 156 243 197 sus
257 160 312 207 oum
327 163 460 202 rmrruunr
477 164 511 202 ιιι
526 163 672 203 nunrurosos.
767 158 815 206 tas

67 227 215 307 ostentabiliter
229 239 369 302 mendicant,
384 240 443 290 sicut
458 245 483 290 et
496 240 541 291 alia
554 245 698 293 assumuntur
717 258 768 309 que
787 247 818 298 ad

67 299 176 377 absolonem
191 309 305 371 qnamdam
320 311 451 374 pertinent,
469 312 534 376 quasi
551 314 729 365 efficacissimam
744 317 818 367 medi-

67 382 117 451 tunn
128 381 187 428 contra
205 381 347 446 superbiam,
363 397 431 446 quam
447 385 485 435 uel
503 385 527 434 in
542 385 638 448 scipsis,
654 386 691 436 sel
711 388 779 438 etiam
793 389 818 439 in

64 441 99 493 tiu
108 459 138 508 per
148 453 276 516 exemplum,
291 453 424 518 extinguere
439 457 526 506 uolunt.
544 457 607 508 Sicut
620 459 683 507 enirn
695 459 817 511 infirmitas

62 528 97 575 qus
107 522 133 568 cst
144 535 167 570 er
178 537 337 588 superexcessu
352 527 445 591 caloris,
461 528 615 580 efficacissime
635 535 726 580 sanatur
738 546 818 596 perca

62 590 124 648 suain
136 592 240 658 frigiditate
254 599 381 663 excedunt3
397 601 430 650 ita
446 601 515 650 etiarn
528 601 630 664 pronitas
644 602 672 652 ad
689 605 817 667 superbiam

60 660 177 736 efficacissime
191 674 281 719 curatur
292 683 334 733 per
345 683 372 721 ea
386 685 437 734 qnae
450 673 546 723 multum
560 673 650 736 abjecta
663 673 776 725 uidentur.
790 676 818 726 st

60 732 97 779 ideo
107 734 168 787 dicitnr
178 739 199 789 in
209 741 310 792 Decretis
319 743 356 791 De
367 745 508 806 poenitent„
519 745 581 793 diat.
593 745 623 794 ll.
639 745 707 808 (cap.
719 747 749 795 Si
758 749 818 811 quis

57 805 118 881 torel,
129 821 152 858 er
161 811 238 863 Basilio
251 811 276 861 iu
290 814 382 876 Regulis
395 809 551 878 breuioribus]
566 829 572 863 ι
587 831 601 862 u
610 815 722 865 Exercitia
736 817 819 867 bunri-

54 874 105 926 luatis
115 885 158 931 sunl
173 883 191 932 si
205 884 258 946 quis
277 899 302 934 sc
315 885 432 935 vilioribus
446 885 527 936 olllciis
541 886 622 936 subdat
641 890 664 936 et
684 888 819 940 ministeriis

52 945 181 1011 indignioribus
194 958 277 1018 tradat3
288 956 321 1006 ita
333 969 429 1022 namque
441 957 570 1020 arrogantia
583 961 606 1008 et
619 960 726 1010 humanae
740 961 819 1023 glorie

48 1020 110 1070 uitium
122 1028 184 1077 curari
195 1028 289 1093 poterit.
303 1030 393 1078 »Unde
405 1030 558 1094 Hieronymus
569 1030 593 1079 in
606 1031 679 1094 Epist.
694 1031 730 1080 od
745 1033 820 1082 Ocea·

49 1103 107 1144 return,
119 1101 249 1150 commendat
265 1100 382 1150 Fabiolam
397 1101 425 1150 de
441 1102 486 1149 boc
500 1101 560 1163 quod
574 1103 666 1164 optabat
678 1106 703 1150 nt
721 1103 770 1162 suis
785 1104 818 1153 di-

48 1162 94 1214 uitiis
106 1168 176 1229 pariter
184 1171 263 1222 effusis
277 1186 319 1237 pro
335 1171 425 1222 Christo
436 1172 519 1236 stipem
534 1172 662 1237 acciperet3
673 1175 733 1237 quod
748 1175 818 1225 etiam

47 1233 108 1286 beatus
122 1241 205 1292 blesim
219 1243 331 1306 perfecit,
347 1243 386 1304 qui
406 1244 512 1292 omnibus
527 1244 574 1293 suis
590 1249 683 1308 propter
704 1245 820 1295 Christum

49 1306 134 1372 diutinis,
150 1315 261 1376 gaudebat
280 1328 304 1365 sc
320 1314 390 1365 etiarn
404 1313 501 1364 bservis
514 1315 563 1364 suis
576 1316 734 1381 eleemosynas
748 1330 820 1367 acce-
872 1335 881 1350 ·

48 1376 100 1432 tiss.
112 1382 134 1432 tt
144 1384 168 1435 de
177 1386 202 1435 B.
220 1385 321 1436 Arsenio
334 1385 417 1448 legitur
431 1385 455 1435 in
469 1385 528 1436 Vitis
540 1388 644 1450 Petrum,
659 1388 719 1450 quod
734 1387 819 1451 gratias

49 1449 82 1507 mit
89 1453 109 1502 de
116 1456 215 1520 bocqnod
224 1458 364 1509 necessitate
373 1461 467 1520 cogente
478 1458 578 1522 oportuit
586 1473 638 1509 eum
646 1460 816 1523 eleemosynam

51 1524 113 1578 lutere.
123 1527 178 1580 llnde
191 1533 214 1580 et
225 1530 252 1580 in
264 1529 424 1594 poenitentinm
438 1543 479 1594 pro
489 1528 596 1593 grauibus
607 1531 679 1594 culpis
691 1531 820 1595 injungitur

48 1591 145 1659 ¹liquibus,
155 1603 179 1649 ut
195 1599 374 1665 peregrinentur
387 1601 553 1650 mendicantes.
571 1600 615 1650 Sed
630 1601 683 1663 quia
700 1602 817 1652 humilitas

44 1662 92 1736 sicut
103 1671 122 1716 et
136 1676 217 1724 cetere
230 1673 343 1733 uirtutes,
359 1672 443 1734 absque
457 1671 595 1722 discretione
611 1684 661 1721 esse
677 1685 721 1721 nun
735 1672 803 1722 debet
811 1709 817 1735 ,

38 1731 79 1784 rico
87 1743 162 1802 oportet
175 1743 274 1794 discrete
283 1743 453 1793 mendicitatem
464 1745 491 1792 ad
505 1742 685 1811 humiliationem
695 1756 818 1807 assumere,

39 1811 56 1851 n
67 1822 89 1857 er
105 1813 141 1864 boc
159 1817 228 1867 bomo
240 1819 321 1867 notam
342 1813 473 1878 cupiditatis
493 1828 539 1864 non
556 1813 671 1876 incurrat,
682 1816 720 1864 rel
740 1815 820 1878 cujus-

39 1888 114 1942 cunque
124 1885 211 1938 alterius
221 1886 358 1938 indecentis.
367 1884 418 1936 lilio
431 1886 497 1936 modo
511 1889 587 1949 potest
597 1884 736 1935 considerari
748 1899 814 1936 men·

41 1949 52 1996 .1
60 1953 99 2003 itas
110 1965 210 2024 exparte
225 1961 277 2025 ejus
286 1959 348 2022 quod
359 1955 411 2022 quis
421 1957 571 2006 mendicando
582 1957 691 2020 acquirit;
706 1959 729 2007 et
744 1957 777 2006 sic
792 1958 820 2007 acl

45 2027 182 2082 :inridicandum
198 2036 276 2098 potest
290 2035 360 2082 borno
377 2043 406 2101 ex
419 2029 506 2079 duobus
520 2028 597 2078 induci
611 2044 618 2078 ι
636 2042 683 2077 uno
696 2029 773 2092 modo,
790 2043 820 2080 ex

56 2099 139 2158 ¹uilitate
157 2105 256 2156 labendi
275 2102 383 2165 divitias,
395 2101 433 2150 uel
446 2101 535 2150 rictum
548 2099 634 2162 otiose,
646 2104 670 2150 et
682 2101 735 2150 talis
753 2114 819 2150 men-

58 2173 98 2220 das
117 2181 148 2225 est
162 2177 261 2236 illicita;
276 2175 321 2226 alio
336 2175 403 2224 modo
422 2187 451 2222 es
465 2172 602 2222 necessitate
615 2173 776 2236 rotunditate,
790 2187 819 2223 ex

46 2246 150 2298 crassitate
159 2250 264 2312 quidem,
275 2248 335 2298 sicut
345 2258 397 2295 cunr
409 2243 492 2306 aliquis
499 2257 544 2294 non
552 2246 628 2307 potest
636 2243 727 2294 aliunde
737 2245 821 2295 babere

57 2311 85 2359 ile
94 2317 162 2382 uiuat,
173 2319 222 2371 nisi
237 2319 366 2380 mendicet3
384 2331 413 2367 ex
426 2316 524 2366 utilitate
536 2319 625 2379 autem,
638 2316 697 2365 sicut
715 2329 768 2365 cum
780 2316 822 2365 ali-

48 2393 83 2436 „rn
93 2386 176 2440 intrudit
185 2392 215 2441 ad
231 2389 318 2452 aliquid
331 2387 387 2438 utile
396 2385 573 2451 perficiendum,
588 2387 649 2449 qnod
659 2385 708 2436 sine
723 2388 822 2437 eleemo-

50 2453 95 2499 sinis
104 2459 189 2512 bdelium
210 2463 290 2512 tacere
304 2472 352 2510 non
365 2461 458 2523 potest3
474 2457 534 2508 sicut
549 2461 658 2521 petuntur
670 2459 820 2522 eleemosyna

47 2534 77 2569 nra
87 2537 236 2585 rursmcrione
245 2531 333 2597 pontis,
344 2532 382 2582 rel
393 2529 513 2590 ecclesiae,
524 2529 561 2578 vel
574 2528 754 2592 quibuscumque
768 2529 819 2579 aliis

52 2597 134 2664 attritus,
146 2621 196 2670 quae
211 2607 312 2668 vergunt
322 2603 347 2652 in
367 2601 489 2652 utilitatem
502 2613 659 2664 communem,
673 2601 733 2650 sicut
747 2601 822 2651 sebo—

44 2678 96 2728 *s'ffsi
108 2677 127 2723 ιι
138 2679 228 2740 possint
242 2687 325 2725 vacere
341 2672 418 2724 studio
432 2670 556 2734 sapientiae.
572 2671 600 2719 Et
614 2672 656 2720 boc
671 2673 737 2722 modo
754 2685 820 2722 men-

71 2745 103 2788 rme
116 2753 145 2796 est
157 2751 239 2812 licita,
251 2746 311 2797 sieut
324 2744 485 2807 saecularibus,
502 2743 534 2793 ita
548 2741 668 2806 religiosis.

74 2812 96 2855 lt
108 2817 191 2874 pnmnur
203 2833 261 2884 ergo
277 2818 413 2876 dicendum,
424 2815 485 2880 qubd
497 2815 641 2878 Augustinus
652 2815 734 2866 ibidem
747 2813 821 2878 loqui-

50 2884 76 2924 :ur
84 2891 164 2947 “ittet
177 2894 208 2946 de
223 2892 262 2944 bis
276 2889 316 2956 qui
332 2903 362 2943 ex
379 2886 506 2952 cupiditate
517 2883 655 2939 mendicant.
