1917 3317
174 164 206 203 nn
220 164 343 209 nascerer
358 164 455 219 omrem
469 167 504 209 nu
519 166 630 216 meros.
653 141 660 152 ’
756 159 804 212 tit

32 240 109 289 aratur
123 252 173 292 non
187 242 217 293 ad
233 242 368 298 descensum
380 244 467 295 cirini
479 246 507 295 ad
519 245 618 309 interos,
634 244 803 311 sedadopnra-

33 323 86 361 nem
95 310 227 366 diuinitatis
244 314 302 379 ejus,
313 328 381 380 quam
391 316 493 367 exercuit
506 316 520 367 t
535 316 647 382 principio
666 318 759 382 mundi;
775 322 802 370 nt

42 397 124 435 sensus
132 422 142 449 ,
151 384 212 449 qudd
225 384 284 437 ultis
298 386 370 451 quiin
381 402 470 439 carcero
482 390 583 440 conclusi
592 393 665 451 erant,
677 406 692 437 r>
700 389 805 441 virentes

33 454 89 505 licet
100 455 127 505 in
135 470 233 521 corpore
247 457 336 509 mortali
350 458 420 522 (quod
428 461 464 509 esi
477 458 542 523 quasi
553 459 645 523 quidam
658 473 735 512 carcer
748 461 804 512 ani-

33 529 68 588 e),
89 543 102 575 u
116 526 201 591 spiritu
214 540 262 579 sna
277 528 402 581 divinitatis
416 530 513 581 ueniens
525 530 666 595 predicavit,
684 547 698 579 r>
712 545 754 595 per
766 532 803 582 iu·

35 610 77 645 nas
89 597 263 663 inspirationes,
277 604 300 650 ei
313 599 382 651 etiam
396 600 520 651 exteriores
530 602 697 653 admonitiones
710 616 752 667 por
764 615 804 653 ora

33 674 121 719 lorum.
139 686 154 717 u
167 669 209 721 llis
227 670 349 734 (inquam)
369 672 503 735 predicavit
521 672 561 736 qui
581 672 692 723 increduli
710 674 805 723 luerunt

33 742 136 802 quaudo,
153 757 168 789 u
188 746 237 793 ltoe
251 742 338 793 scilicet
351 742 496 806 predicanti,
514 760 527 790 u
545 744 635 807 quando
651 745 804 808 expectabant

33 811 36 858 i
56 812 209 876 patientiam,
227 828 241 861 n
252 826 294 877 per
310 827 378 877 quarn
394 811 539 865 differebatur
552 827 619 879 poena
631 814 726 880 dilurii3
742 814 803 867 unda

33 882 73 931 ›dit
85 897 92 931 ι
106 898 120 929 u
129 883 156 933 ln
167 883 248 935 diebus
261 886 310 935 Noc
317 922 324 949 ,
335 898 386 935 cum
397 884 543 936 laboraretur
553 899 614 935 arca
629 903 643 933 o

32 952 62 1002 td
74 957 183 1017 quartum
199 954 331 1019 dicendum,
343 955 401 1019 qudd
410 956 474 1007 sinus
483 957 578 1007 threna
591 959 667 1021 potest
678 955 803 1008 somndlrm

33 1038 42 1072 :v
59 1023 203 1076 considerari
216 1040 223 1075 ε
237 1040 283 1078 uno
294 1026 370 1089 modo,
386 1027 511 1078 secundum
524 1026 637 1091 quietem,
650 1040 700 1090 qnae
712 1027 745 1077 ibi
755 1030 804 1077 erat

33 1109 92 1145 rena
113 1096 231 1161 sensibili3
248 1102 271 1149 et
289 1098 400 1162 quantium
412 1100 440 1149 ed
453 1100 499 1151 lruc
508 1136 517 1162 ,
535 1111 580 1149 non
594 1098 704 1163 competit
721 1098 744 1147 ci
759 1110 803 1148 nec

33 1182 81 1218 nen
95 1170 199 1229 inferni,
211 1182 254 1221 nec
269 1175 323 1221 eunt
336 1170 368 1221 ihi
380 1170 450 1235 aliqui
460 1171 558 1224 dolores.
574 1170 624 1221 llio
637 1170 714 1233 modo,
727 1173 805 1233 potest

33 1240 140 1291 isiderari
158 1245 269 1305 quantum
283 1243 310 1293 ud
323 1242 475 1311 privationem
494 1242 571 1307 qloriae
592 1245 714 1305 separate,
730 1245 753 1292 et
768 1254 805 1291 se-

33 1311 96 1362 rdium
117 1312 178 1375 hoc,
190 1315 260 1365 habet
272 1314 383 1365 rationem
395 1314 479 1367 inferni
492 1319 515 1365 et
528 1315 620 1366 doloris.
632 1314 663 1363 lit
680 1313 732 1364 ideo
744 1326 805 1364 nunc

35 1384 78 1433 itur
90 1380 161 1435 sinus
177 1385 271 1437 Abrahae
282 1386 321 1436 illa
332 1386 557 1450 requiescendum,
568 1398 615 1436 nou
630 1389 709 1434 tamen
722 1381 805 1433 dicitur

32 1468 102 1506 ernas
108 1492 119 1519 ,
138 1468 183 1506 nec
194 1456 300 1507 donatur
313 1469 375 1507 nunc
397 1458 422 1507 in
435 1457 488 1507 sinu
500 1455 595 1507 abrahe
608 1469 658 1505 esse
674 1455 772 1505 dolores.

33 1528 60 1577 ld
76 1526 187 1591 quintum
202 1528 338 1590 dicendum,
353 1528 429 1592 qudd,
443 1528 502 1579 sicut
514 1527 634 1591 Gregorius
645 1526 731 1578 ibidem
739 1523 803 1588 dicit,

33 1600 110 1651 aloca
125 1599 244 1663 superiora
254 1599 336 1651 inferni
348 1616 362 1648 u
372 1600 573 1664 profundissimum
581 1598 695 1649 internum
704 1614 718 1645 »
728 1600 804 1659 rocat3

33 1671 40 1718 i
55 1672 129 1735 enim,
145 1670 256 1735 quentin
272 1672 301 1721 ad
310 1670 469 1723 celsitudinem
482 1671 550 1734 omli,
562 1684 600 1721 aer
611 1669 655 1721 iste
666 1668 803 1732 caliginosus

32 1756 100 1793 ernus
121 1746 173 1806 est,
189 1746 300 1805 quantum
316 1744 345 1793 ad
358 1743 463 1807 ejusdem
477 1744 537 1793 aeris
549 1741 706 1803 altitudinem,
726 1746 798 1801 terra,

33 1814 163 1867 uinferius
175 1814 251 1877 jacet,
268 1818 291 1864 et
304 1813 407 1865 internus
417 1813 515 1878 intelligi
529 1818 553 1864 et
563 1812 698 1875 protundum
713 1814 803 1876 poteot3

33 1884 109 1935 antium
124 1884 182 1937 rerd
196 1886 224 1935 ad
238 1886 340 1949 eiusdem
351 1890 417 1937 terra
437 1884 594 1946 altitudinem,
614 1888 638 1934 et
651 1883 701 1933 loca
713 1884 752 1933 illa
768 1885 804 1933 in·

33 1958 53 2005 ni
69 1970 124 2021 qnae
144 1956 264 2020 superiora
277 1960 330 2007 sunt
344 1956 395 2007 aliis
408 1957 557 2021 receptaculis
570 1953 666 2018 interni,
678 1956 724 2005 hoo
735 1955 803 2007 modo

33 2030 80 2078 erni
102 2026 281 2093 profundissimi
294 2028 445 2093 appellatione
460 2027 622 2093 significantur.
641 2043 655 2075 r
673 2026 729 2091 (lib.
742 2026 802 2089 llll,

33 2100 101 2157 aaut„
119 2112 174 2164 cap.
190 2099 239 2163 lt).

212 2262 214 2264 .
298 2208 457 2261 numeneus
471 2210 512 2261 lll.

144 2335 233 2383 darom
242 2334 434 2390 Chaminosuerit
450 2338 512 2380 lotoe
523 2334 663 2389 eutolmio.

32 2462 169 2515 intertium
185 2462 218 2511 sic
231 2460 369 2525 proceditur.
378 2460 471 2510 Videtur
484 2458 545 2523 qudd
559 2461 662 2511 Christus
677 2473 723 2511 non
734 2460 804 2511 tuerit

33 2536 89 2586 usin
103 2535 209 2585 interno.
220 2532 310 2595 Corpus
323 2531 384 2581 enim
394 2529 479 2581 Christi
490 2534 587 2594 estpars
599 2532 660 2596 ejus.
668 2532 713 2581 Sed
722 2543 804 2595 corpus

32 2608 83 2657 risti
98 2621 148 2661 non
170 2604 214 2655 luit
230 2604 254 2655 in
269 2602 370 2656 inferno.
387 2602 445 2666 llrgo
459 2606 521 2653 tolus
539 2602 643 2654 Christus
663 2615 710 2653 non
724 2604 768 2653 luit
779 2602 804 2654 in

35 2692 96 2729 erno.

32 2754 52 2799 l.
65 2753 198 2813 Preierea,
210 2747 268 2798 nillil
286 2746 352 2811 cujus
366 2748 441 2809 partes
459 2744 487 2796 ab
500 2744 601 2796 inuicem
614 2748 723 2809 separate
736 2750 803 2811 sunt,

32 2826 71 2872 lest
85 2822 135 2873 dici
154 2822 238 2872 totum.
253 2818 297 2869 Sed
307 2830 389 2881 eorpus
400 2821 423 2867 et
436 2818 526 2878 anima,
540 2828 590 2881 qua
601 2820 654 2867 sunt
666 2820 744 2881 partes
759 2818 803 2867 hu·

33 2907 71 2946 ne
86 2898 178 2945 nature
187 2930 194 2957 ,
202 2892 295 2943 luerunt
305 2891 333 2943 atr
343 2888 442 2944 invicem
455 2894 567 2954 separatae
575 2924 582 2952 ,
591 2893 643 2953 pmt
656 2890 765 2955 mortem,
778 2892 805 2941 nt
