1917 3317
514 106 609 156 278
912 115 1034 154 uus
1065 117 1148 166 m,
1181 115 1372 161 ousss'r.
1400 116 1486 167 ιιι,
1513 113 1624 154 aar.
1658 115 1728 155 vi.

516 191 836 245 transferretur
853 229 868 253 ,
881 192 1009 243 nulla
1031 195 1301 256 sequeretur
1319 191 1528 242 confusio
1549 191 1798 243 divinarum
1813 200 1917 255 pers

594 266 662 315 Ad
689 263 940 314 seeundum
965 265 1233 324 dicendum,
1262 263 1384 327 quod
1411 264 1568 314 filiatio
1593 264 1800 329 adoptiva
1830 267 1904 315 est

501 336 799 401 ⁷partit-,ipata
830 336 1079 386 similitudo
1100 336 1337 385 filiationis
1363 336 1603 386 naturalis.
1633 336 1724 387 Sed
1750 336 1801 385 fit
1821 335 1873 384 in
1894 348 1917 383 n

519 406 756 472 propriate
782 407 809 456 a
837 409 969 459 Patre
988 447 1000 468 ‚
1027 407 1109 471 qui
1134 410 1204 457 est
1234 406 1509 471 principium
1541 406 1766 457 naturalis
1796 406 1917 457 filiati

522 493 607 543 per
650 480 818 529 donum
854 479 1051 542 Spiritus
1081 478 1259 541 sancti,
1287 479 1367 543 qui
1402 482 1472 529 est
1502 492 1627 529 amor
1665 478 1811 533 Patris
1835 479 1917 529 etl

525 550 726 600 cundum
757 551 866 601 illud
896 551 1092 607 Galat„
1122 552 1178 600 lv
1219 567 1230 599 :
1263 568 1291 598 c<
1323 551 1445 600 Misit
1465 552 1582 601 Deus
1609 549 1834 615 Spiritum
1858 551 1917 600 Fi]

527 624 664 674 corda
692 628 847 673 nostra
871 624 1144 673 clamantem
1161 661 1178 685 ‚
1210 624 1362 686 Abba,
1392 624 1546 674 Pater.
1574 640 1602 671 ι)
1633 625 1694 673 Et
1727 623 1858 687 ideo,
1886 623 1917 673 si

473 747 481 756 ,
532 696 771 746 incarnato
809 696 1070 758 adoptivam
1107 696 1369 747 filiationem
1404 696 1661 760 accepimus
1691 698 1747 746 ad
1792 696 1916 747 simil

531 766 764 817 filiationis
798 768 1017 817 naturalis
1042 767 1162 831 eJ‘us,
1185 769 1249 817 ita
1266 770 1396 817 Patre
1419 766 1656 818 incarnato
1681 768 1917 832 adoptivar

533 850 641 887 nem
669 838 976 903 reciperemus
998 839 1054 889 ab
1073 853 1146 903 eo,
1167 844 1383 902 tanquam
1413 838 1440 889 a
1461 838 1689 903 principio
1714 839 1915 890 naturali

534 910 627 971 nis„
656 915 702 962 et
731 911 758 961 a
785 911 957 976 Spiritu
983 916 1166 974 sancto,
1193 918 1409 975 tanquam
1443 910 1471 962 a
1497 925 1622 962 nexu
1653 912 1891 962 communi

537 980 666 1033 Filii.

603 1054 673 1104 Ad
704 1055 888 1105 tertium
922 1055 1162 1105 dicendum
1183 1093 1196 1117 ,
1229 1054 1347 1118 quod
1385 1054 1511 1105 Patri
1555 1056 1773 1106 convenit
1805 1070 1914 1108 esse

538 1126 677 1178 bilem
713 1125 963 1176 seeundum
998 1128 1284 1176 nativitatem
1320 1130 1563 1190 aeternam3
1597 1128 1722 1190 quod
1761 1141 1859 1179 non
1903 1143 1917 1179 ι

542 1199 763 1249 nativitas
798 1199 1080 1263 temporalis.
1109 1198 1228 1249 Mitti
1249 1202 1400 1249 autem
1429 1198 1592 1249 dieitur
1616 1199 1767 1250 Filius
1796 1202 1880 1251 Dei
1909 1217 1917 1251 ε

538 1268 926 1333 incarnationem,
956 1284 1014 1321 eo
1041 1269 1162 1335 quod
1192 1274 1262 1320 est
1291 1270 1347 1320 ab
1369 1270 1456 1321 alio
1478 1309 1492 1334 ,
1519 1270 1618 1322 sine
1646 1284 1740 1336 quo
1768 1274 1917 1324 lucari

541 1340 773 1393 sufficeret
797 1342 850 1393 ad
871 1342 1097 1394 rationem
1117 1342 1368 1394 missionis.

1132 1521 1451 1573 ARTICULUS
1477 1521 1558 1573 vl.

606 1650 781 1695 Utrum
815 1649 983 1705 plures
1013 1659 1221 1703 personoe
1251 1647 1424 1691 divinoe
1463 1647 1642 1701 possint
1673 1660 1917 1696 assumere

968 1722 1170 1755 numero
1186 1713 1417 1754 naturam
1443 1710 1726 1757 humanam.

610 1840 679 1889 Ad
720 1842 899 1889 sextum
933 1838 1000 1887 sic
1031 1836 1290 1902 proceditur
1312 1836 1402 1901 (1).
1428 1836 1617 1888 Videtur
1649 1837 1773 1897 quod
1811 1840 1917 1893 duae

546 1912 713 1963 divinae
750 1924 842 1961 non
867 1910 1052 1975 possint
1078 1922 1308 1960 assumere
1334 1922 1470 1958 unam
1497 1912 1545 1960 et
1569 1910 1778 1960 eamdem
1808 1926 1917 1963 num

545 1998 660 2046 ram.
691 1984 785 2033 Hoc
808 1982 927 2033 enim
948 1982 1202 2046 supposito,
1221 1984 1300 2030 aut
1317 1983 1472 2031 esseut
1491 1994 1610 2030 unus
1626 1982 1767 2033 homo
1790 1986 1870 2034 vel
1888 2000 1917 2050 p

551 2069 643 2107 non
668 2054 878 2119 plures;
896 2053 1154 2104 sicutenim
1181 2066 1272 2101 una
1291 2056 1452 2102 natura
1469 2051 1626 2102 divina
1645 2052 1696 2102 in
1722 2058 1915 2117 per-soni

549 2140 643 2178 non
673 2127 847 2191 patitur
875 2139 979 2175 esse
1008 2125 1160 2189 plures
1197 2125 1313 2174 Deos
1330 2162 1343 2184 ,
1373 2124 1436 2173 ita
1457 2136 1548 2173 una
1567 2127 1732 2173 natura
1751 2126 1917 2177 humar

546 2198 676 2249 ribus
693 2197 897 2262 personis
926 2210 1019 2248 non
1040 2197 1208 2260 patitur
1225 2208 1326 2245 esse
1345 2196 1496 2260 plures
1515 2195 1742 2247 homines,
1766 2197 1917 2248 Simili

546 2283 643 2320 non
676 2274 869 2335 possunt
892 2282 994 2320 esse
1027 2283 1155 2318 unus
1169 2267 1333 2323 homo,
1353 2268 1459 2331 quia
1487 2282 1618 2317 unus
1635 2267 1780 2318 homo
1810 2274 1887 2321 est
1916 2316 1917 2320 ,

547 2343 630 2407 qui
672 2344 953 2394 demonstrat
992 2354 1130 2391 unam
1165 2352 1438 2405 personam3
1468 2343 1515 2390 et
1556 2340 1624 2389 sic
1657 2340 1901 2392 tolleretur

541 2414 679 2464 trium
703 2427 1000 2478 personarum
1015 2412 1274 2462 divinarum
1299 2427 1311 2461 :
1334 2413 1453 2475 quod
1471 2414 1540 2462 est
1556 2411 1912 2464 inconveniens.

551 2486 651 2536 duae
678 2488 758 2536 aut
797 2490 893 2535 tres
926 2497 1134 2549 personae
1165 2488 1358 2547 possunt
1399 2483 1606 2547 accipere
1650 2497 1794 2533 unam
1832 2490 1914 2536 nat

544 2570 751 2608 matiam.

610 2634 660 2679 2.
691 2630 934 2690 Praeterea,
967 2627 1222 2691 assumptio
1250 2626 1515 2677 terminatur
1537 2628 1594 2677 ad
1611 2628 1834 2679 unitatem
1863 2642 1917 2694 pe

548 2702 720 2753 dietum
742 2704 830 2754 est.
862 2702 955 2752 Sed
977 2714 1070 2751 non
1097 2702 1170 2750 est
1199 2711 1291 2749 una
1316 2713 1510 2764 persona
1532 2698 1680 2749 Patris
1707 2703 1755 2749 et
1773 2699 1888 2750 Filii
1912 2721 1917 2745 ‹

618 2857 680 2921 (ι)
712 2860 778 2905 ne
797 2858 870 2905 his
888 2858 1029 2905 etiam
1049 2855 1136 2913 111,
1158 2852 1319 2904 som„
1345 2816 1454 2902 dist.
1475 2855 1526 2915 s,
1557 2868 1638 2913 qu.
1660 2856 1711 2916 s,
1741 2830 1910 2902 artsst.
