1917 3317
233 220 265 256 ns
280 218 487 259 arnumrarrona
502 222 607 261 caemar.
775 212 821 263 sot
917 198 918 201 ¹

41 293 115 353 arando
126 293 163 343 tex
172 294 214 343 bei
229 294 272 345 sub
286 300 398 359 potestate
409 296 470 359 regis
486 296 559 360 iniqui
574 298 707 362 tenebatur,
722 298 824 351 nascitur
917 340 918 343 ,

42 365 137 427 bustis,
147 366 201 430 quia
215 380 296 430 magna
310 372 335 417 et
349 369 496 433 desperabilis
506 370 625 421 iufirmitas
640 371 753 422 modicam
768 370 824 422 arti·
917 400 918 405 κ

42 435 154 486 :circatorem
168 438 296 500 querebat.
311 456 326 486 u

58 507 90 555 id
101 510 187 557 tertium
201 509 337 569 dicendum,
348 509 408 574 quid
422 510 483 561 sieut
497 512 579 564 dicitur
594 513 617 563 in
631 513 672 563 lib.
687 515 726 563 De
742 526 823 579 quma·
917 474 918 501 F

42 579 88 652 fon.
102 581 190 629 ceteris
208 584 233 629 et
250 582 308 629 noui
330 582 437 631 Testem.
452 583 501 647 (qu.
516 588 553 640 ab.
569 584 630 635 inter
649 598 718 649 opera
735 588 825 647 bagua·

41 648 82 708 mi,
96 653 147 700 tom.
169 651 199 700 tv
210 650 232 714 ),
251 654 306 701 tuno
321 653 427 704 Christus
441 655 505 704 nasei
521 654 609 719 voluit,
621 657 712 720 quando
726 655 765 705 tux
778 654 825 707 disi

42 727 158 772 :cruentum
171 724 254 787 incipit
264 723 378 788 accipere,
392 730 417 775 ut
427 728 583 777 ostenderetur
593 728 653 791 qudd
663 729 714 791 ipse
729 730 824 779 venenat

44 795 50 837 t
70 792 170 843 homines
186 801 317 845 crescerent
334 796 358 845 in
382 798 455 847 lucem
480 798 600 861 divinam,
621 798 747 851 secundirm
765 798 823 851 iliud

42 865 123 923 .aa,1:
140 865 342 916 «dilaminarebis
355 868 394 930 qui
411 868 552 919 intenebris
570 874 594 921 et
609 870 633 921 in
649 872 726 921 umbra
745 870 824 921 mortis

42 936 108 985 idem.
122 952 136 984 n
152 937 264 988 Similiter
281 938 350 989 etiam
370 931 515 1005 asperitatem
530 942 619 1006 hyemis
633 943 702 1006 elegit
721 942 749 991 ad
761 942 824 993 nati-
917 990 918 1001 ,

42 1004 111 1056 itatem
118 1044 129 1071 ‚
137 1012 163 1057 ut
176 1022 204 1059 ex
215 1011 271 1060 tunc
282 1009 356 1059 earnis
369 1010 514 1075 afflictionem
526 1016 642 1077 pateretur
656 1026 698 1077 pro
711 1013 788 1065 nobis.

359 1198 463 1211 *u-

257 1352 423 1423 QUAESTIO
441 1352 588 1419 XXXVI.

64 1500 96 1546 De
105 1500 307 1561 manifestatione
323 1500 431 1551 Cdre'ate‘,
441 1500 470 1545 e'iv
486 1504 539 1545 uoto
549 1500 668 1546 articulos
682 1498 776 1545 diuiso.

52 1654 131 1705 beinde
146 1652 335 1704 mnsideraudum
349 1654 386 1703 est
398 1653 426 1704 de
437 1652 620 1703 manifestatione
636 1653 722 1703 Christi
734 1653 791 1705 uati.

54 1726 76 1774 Et
90 1728 151 1777 cirea
170 1728 216 1776 boe
233 1728 367 1788 queruntur
385 1728 435 1775 oeto
451 1740 458 1773 :
476 1726 502 1771 10
513 1724 593 1773 Utriam
611 1724 718 1775 nativitas
738 1716 826 1777 Christi

46 1796 115 1847 tuerit
124 1811 179 1847 esse
189 1796 297 1847 omnibns
310 1795 440 1844 manifesta.
454 1799 481 1843 2⁰
496 1794 575 1845 Utrbm
589 1796 692 1847 debuerit
706 1796 821 1860 aliquibus

50 1868 165 1919 initestari.
182 1873 210 1917 3⁰
225 1868 312 1927 Quibus
327 1865 467 1916 manifestari
480 1866 568 1915 debuit.
582 1870 608 1916 t⁰
623 1865 701 1917 Utrbm
716 1867 823 1917 debuerit

49 1952 67 1987 sc
80 1954 103 1989 se
120 1938 289 1997 manifestare,
303 1938 341 1988 vel
355 1936 431 2001 putibs
444 1936 586 1987 manifestari
598 1950 639 2001 per
656 1938 721 1987 aiios.
739 1942 765 1987 5⁰
780 1938 824 1987 Per

48 2024 69 2059 m
81 2014 123 2062 adia
136 2011 284 2061 manifestari
297 2010 409 2061 debuerit.
425 2014 451 2056 60
465 2010 496 2059 be
508 2008 586 2058 ordine
599 2008 819 2059 manifestationum.

47 2084 85 2131 ¹tte
97 2084 166 2133 stella
181 2095 226 2146 per
241 2095 310 2145 quam
329 2080 471 2130 manifestata
491 2078 534 2129 init
550 2078 601 2143 ejus
615 2080 731 2131 nativitas.
750 2084 776 2129 8⁰
791 2080 822 2131 De
917 2084 918 2087 ’

47 2157 162 2206 sermione
185 2164 321 2217 magorum,
338 2151 380 2215 qui
401 2165 442 2215 per
463 2151 552 2201 stellam
576 2151 660 2203 Christi
680 2151 823 2201 nativitatem

51 2229 181 2285 gouvemnt.

319 2328 480 2379 abdicatus
496 2328 514 2379 l.

47 2455 103 2503 ‘tram
117 2458 249 2504 masmim
268 2454 359 2501 carust
374 2455 481 2500 debuerit
499 2466 547 2499 oeae
560 2454 669 2501 omuibus
684 2454 824 2510 manifesta.

56 2585 81 2633 td
97 2585 199 2649 primum
222 2581 256 2631 sie
275 2580 414 2645 proceditur.
429 2579 523 2630 videtur
536 2580 595 2643 subd
613 2580 698 2631 Christi
718 2578 824 2631 nativitas

47 2652 117 2706 abuerit
137 2668 194 2708 esse
212 2652 322 2703 omnibus
340 2650 578 2716 mantesta.1mpletio
598 2650 658 2700 enim
679 2648 824 2713 pmmissiottt

44 2724 84 2774 *rtet
92 2727 243 2793 respondere.
255 2724 300 2773 Sed
312 2724 341 2773 de
354 2722 503 2785 promissione
517 2724 628 2772 adventus
641 2721 729 2771 Christi
742 2720 826 2770 dieitur

67 2797 153 2847 Psutm.
171 2795 246 2847 xiix
262 2810 269 2844 :
283 2810 297 2841 a
311 2795 374 2843 Deus
388 2794 507 2844 manifeste
522 2794 613 2855 veniet;
636 2808 649 2840 a
665 2791 729 2841 veuit
747 2794 825 2841 autem

44 2881 64 2913 rr
80 2870 147 2921 carris
167 2866 328 2919 nativitatem.
342 2864 402 2927 Ergo
414 2865 514 2929 videtur,
526 2864 586 2929 qnbd
600 2862 651 2927 ejus
663 2860 771 2917 saevitas
785 2862 826 2913 do-

42 2938 151 2992 neritesse
164 2940 211 2991 toti
223 2937 310 2988 mundo
322 2935 452 2987 manifesta.
