1917 3317
138 131 185 178 ono
335 137 395 175 runs
410 139 450 186 ur,
464 137 558 182 numer.
570 137 645 186 mr,
655 137 716 175 aar.
732 139 753 175 r.
916 94 918 179 i

139 221 175 266 est
192 214 363 274 admirationis,
377 213 445 276 quam
464 211 641 262 incredulitatis.
665 215 695 262 Et
716 214 771 264 ideo
792 212 914 276 nutatione

138 287 238 344 hargodus
256 285 349 347 inducit,
364 297 409 334 non
425 284 453 332 ad
468 282 615 332 auferendam
633 283 861 347 iuiiduhtatem‚sed
874 300 911 342 rag

138 359 166 408 ad
180 356 338 406 removendam
353 356 403 417 ejrrs
417 354 601 404 admirationem.

170 430 202 478 hd
218 426 308 475 tertium
319 425 451 484 dicendum,
462 423 522 486 qrrdd
538 424 597 472 sicut
611 425 752 475 Ambrosius
765 425 821 475 dicit
829 425 852 473 in
868 426 904 473 ΗΓ

139 513 240 552 meren,
257 514 270 544 u
284 497 313 544 oh
327 497 370 546 hoc
385 496 460 546 muttae
480 496 570 545 steriles
583 503 747 559 pepererunt,
767 504 794 546 nt
805 502 881 561 partus
892 511 910 537 rr

139 569 205 620 datur
219 565 325 629 Virginis.
338 585 352 614 u
365 567 392 615 Et
404 565 454 616 ideo
466 571 594 629 conceptus
606 568 728 617 Etrzahcth
739 570 828 618 sterihs
841 569 886 616 indu

138 656 185 692 non
198 641 262 703 quasi
276 639 392 688 sufficiens
402 644 575 701 argumentum,
587 641 627 688 sed
643 642 715 703 qrrasi
728 643 846 704 quoddun
861 642 894 702 dgr.

138 713 277 775 exemplum.
293 710 321 759 Et
332 711 382 759 ideo
393 711 420 759 ad
435 709 633 760 confirmationem
646 712 720 776 hujus
737 714 901 777 exennium

136 786 296 845 argumentum
310 780 390 830 ethnan
404 793 433 830 ex
447 780 616 844 omnipotentia
630 782 720 833 diuina.

389 1123 558 1194 thestio
581 1123 699 1188 XXXI.

141 1269 176 1316 Dc
190 1271 343 1327 conceptione
356 1268 492 1314 salvatorio
505 1267 585 1324 quood
597 1270 733 1314 materiam
759 1272 791 1316 de
804 1285 853 1330 qua
865 1284 905 1326 aar]

238 1341 291 1398 ejus
306 1345 446 1398 conceptum
460 1343 508 1389 cet,
517 1341 547 1383 tn
560 1343 612 1385 octo
626 1341 756 1387 articulos
770 1344 863 1389 dicdum

172 1494 258 1545 Deinde
278 1491 465 1544 considerandum
480 1497 516 1542 est
531 1492 560 1542 de
573 1491 625 1556 ipsa
638 1495 801 1558 conceptione
812 1498 897 1547 Salmn¹

140 1565 231 1632 phmd,
245 1569 354 1628 quantum
368 1565 396 1614 ad
415 1564 532 1613 materiam
544 1566 572 1613 de
586 1575 631 1626 qua
649 1564 704 1626 ejus
718 1580 809 1631 corpus
823 1582 897 1623 corrue¹

141 1640 191 1700 esu
212 1635 328 1696 ¹secundd,
345 1639 455 1698 quantum
477 1635 506 1684 ad
533 1633 690 1697 conceptionis
714 1643 856 1702 aucturem3
876 1646 895 1685 te

142 1712 253 1770 quantum
268 1709 296 1756 ad
311 1707 400 1756 modum
415 1713 437 1756 at
452 1707 555 1757 ordinem
575 1707 748 1768 conceptionis.

176 1778 239 1827 Circa
251 1780 348 1841 primum
360 1782 492 1840 quaeruntur
505 1781 556 1826 octo
572 1781 617 1826 :or
629 1776 713 1827 Utrum
726 1792 786 1829 caro
795 1782 897 1831 Christi}

144 1855 234 1912 srumpta
250 1851 277 1898 de
292 1851 371 1898 Adam
394 1853 421 1897 2⁰
437 1847 516 1898 Utrirm
531 1848 597 1898 suerit
611 1853 704 1910 sumpta
722 1849 754 1899 de
780 1851 869 1901 Dauid.
885 1859 896 1898 a

144 1920 277 1984 genealogia
290 1920 386 1982 Christi,
404 1934 455 1984 que
465 1921 490 1968 in
506 1919 636 1981 Evangeliis
652 1920 760 1982 ponitur.
774 1927 802 1972 4⁰
821 1924 897 1974 titrhn

144 1991 217 2039 cuerit
231 1991 344 2040 Christum
359 1991 422 2040 nasci
442 1991 469 2040 de
486 1990 586 2040 toerniua.
602 1996 629 2039 50
643 1988 724 2039 Utrirm
739 1992 814 2042 suerit
833 1997 863 2044 de
883 2012 895 2055 u

144 2059 209 2112 simis
226 2062 376 2122 sanguinibus
391 2062 491 2124 Virginis
512 2075 594 2124 corpus
608 2061 659 2125 ejus
679 2060 822 2112 formatum.
840 2071 869 2113 60
884 2068 897 2112 t'

144 2144 196 2184 caro
210 2134 293 2183 Christi
305 2134 408 2184 fueritin
421 2133 645 2196 antiquariorum,
661 2134 794 2184 socundhm
809 2138 896 2199 aliqua,

144 2211 232 2256 uatum.
253 2210 279 2254 7⁰
290 2204 369 2254 Utrhm
383 2219 435 2256 curo
452 2204 538 2254 Christi
556 2205 581 2254 in
595 2204 702 2255 Patrihns
716 2207 790 2256 iuuerit
808 2216 904 2272 peccatu·

145 2276 223 2328 noxia.
244 2281 270 2326 80
291 2275 370 2326 Utrum
384 2275 453 2328 inerit
465 2276 575 2327 decimata
587 2275 613 2325 in
633 2276 719 2327 lumbis
733 2278 848 2330 thrahae.

457 2452 618 2503 ARTlCULUS
632 2452 651 2502 1.

245 2583 332 2626 Utrum
347 2593 404 2624 caro
413 2579 505 2624 Glaristr'
514 2579 594 2634 suunt
607 2581 706 2634 sumptu
719 2579 749 2623 dc
764 2581 861 2626 Adanu.

177 2707 210 2755 hd
230 2706 327 2769 primum
346 2705 379 2754 sic
397 2705 536 2767 proceditur.
553 2705 648 2754 Videtur
666 2703 728 2766 qndd
742 2718 797 2757 caru
811 2705 900 2755 Christi

146 2775 215 2825 tuerit
226 2779 315 2838 sumpta
327 2787 355 2824 ex
370 2777 448 2824 Adam.
459 2775 519 2823 Dicit
531 2774 591 2824 enim
604 2776 728 2838 Apostolus
735 2776 753 2826 1.
766 2777 804 2826 ad
820 2777 896 2827 Cur..

146 2861 162 2894 u
179 2845 269 2894 Primus
282 2847 350 2894 homo
363 2845 391 2894 de
405 2849 478 2908 terra,
492 2850 609 2909 terrenum
626 2847 744 2898 secundus
758 2849 832 2898 homo
847 2851 899 2898 det
