1917 3317
531 111 623 159 ΕΜ
927 118 1048 160 »Ans
1080 120 1162 169 m,
1194 119 1383 167 QUAES'r.
1418 120 1484 168 11,
1516 118 1628 160 Ant.
1662 120 1733 159 vi.

531 213 599 253 fist
626 218 806 269 semper
831 206 1079 256 conformis
1119 206 1346 255 voluntati
1375 205 1511 255 Verbi
1546 205 1665 266 Dei3
1698 203 1853 267 tertio,
1883 216 1917 253 se

527 279 836 341 *narrationem
856 316 869 339 ,
918 282 1054 341 prout
1109 279 1281 327 scilicet
1327 278 1539 327 dicebant
1589 277 1817 328 hominem
1859 275 1917 324 ilii

531 351 660 399 Uis-rbi
700 351 780 399 Dei
817 350 1203 413 instrumentum3
1228 350 1406 412 quarto,
1430 349 1708 399 secundum
1729 350 1917 411 de'9nite

535 425 699 476 nuris,
731 426 866 484 prout
902 423 1055 471 omnis
1081 423 1227 471 honor
1254 421 1333 484 qui
1367 421 1607 471 exhibetur
1639 422 1760 471 Filio
1798 418 1908 481 Dei,

535 497 572 541 ni
595 501 660 542 [ur
708 493 820 544 Filio
865 493 1064 543 hominis
1102 498 1286 556 propter
1322 493 1693 556 conjunctionem
1721 493 1779 542 ad
1818 492 1917 540 Filii

527 563 718 625 quinto,
747 565 1019 613 secundum
1045 565 1516 627 oequz'vocationem,
1548 563 1595 612 id
1624 567 1718 624 est,
1757 575 1917 611 commi

531 648 631 684 netu
675 635 938 696 nominum,
972 639 1109 698 prout
1154 634 1331 684 scilicet
1375 634 1567 683 dicimus
1608 635 1738 683 illum
1771 633 1917 683 homin

531 709 664 757 iteum
693 712 740 756 et
762 708 927 756 Filium
953 707 1055 757 Dei.
1080 706 1373 756 Manifestum
1395 711 1466 756 est
1485 712 1638 755 autem
1664 706 1776 756 istos
1795 719 1917 755 omni

527 779 849 828 „un-identalem
893 779 1107 828 unionem
1151 779 1414 841 importare.
1446 778 1637 835 Quidam
1674 784 1825 828 autem
1861 791 1917 841 po

535 851 762 914 uini-gistri,
792 856 1007 915 putantes
1036 864 1085 900 se
1115 852 1197 899 has
1222 852 1418 900 haereses
1447 851 1696 912 declinare,
1716 851 1764 899 in
1792 863 1868 900 eas
1894 865 1917 913 p

531 923 720 971 mutiam
758 924 1031 972 inciderunt.
1064 921 1256 979 Quidam
1282 922 1406 970 enim
1444 935 1599 971 eorum
1628 935 1917 971 concesseru:

535 996 722 1044 vmisti
753 1009 1055 1055 personam,
1101 995 1179 1043 sed
1222 998 1474 1057 posuerunt
1514 994 1647 1042 duas
1682 994 1917 1057 hypostas

531 1065 631 1114 rino
656 1068 954 1129 supposita,
978 1068 1181 1117 dicentes
1204 1066 1437 1115 hominem
1468 1065 1709 1129 quemdam
1741 1079 1917 1129 compos

531 1149 712 1199 nerpore
732 1142 777 1185 et
796 1138 943 1186 anima
966 1138 992 1187 a
1015 1137 1234 1201 principio
1254 1151 1348 1187 suae
1370 1138 1687 1201 conceptionis
1702 1175 1715 1198 ,
1734 1150 1836 1186 esse
1852 1151 1917 1187 ass

531 1209 551 1257 ῖι
587 1209 662 1259 nei
696 1210 853 1259 verbo,
882 1211 941 1260 Et
969 1211 1067 1261 haec
1101 1215 1175 1259 est
1203 1209 1350 1273 prima
1384 1210 1539 1273 opinio
1574 1223 1710 1272 quarn
1741 1209 1917 1272 Magisu

531 1293 579 1325 m
611 1280 681 1329 VI.
713 1281 821 1330 dist.
851 1282 936 1331 ΙΙΙ.
970 1283 1050 1331 lib.
1090 1283 1313 1330 Sentent.
1347 1281 1435 1331 Alii
1456 1280 1565 1331 verb
1585 1281 1797 1331 volentes
1828 1294 1917 1331 seri

535 1357 668 1404 [atem
706 1366 945 1417 personae,
976 1357 1224 1418 posuerunt
1264 1353 1429 1403 Christi
1460 1354 1657 1403 animam
1693 1365 1787 1402 non
1826 1366 1917 1403 ess‹

531 1425 737 1487 unitam,
769 1426 846 1476 sed
871 1427 971 1477 haec
998 1428 1086 1476 duo
1124 1429 1332 1489 separata
1363 1426 1416 1474 ad
1457 1424 1684 1488 invicem,
1708 1439 1809 1476 esse
1840 1426 1917 1475 uni

531 1498 899 1560 accidentaliter,
931 1503 982 1549 ut
1016 1498 1084 1547 sic
1113 1511 1207 1548 non
1232 1502 1461 1547 cresceret
1494 1510 1714 1546 numerus
1745 1510 1915 1559 person

531 1573 627 1619 hinc
658 1574 730 1620 est
752 1570 886 1620 tertia
917 1571 1073 1635 opinio
1093 1607 1107 1633 ,
1138 1584 1273 1633 quam
1310 1570 1527 1632 Magister
1566 1568 1736 1618 ibidem
1764 1570 1914 1632 ponit.

531 1649 680 1692 andem
717 1644 878 1693 harum
921 1643 1190 1707 opinionum
1219 1641 1381 1691 incidit
1413 1641 1458 1690 in
1488 1640 1700 1690 haeresim
1728 1641 1914 1691 Nestori

531 1716 732 1777 quidem,
751 1714 858 1779 quia
874 1714 998 1764 idem
1020 1719 1091 1765 est
1110 1726 1279 1777 ponere
1306 1713 1439 1762 duas
1461 1713 1770 1777 hypostases¹
1793 1714 1872 1763 vel
1888 1728 1917 1762 α

531 1787 700 1845 posita
743 1786 794 1836 in
837 1786 1041 1848 christu,
1078 1787 1198 1848 quod
1243 1798 1414 1849 ponere
1457 1784 1571 1835 duas
1611 1797 1834 1847 personas
1854 1824 1867 1846 ,

535 1857 699 1906 dictum
723 1861 810 1907 est.
843 1857 901 1906 Et
927 1858 971 1907 si
998 1858 1076 1906 fiat
1102 1855 1174 1906 vis
1197 1855 1247 1906 in
1276 1855 1460 1906 nomine
1488 1869 1726 1919 personae,
1756 1856 1917 1907 consid

531 1933 603 1977 est
640 1928 762 1991 quod
788 1927 925 1978 etiam
958 1928 1195 1979 Nestorius
1229 1928 1437 1977 utebatur
1471 1928 1650 1977 unitate
1676 1941 1917 1992 persona,

535 2001 752 2051 unitatem
787 1999 1023 2063 dignitatis
1059 2003 1106 2050 et
1140 2000 1345 2050 honoris.
1389 2001 1517 2050 Unde
1543 1999 1681 2050 etiam
1722 1999 1886 2063 quinta

535 2073 664 2135 isc-2221).
695 2073 775 2135 4),
804 2072 966 2122 definit
1008 2072 1251 2122 anathema
1290 2085 1395 2121 eum
1428 2071 1506 2135 qui
1532 2070 1643 2121 dicit
1672 2088 1700 2120 (ι
1726 2083 1869 2120 unam
1895 2087 1917 2135 p

535 2144 780 2194 secundum
803 2142 1070 2206 dignitatem
1094 2145 1141 2193 et
1167 2144 1387 2193 honorem
1410 2148 1457 2192 et
1477 2144 1786 2193 adorationem
1802 2178 1821 2205 ‚
1847 2141 1915 2192 sic

531 2217 667 2265 dorus
707 2218 754 2265 et
794 2216 1030 2266 Nestorius
1064 2214 1349 2264 insanientes
1395 2214 1780 2279 conscripserunt.
1822 2230 1853 2261 υ
1884 2216 1917 2264 Α

531 2288 684 2349 opinio
711 2286 871 2337 incidit
906 2287 954 2336 in
993 2299 1191 2337 errorem
1223 2287 1423 2337 Nestorii
1456 2289 1676 2350 quantum
1707 2288 1763 2336 ad
1789 2286 1882 2337 hoc
1909 2303 1917 2335 ι

527 2361 617 2409 suit
644 2359 858 2409 unionem
885 2359 1237 2421 accidentalem
1267 2372 1361 2408 non
1383 2359 1507 2409 enim
1538 2357 1686 2408 differt
1708 2358 1860 2407 dicere
1881 2371 1917 2420 qi

531 2433 634 2481 imin
659 2431 741 2481 Dei
761 2432 937 2481 unitum
965 2434 1037 2481 est
1068 2430 1246 2481 homini
1266 2431 1448 2481 Christo
1484 2430 1760 2479 secundum
1796 2429 1915 2478 iulia

527 2517 654 2562 rima,
689 2503 807 2553 sicut
834 2501 882 2552 in
910 2503 1078 2565 templo
1112 2515 1195 2552 suo
1220 2502 1239 2566 (
1260 2501 1377 2551 sicut
1403 2500 1583 2550 dicebat
1607 2498 1881 2563 Nestorius)
1912 2519 1917 2546 ι

527 2575 646 2637 [pind
672 2574 852 2625 unitum
871 2574 959 2623 fuit
979 2574 1179 2624 Verbum
1197 2574 1278 2626 Dei
1298 2572 1473 2624 homini
1486 2572 1761 2623 secundum
1791 2572 1917 2623 indu

527 2649 643 2694 sicut
678 2644 982 2708 vestiment03
1020 2645 1137 2694 sicut
1169 2644 1279 2694 dicit
1309 2644 1445 2695 tertia
1473 2644 1659 2710 opinio,
1688 2657 1788 2708 quae
1821 2644 1913 2693 etia

527 2721 635 2769 dicit
669 2718 838 2781 aliquid
867 2728 1004 2781 quam
1041 2716 1282 2768 Nestorius
1297 2753 1314 2778 ,
1343 2716 1518 2768 scilicet
1542 2717 1663 2781 quod
1702 2716 1852 2766 anima
1894 2729 1917 2766 e

527 2805 615 2841 nnn
644 2793 754 2842 sunt
771 2788 919 2842 unita.
945 2788 1087 2842 Fides
1104 2790 1258 2839 autem
1279 2787 1512 2840 catholica
1531 2786 1732 2840 medium
1751 2787 1870 2838 inter
1884 2801 1914 2851 p

531 2862 774 2925 positiones
807 2866 970 2913 tenens
984 2899 998 2923 ,
1023 2873 1117 2909 non
1148 2857 1257 2908 dicit
1290 2858 1506 2911 unionem
1540 2859 1705 2910 factam
1733 2859 1819 2911 Dei
1844 2863 1893 2910 et
