1917 3317
124 135 170 184 lli
210 143 463 192 suessulanum,
480 141 575 190 ouaesr.
591 141 704 191 summ,
719 141 775 180 err.
793 140 827 179 m.

123 221 272 284 mamercum
287 220 353 284 quia,
370 223 395 269 ul
406 218 561 283 Philosophus
572 218 629 270 dicit
643 217 669 268 iu
682 219 701 268 l.
718 218 814 270 utute..
826 212 907 264 «mila

122 305 242 358 operamur
256 303 296 355 per
311 289 409 354 amicos,
423 304 464 355 per
474 289 580 348 diuitias.
594 293 617 340 et
630 303 670 354 per
679 289 769 340 ciuilem
780 287 907 354 pomerum,

123 364 181 415 sicut
193 376 234 428 per
246 363 349 426 quedam
363 374 455 424 organa.
470 377 485 408 n
500 361 533 410 ld
545 360 675 412 felicitatem
689 363 765 412 aulem
781 358 906 423 mutempla·

122 435 175 486 tium
192 435 246 485 uite
267 447 312 484 nou
326 432 422 484 multum
441 437 575 497 operentur,
591 433 630 482 sed
649 431 723 496 magis
739 433 874 496 impediunt,
886 429 906 478 iu
931 434 933 437 '

121 509 231 571 quantum
247 517 288 556 sua
301 505 452 555 sollicitudine
467 504 595 562 impediunt
604 503 674 554 animi
684 504 797 568 quietem,
809 517 857 568 que
869 514 907 552 ma·

121 575 183 628 xirne
195 577 322 628 necessaria
336 581 370 626 est
379 575 551 640 contemplanti.
562 576 642 626 Etboc
650 579 687 626 est
700 577 760 640 quod
773 576 908 640 Philosophus

122 648 177 700 dicit
188 645 211 698 in
223 649 252 698 x.
268 648 363 706 Ellr'c„
375 646 433 711 qudd
444 663 458 696 u
469 648 498 696 ad
512 647 614 698 actiones
624 647 703 698 multis
714 661 773 712 opus
784 652 834 710 est;
842 660 909 712 spem·

121 720 178 770 lanu
187 719 240 771 uero
255 718 317 768 nulla
328 717 421 781 talium,
432 717 537 781 (scilicet
549 718 684 768 exteriorum
695 719 821 781 hommum)
831 720 857 768 ad
866 730 911 780 cpe

122 790 230 842 rationem
246 789 432 852 necessitae,sed
441 789 604 852 impedimenta
613 790 704 839 suntad
714 791 910 853 speculationemn

122 864 155 914 ld
167 864 262 912 suturam
273 875 327 912 uero
336 861 500 912 beatitudiuem
511 859 628 911 ordinatur
636 860 719 924 niquis
728 875 769 924 per
777 862 908 913 cuariluem.

122 937 151 986 Et
161 934 214 999 quia
228 933 353 984 voluutaria
364 936 485 998 paupertas
493 935 529 982 est
540 932 620 982 efficax
631 931 765 982 exercitium
777 931 912 997 perueniend

122 1008 149 1058 ad
158 1005 281 1071 perlectam
291 1005 437 1066 charitatem,
449 1003 501 1054 ideo
510 1003 607 1054 multum
619 1005 712 1054 related
724 1006 843 1056 coeteslem
853 1003 911 1055 bead-

122 1079 224 1128 tudinem
237 1076 428 1140 consequendam.
440 1075 505 1125 Unde
514 1079 538 1125 et
549 1075 657 1124 Dominus
665 1076 771 1135 Multi„
781 1078 844 1141 xlx,
854 1075 912 1126 dicit:

124 1149 225 1212 «liade,
241 1149 315 1199 vende
329 1146 406 1198 omnia
419 1160 469 1210 quae
481 1147 566 1207 habes,
579 1150 603 1196 et
616 1147 644 1196 da
657 1147 812 1211 pauperibus,
821 1154 846 1199 ct
857 1147 913 1197 lale

121 1219 156 1273 bis
169 1223 301 1272 thesaurum
315 1218 338 1268 in
350 1219 415 1268 coelo.
426 1233 440 1265 u
450 1216 539 1268 Divitia
553 1221 629 1266 autem
641 1217 790 1282 habilm,pcr
799 1233 825 1270 se
838 1219 915 1283 quidem

122 1297 181 1344 natm
192 1296 245 1343 sunt
259 1290 422 1356 perfectionem
437 1288 555 1338 charitatis
571 1287 683 1351 impedire
693 1287 914 1354 ‚principaliteralli-

121 1363 200 1414 ciendo
218 1361 318 1414 animum
338 1363 361 1410 el
384 1361 545 1422 distradeud03
561 1360 623 1410 unde
637 1358 719 1410 dicitur
738 1361 845 1423 liutto„
859 1360 914 1420 llill,

121 1434 181 1500 qudd
197 1433 345 1486 «sollicitudo
358 1432 436 1482 seculi
447 1435 470 1481 et
483 1431 569 1480 fallacia
581 1430 711 1481 diuitiarum
722 1431 822 1483 suffocat
832 1433 916 1484 uerbum

121 1507 175 1570 liei;
187 1523 201 1554 u
216 1506 267 1571 quia
276 1543 284 1568 ,
293 1508 319 1554 ul
328 1504 448 1568 Gregorius
457 1502 512 1554 dicit
521 1502 617 1566 (homil.
630 1503 677 1552 xv.
691 1503 844 1570 lullonum),
853 1506 917 1554 udum

121 1579 205 1630 bonum
220 1575 357 1627 desiderium
375 1576 402 1626 ad
423 1587 462 1624 cur
484 1573 566 1624 intrare
581 1587 628 1624 uon
649 1574 740 1633 sinunt,
756 1577 825 1637 quasi
842 1577 918 1627 aditum

121 1651 189 1702 flatus
208 1648 282 1700 uitalis
299 1649 388 1698 necant.
404 1662 418 1694 u
433 1645 462 1696 Et
480 1647 531 1696 ideo
551 1645 642 1695 difficile
660 1648 696 1694 est
711 1645 850 1698 charitatem
868 1648 918 1696 inter

122 1721 212 1773 divitias
228 1731 377 1781 conseruare;
393 1717 452 1768 trude
470 1717 579 1768 murinus
592 1717 647 1766 dicit
668 1720 770 1773 uultu..
782 1719 854 1780 xlx,
868 1716 921 1782 quid

123 1793 213 1844 «dives
226 1791 319 1843 dilllcile
333 1790 425 1840 intrabit
442 1789 466 1839 in
482 1802 574 1852 regnum
591 1789 708 1838 coetorum.
723 1803 737 1835 u
750 1790 818 1848 Quod
832 1791 918 1855 quidem

121 1864 292 1926 intelligendum
306 1864 341 1911 est
351 1861 378 1912 de
392 1873 420 1912 eo
431 1859 470 1924 qui
484 1864 537 1910 actu
547 1858 729 1922 habeldiuitias3
742 1873 797 1909 nam
807 1863 838 1912 de
851 1859 920 1923 ecqui

122 1936 226 1986 allectum
243 1935 267 1984 in
283 1931 370 1984 diuitiis
383 1931 461 1998 punit,
479 1931 534 1980 dicit
551 1932 659 1983 luccesse
674 1930 830 1996 impossihile,
845 1944 919 1985 secun-

122 2008 174 2059 dum
195 2004 360 2072 expositionem
379 2002 535 2070 chrysostomi
551 2003 647 2064 (homil.
668 2003 920 2067 extumulatum),

122 2093 174 2129 cum
188 2078 280 2128 stridit:
297 2094 311 2124 «
325 2076 423 2128 Facilius
436 2082 471 2126 est
485 2074 596 2125 camelum
610 2089 651 2138 per
664 2075 774 2126 foramem
787 2088 845 2128 acus
861 2081 919 2127 tran-

122 2151 179 2211 sire,
200 2163 268 2214 quarn
286 2147 378 2198 diuitem
400 2149 485 2197 intrare
502 2146 525 2195 iu
540 2159 635 2209 reguum
653 2147 769 2198 ciclorum.
793 2164 808 2195 u
826 2150 856 2200 Et
872 2151 918 2200 ideo

122 2237 167 2274 non
182 2221 315 2286 simpliciter
328 2218 391 2272 diues
404 2216 486 2269 dicitur
499 2230 549 2268 esse
562 2218 657 2276 beatus,
670 2217 711 2268 sed
726 2234 740 2265 u
750 2219 798 2281 ,qui
809 2219 919 2271 iuuentus

122 2297 158 2345 est
179 2291 342 2352 simmacum,
361 2294 384 2342 et
401 2292 453 2354 post
469 2301 548 2337 aurum
567 2301 613 2338 nou
634 2289 696 2340 abiit
716 2306 730 2337 u
746 2289 775 2340 El
795 2292 843 2341 hoc
857 2293 921 2351 ideo,

123 2365 175 2429 quia
190 2378 237 2416 rem
255 2363 371 2414 ditucitem
386 2362 457 2423 lecit;
471 2361 531 2410 unde
544 2360 647 2410 subditur
661 2376 667 2409 z
687 2361 769 2420 «Quis
782 2367 821 2414 est
836 2364 889 2428 tric,
902 2366 923 2414 et

122 2436 264 2487 laudabimus
274 2433 338 2487 euml
348 2435 409 2484 Fecit
419 2433 481 2484 euim
494 2431 603 2482 mirabilia
616 2433 638 2481 in
650 2432 697 2490 uile
707 2445 762 2498 sua5
773 2449 788 2480 u
797 2437 824 2483 ut
837 2435 923 2486 scilicet

124 2503 182 2558 iuter
196 2507 286 2558 diuitias
300 2505 402 2570 positus,
416 2504 507 2555 diuitias
521 2518 566 2554 non
581 2508 677 2555 amaret.

152 2580 185 2629 ild
203 2578 306 2642 quintum
322 2576 457 2635 dicendum,
471 2575 533 2638 quod
552 2580 624 2627 status
644 2575 780 2655 episcopalis
795 2591 843 2628 non
864 2577 925 2630 crdi-

123 2654 189 2702 uatur
202 2651 229 2700 ad
243 2649 403 2714 perlectionem
418 2645 600 2711 adipiscendam,
610 2650 648 2699 sed
663 2648 739 2712 potius
750 2653 776 2699 ut
786 2663 815 2700 ex
832 2653 922 2714 perlec-

125 2723 187 2774 ticuc
200 2721 419 2786 quamcitissime,
431 2719 488 2770 alins
497 2721 621 2784 gubernet,
633 2735 678 2771 non
688 2721 761 2771 solium
772 2722 924 2773 ministrando

125 2795 263 2860 spiritualia,
279 2794 318 2844 sed
331 2793 400 2844 etiam
413 2792 558 2856 temporalia,
571 2794 630 2856 quod
645 2792 743 2857 pertinet
757 2793 786 2842 ad
800 2795 873 2844 uitam
888 2808 924 2844 ac·

126 2865 249 2932 tiuam3lu
264 2879 309 2932 qua
321 2865 393 2918 mutu
405 2865 521 2934 operanda
535 2870 655 2918 occurrunt
666 2864 873 2919 instrumentaliter
886 2879 926 2933 per
