1917 3317
555 149 646 196 {fio
952 157 1073 195 rm
1106 156 1188 205 ιιι,
1221 155 1412 201 οσεετ.
1448 157 1513 206 ιι,
1548 158 1662 196 Am.
1696 160 1764 197 ιι.

555 236 672 285 unio
709 236 864 285 autem
896 232 1015 283 nihil
1050 233 1216 284 horum
1248 231 1519 284 determinat
1552 249 1566 282 ε
1601 235 1727 286 ιιιιᾱε
1758 234 1917 287 indifl'e

551 309 665 357 nitur
693 305 815 370 quod
848 306 1047 355 humana
1071 307 1235 354 natura
1262 308 1335 355 est
1360 304 1491 355 unita
1526 303 1700 357 divinae
1718 344 1735 369 ,
1775 311 1823 357 et
1862 306 1889 359 ε

555 381 656 433 Non
679 384 831 429 autem
863 377 1032 428 dieitur
1057 381 1220 427 natura
1242 377 1398 427 divina
1425 382 1662 441 assumpta
1690 379 1749 428 ab
1776 380 1917 430 huma

563 462 805 513 converso3
831 448 939 513 quia
960 450 1163 499 humana
1183 452 1345 499 natura
1377 448 1593 512 adjuncta
1620 453 1692 499 est
1717 450 1775 499 ad
1801 464 1917 515 persa

551 522 769 584 divinam,
791 526 841 571 ut
864 521 1042 572 scilicet
1066 533 1265 584 persona
1281 520 1437 571 divina
1459 520 1509 570 in
1529 521 1732 571 humana
1748 526 1912 573 natura

607 593 675 643 Ad
697 593 895 657 primum
921 603 1029 653 ergo
1065 590 1305 641 dicendum
1328 629 1341 653 ‚
1377 590 1500 652 quod
1527 594 1651 640 unio
1679 595 1729 641 et
1756 607 1917 643 assim

551 666 708 717 andem
749 665 883 715 modo
906 676 956 714 se
986 662 1159 713 habent
1180 664 1236 714 ad
1269 663 1543 725 terminum,
1563 663 1645 713 sed
1676 663 1917 716 diversimc

555 741 724 787 dictum
756 739 845 786 est.

619 809 681 857 Ad
709 808 956 857 secundum
999 807 1241 858 dicendum
1260 840 1273 861 ‚
1306 804 1431 870 quod
1474 807 1650 856 uniens
1690 811 1740 857 et
1778 823 1917 859 assui

555 880 740 930 omnino
768 883 875 929 sunt
901 880 1048 942 idem3
1079 891 1186 928 nam
1211 879 1360 929 omnis
1391 890 1587 942 persona
1614 891 1861 930 assumens
1886 894 1914 931 e

559 965 647 1001 nnn
664 956 816 1001 autem
835 950 860 1001 ὲ
885 964 1124 1002 converso.
1146 951 1260 1000 Nam
1290 962 1482 1014 persona
1504 949 1651 1000 Patris
1675 950 1832 1000 univit
1854 965 1914 1001 na

560 1035 738 1073 suanam
770 1023 889 1074 Filio
911 1060 924 1084 ,
949 1036 1043 1073 non
1088 1025 1241 1073 autem
1280 1022 1399 1084 sibi3
1434 1026 1480 1073 et
1505 1022 1610 1073 ideo
1637 1022 1807 1072 dicitur
1838 1038 1917 1073 um

559 1109 850 1154 assumens,
879 1094 1009 1158 quasi
1054 1094 1111 1144 ad
1142 1107 1194 1145 se
1236 1106 1451 1156 sumens;
1493 1106 1689 1157 persona
1726 1097 1881 1145 autem

563 1165 647 1217 sibi
673 1167 919 1215 humanam
945 1170 1151 1216 naturam
1172 1164 1338 1225 univit,
1357 1168 1428 1215 est
1456 1166 1635 1214 uniens
1654 1167 1699 1214 et
1720 1180 1917 1217 assume

563 1236 727 1287 militer
767 1249 861 1287 non
893 1238 965 1287 est
990 1236 1113 1287 idem
1152 1239 1359 1287 unitum
1400 1240 1447 1286 et
1479 1238 1807 1301 assumptum
1840 1254 1857 1288 .·
1888 1252 1917 1287 ιι

567 1313 725 1366 natura
751 1307 913 1357 dicitur
950 1308 1132 1365 unita,
1160 1311 1209 1360 et
1235 1322 1329 1359 non
1355 1317 1638 1372 assumpta.

628 1379 696 1430 Ad
719 1379 907 1431 tertium
932 1379 1195 1443 dicendum,
1223 1380 1341 1444 quod
1368 1381 1655 1443 assumptio
1672 1379 1917 1430 determina

563 1456 629 1501 est
669 1450 897 1515 copulatio
937 1465 996 1503 ex
1033 1454 1161 1516 parte
1198 1449 1472 1502 assumentis
1492 1489 1506 1511 ‚
1532 1450 1584 1500 in
1624 1455 1850 1514 quantum
1895 1466 1917 1500 o

567 1523 731 1574 dicitur
756 1522 889 1587 quasi
909 1523 981 1573 ad
1006 1539 1057 1574 se
1076 1526 1333 1587 sumptim
1354 1522 1436 1573 sed
1458 1522 1747 1573 Ine-amatio
1781 1526 1831 1572 et
1856 1526 1917 1573 Ιηι

571 1609 627 1645 ει
651 1598 778 1660 parte
805 1596 1059 1660 assumpti,
1088 1597 1209 1661 quod
1228 1598 1302 1646 est
1320 1608 1426 1645 caro
1452 1594 1529 1644 vel
1556 1597 1717 1643 natura
1741 1594 1917 1645 human

567 1667 820 1731 assumptio
850 1666 1004 1718 differt
1035 1670 1211 1719 ratione
1229 1705 1243 1728 ,
1274 1669 1321 1717 et
1346 1666 1404 1716 ab
1440 1664 1613 1716 unione
1634 1703 1646 1726 ‚
1682 1669 1730 1715 et
1768 1665 1826 1715 ab
1864 1668 1917 1717 ln

571 1753 652 1789 seu
683 1737 1029 1790 humanatione.

1158 1846 1481 1898 ARTICULUS
1510 1848 1587 1899 ΙΧ.

632 1964 800 2010 Utricm
827 1964 944 2008 unio
970 1964 1181 2009 duarum
1202 1966 1499 2037 naturarum
1527 1964 1581 2009 in
1604 1963 1792 2009 Christo
1821 1964 1892 2010 sit
1913 1982 1917 1994 ι

1250 2039 1499 2073 unionum.

634 2146 698 2195 Ad
737 2157 908 2195 nonum
935 2144 1002 2195 sic
1040 2142 1302 2208 proceditur
1338 2142 1426 2207 (1).
1456 2143 1646 2195 Videtur
1682 2142 1801 2207 quod
1838 2146 1917 2194 uni

575 2219 834 2267 naturarum
851 2216 902 2266 iu
927 2215 1108 2268 Christo
1135 2228 1228 2266 non
1257 2216 1317 2265 sit
1335 2215 1531 2265 maxima
1556 2215 1796 2266 unionum.
1822 2216 1917 2266 Uni

571 2287 722 2338 deficit
741 2289 791 2338 in
813 2288 986 2338 ratione
1014 2288 1202 2338 unitatis
1227 2288 1282 2338 ab
1306 2302 1361 2339 eo
1382 2290 1502 2351 quod
1521 2290 1594 2338 est
1622 2302 1782 2337 unum
1796 2304 1813 2351 ‚·
1837 2301 1917 2338 eo*

575 2369 682 2409 mm
712 2359 875 2410 dicitur
893 2372 977 2423 per
998 2359 1413 2423 participationem,
1438 2374 1597 2409 unum
1623 2362 1776 2410 autem
1800 2372 1888 2422 per
1914 2379 1917 2402 ι

571 2433 661 2483 Sed
693 2432 742 2481 in
773 2431 910 2482 rebus
937 2431 1105 2482 creatis
1150 2432 1313 2495 aliquid
1343 2431 1507 2481 dicitur
1546 2431 1812 2496 simpliciter
1850 2444 1917 2481 ess

571 2505 690 2554 sicut
713 2502 944 2568 praecipue
973 2506 1098 2567 patet
1119 2505 1175 2554 de
1203 2503 1378 2555 unitate
1409 2503 1539 2568 ipsa,
1565 2516 1667 2566 quae
1692 2505 1763 2553 est
1791 2502 1917 2566 princ

575 2576 706 2626 meri.
735 2576 852 2638 Ergo
888 2574 1153 2639 hujusmodi
1192 2574 1328 2637 unio,
1355 2575 1411 2625 de
1438 2588 1528 2639 qua
1561 2575 1810 2639 loquimur,
1847 2587 1917 2625 no]

579 2646 822 2697 maximam
844 2646 1085 2696 unitatem.

634 2723 682 2768 2.
713 2718 959 2781 Praeterea,
990 2721 1164 2782 quanto
1194 2731 1247 2769 ea
1274 2731 1379 2782 quae
1413 2720 1635 2769 uniuntur
1654 2718 1801 2782 magis
1829 2717 1917 2769 dist

639 2825 710 2889 (1)
737 2828 867 2874 Idem
893 2827 989 2884 111,
1018 2828 1125 2873 dist.
1155 2826 1207 2887 5,
1233 2840 1313 2885 qu.
1350 2827 1374 2872 1
1395 2862 1408 2888 ,
1440 2834 1529 2874 art.
1554 2827 1609 2888 1,
1634 2828 1912 2887 quaestiumi.

583 2894 765 2941 [lamro
791 2890 954 2940 (ἰωὰ,
981 2900 1085 2947 cap.
1107 2888 1157 2935 4.
