1917 3317
159 126 191 163 os
204 124 412 165 mlrssrmons
427 124 638 167 murmuriosus.
756 117 804 165 97³
853 79 867 230 Ὶὶ

22 216 49 251 rm
63 200 147 264 vivit,
166 200 226 251 ririt
238 204 293 253 Deo.
302 218 316 250 r
330 202 359 251 lii
372 200 424 253 ideo
437 201 490 265 Ipsa
503 203 590 253 Christi
602 204 739 257 resurrectio
752 215 802 254 non
865 257 868 272 Ι

22 276 69 323 ruit
90 274 227 325 immediate
251 275 279 324 ab
298 272 429 325 homiuibus
448 273 535 335 uideri,
550 276 589 327 sed
609 276 643 327 eis
661 277 689 326 ab
709 272 805 340 angelis
865 291 869 344 r

23 346 102 396 otiari.
118 346 186 396 Unde
202 345 300 397 Hilarius
317 346 373 397 dicit
390 360 465 409 cuper
486 346 579 397 Macco.
595 349 659 408 (cau.
678 345 802 409 XXXIII),
866 348 871 410 3

22 418 50 465 od
62 436 77 465 o
86 417 144 469 ideo
159 420 254 481 angelus
267 418 328 482 prior
339 418 512 469 resurrectionis
526 421 562 469 est
574 417 689 483 inde1,ut
702 420 802 483 quodam

25 490 106 538 nulutu
123 492 226 553 paterno
239 488 363 539 voluntatis
380 489 517 540 resurrectio
536 490 687 542 nuntIaretur.
705 508 720 539 n
867 491 872 519 ¹

23 562 55 609 ld
66 561 171 623 primurn
186 573 239 621 ergo
252 560 380 623 dicendum,
392 560 452 624 quod
468 562 570 625 Apostoli
585 566 709 626 potuerunt
719 561 801 615 testiti-
869 617 873 624 ,

22 633 37 679 ri
52 630 144 683 Christi
157 631 345 682 resurrectionem
356 633 424 683 etiam
436 636 464 685 de
477 634 543 698 risu3
553 635 607 699 quia
618 634 735 686 Christum
748 639 800 699 post

22 704 187 756 nnrectionem
198 705 324 766 uirentem,
338 705 426 757 oculata
434 707 477 757 tide
487 706 601 769 viderunt,
610 720 677 770 quem
687 712 801 759 mortuum

22 781 121 827 nerant.
131 776 175 827 Sed
185 774 243 827 sieut
252 776 280 827 ad
289 777 500 828 visionembeatam
508 778 689 842 perveniturper
697 778 799 829 auditum

23 847 52 907 ei,
69 848 105 897 ita
116 848 145 897 ad
154 846 266 897 visionem
280 848 365 897 Christi
376 849 516 912 resurgentis
529 853 683 913 pervenerunt
692 850 799 901 homines

22 932 31 962 r
49 931 76 967 ea
96 932 150 982 quae
165 918 228 983 priris
244 919 272 968 ai
283 920 374 982 Angelis
389 919 520 970 audierunt.

27 990 58 1037 ld
73 990 203 1040 secuudum
221 990 360 1053 dicendum,
375 991 436 1055 qudd
458 990 560 1042 ascensio
578 992 664 1044 Christi
683 993 796 1058 quantirm

38 1063 261 1127 termidumdquo‚
279 1076 325 1114 uon
335 1063 510 1113 transcendebat
520 1062 637 1114 hominum
657 1077 801 1115 communem

22 1132 110 1195 reiciam,
127 1135 169 1185 sed
183 1134 255 1185 solim
269 1138 379 1199 quantum
390 1135 419 1185 ad
430 1135 553 1185 erminum
566 1134 601 1184 od
610 1150 693 1200 quem.
708 1137 737 1185 Et
748 1137 802 1186 ideo

22 1205 104 1267 scipuli
126 1209 250 1270 potuerunt
268 1206 347 1256 videre
364 1208 521 1257 ascensionem
542 1206 625 1257 Christi
642 1210 751 1271 quantum
772 1207 801 1257 ad

22 1276 120 1327 urinum
134 1279 229 1340 doque,
240 1276 263 1327 id
278 1282 323 1340 est,
341 1278 464 1328 secundum
480 1278 542 1342 quod
555 1278 686 1327 elevabatur
699 1277 713 1329 i
725 1281 800 1339 terra;

22 1360 41 1393 u
56 1353 136 1399 dotem
154 1349 260 1399 uiderunt
272 1348 349 1413 Ipsum
363 1353 473 1413 quantum
488 1350 517 1399 ad
529 1348 652 1399 terminum
665 1347 702 1399 ad
716 1364 800 1414 quem,

22 1418 47 1464 ria
70 1434 118 1470 non
133 1421 241 1471 viderunt
258 1423 370 1486 quomodo
388 1420 526 1485 reciperetur
540 1420 565 1469 in
580 1420 647 1472 coelo.
662 1420 709 1471 Sed
725 1434 802 1471 resur-

23 1490 66 1539 nio
81 1491 171 1541 Christi
188 1492 363 1542 transcendebat
374 1504 516 1542 communem
528 1491 641 1551 notitiem,
655 1494 679 1542 et
690 1490 800 1555 qnantIm

22 1572 23 1603 l
40 1564 164 1613 terminum
180 1564 258 1628 dqoo
268 1560 404 1627 (secundirm
421 1562 480 1626 quod
494 1562 571 1612 anima
584 1561 651 1613 rediit
664 1562 692 1611 ab
709 1561 799 1624 inieris,

34 1647 119 1697 corpus
133 1634 162 1686 de
184 1636 303 1699 sepulchro
324 1636 401 1685 clauso
415 1633 490 1685 crivit
500 1632 526 1697 )‚
542 1637 567 1685 et
580 1632 689 1697 quantum
705 1636 732 1683 ad
753 1639 803 1684 ter-

23 1702 86 1755 inum
101 1705 138 1758 od
152 1722 242 1773 quem,
257 1706 381 1758 secundirm
397 1706 504 1771 quidest
517 1706 613 1769 adeptos
631 1705 703 1756 uitam
715 1704 802 1769 glorio-

27 1787 55 1824 m.
70 1777 100 1827 Et
113 1778 166 1831 ideo
179 1792 226 1831 non
240 1778 318 1831 debuit
333 1778 468 1831 resurectio
486 1777 536 1828 lieri
548 1777 582 1827 sic
594 1776 655 1840 quod
667 1777 696 1826 ab
708 1776 801 1829 homine

25 1846 124 1900 deretur.

34 1920 63 1968 ld
84 1920 179 1971 tertium
197 1921 331 1985 dicendum,
348 1920 407 1983 quod
426 1923 524 1971 Lazarus
548 1920 694 1971 resuscitatus
713 1923 764 1983 est,
778 1924 804 1970 ut

22 1989 84 2041 turer
99 1994 128 2043 ad
142 1994 212 2043 vitam
222 1994 311 2058 qualem
322 1992 385 2059 priris
404 1994 525 2055 habuerat,
538 2004 588 2056 quo
601 2004 744 2042 communem
755 2004 802 2041 no-

23 2062 69 2114 tium
86 2065 206 2117 hominum
219 2080 265 2118 uon
278 2066 428 2121 transcendit.
439 2068 467 2118 Ei
475 2066 528 2117 ideo
542 2079 588 2116 uon
598 2063 723 2117 estsimilis
733 2064 801 2115 ratio.

298 2246 456 2297 indiculos
471 2246 509 2296 111.

573 2333 583 2355 b

22 2374 91 2421 lirim
106 2376 216 2423 Christos
229 2380 280 2433 post
295 2376 492 2421 resurrectionem
506 2376 614 2421 debuerit
631 2373 742 2420 mulino&
751 2386 805 2419 cum

261 2438 383 2496 discipulis
392 2440 536 2484 conversari.

39 2570 68 2618 td
83 2570 177 2621 tertium
194 2570 227 2621 sic
241 2569 377 2633 proceditur.
393 2570 489 2627 Videtur
501 2568 561 2633 quod
575 2568 681 2619 chrIstns
693 2571 746 2632 post
764 2580 805 2616 re-

23 2642 163 2693 unectiouem
177 2640 280 2692 debuerit
293 2638 402 2691 continui
417 2653 468 2691 cum
482 2639 599 2705 discipulis
615 2638 756 2690 conuersari.
770 2638 805 2687 nd

22 2714 122 2763 uicerim
137 2710 254 2777 discipulis
270 2716 321 2777 post
342 2712 531 2763 resurrectionem
548 2711 666 2776 apparuit,
681 2716 708 2761 ut
722 2724 762 2783 eos
777 2709 806 2760 de

22 2780 49 2828 lle
73 2784 244 2836 resurrectionis
262 2783 416 2845 certificaret,
432 2787 455 2834 et
475 2783 652 2834 consolationem
669 2780 808 2847 perturbatis

26 2851 108 2921 llerret,
127 2856 250 2908 secuudum
263 2855 319 2906 illud
336 2856 436 2913 donno„
451 2854 493 2905 XX
509 2868 515 2904 ι
531 2870 545 2901 n
565 2853 644 2905 Gavisi
664 2856 719 2903 sunt
731 2852 805 2904 disci-

116 2971 153 3010 m.
666 2956 697 3005 28
