1917 3317
591 149 682 197 :2:7⁰
997 155 1121 194 uns
1153 156 1236 205 ιιι,
1275 155 1462 201 Quzsr.
1495 155 1569 203 m,
1604 156 1714 194 Ant.
1747 158 1782 193 1.

649 240 694 284 3.
726 235 973 291 Praeterea,
1000 244 1196 296 persona
1223 230 1513 281 constituitur
1545 244 1629 295 per
1650 235 1869 283 naturam.
1897 233 1917 282 Ε

587 307 777 358 veniens
796 309 868 356 est
885 304 1005 369 quod
1030 304 1323 354 constitutum
1338 307 1538 353 assumat
1556 304 1851 370 constituenS,
1871 321 1917 370 qt

587 393 676 429 uon
713 378 806 440 agit
833 378 881 427 in
910 390 1038 426 suam
1062 388 1260 426 causam.
1297 376 1416 439 Ergo
1447 389 1656 439 personae
1687 390 1778 428 non
1806 392 1917 428 conv

587 463 709 501 mere
744 453 969 498 naturam.

645 522 731 572 Sed
767 526 922 571 eontra
953 522 1051 580 est,
1082 517 1202 581 quod
1242 517 1522 581 Augustinus
1556 518 1694 584 dicit,
1732 523 1806 572 De
1834 521 1917 587 fid·

591 601 727 642 rrum
762 594 899 657 (cap.
929 590 1021 655 2):
1058 607 1085 637 α
1108 591 1312 640 Formam
1350 589 1429 654 (id
1462 596 1531 642 est
1561 596 1805 655 naturam)
1829 607 1917 643 seri

587 667 757 729 arcepit
780 667 901 714 Deus
927 663 1004 712 ille
1026 662 1231 724 (scilieet
1255 661 1517 724 unigenitus
1541 664 1554 725 )
1591 676 1849 727 personam.
1873 681 1903 712 ι)

587 739 876 801 um'qem'tus
898 740 969 786 est
987 747 1200 798 persona.
1229 734 1343 797 Ergo
1366 747 1571 799 personae
1591 735 1816 799 competit
1833 737 1917 787 acci

587 823 680 857 rum
701 843 714 866 ‚
739 808 859 871 quod
881 812 954 857 est
974 819 1221 856 assumere.

654 880 963 945 (Coucmsm.
983 906 1046 915 —
1067 876 1179 926 Ciim
1199 891 1452 926 assumere
1478 876 1538 927 sit
1557 876 1629 927 ad
1648 891 1700 927 se
1726 879 1917 945 aliquia

587 953 631 1001 in
667 964 756 1016 quo
781 955 827 1001 et
855 950 1125 1014 principium
1149 947 1282 998 aetus
1311 952 1358 999 et
1378 948 1600 999 terminus
1629 952 1756 1014 (quae
1781 966 1917 1016 perso

591 1023 754 1086 niunt)
790 1024 1079 1089 denotantur„
1115 1033 1401 1085 consequens
1432 1025 1505 1071 est
1531 1033 1740 1085 personae
1777 1023 1917 1075 divina

591 1096 701 1145 sime
729 1095 975 1146 convenire
996 1093 1275 1156 assumere.)

649 1167 921 1230 Respondeo
958 1166 1220 1226 dicendum,
1244 1164 1362 1228 quod
1392 1166 1441 1214 in
1466 1164 1606 1217 verbo
1646 1167 1917 1231 assumptio}

591 1242 848 1302 portantur,
868 1238 1081 1288 videlieet
1107 1237 1383 1302 principium
1402 1238 1531 1287 actus
1560 1242 1605 1289 et
1621 1237 1869 1302 terminu53
1895 1241 1917 1291 d

587 1325 843 1361 assumere
863 1310 992 1374 quasi
1018 1324 1071 1358 se
1098 1310 1170 1359 ad
1190 1309 1391 1370 aliquid
1418 1325 1632 1360 sumere.
1665 1311 1817 1375 Hujus
1856 1325 1915 1362 au

591 1383 724 1434 tionis
744 1394 940 1445 persona
959 1385 1031 1433 est
1048 1382 1324 1447 principium
1347 1386 1394 1433 et
1417 1382 1637 1432 terminus
1661 1384 1917 1449 :principiu

587 1458 692 1521 quia
717 1469 921 1519 personae
939 1454 1122 1518 proprie
1138 1455 1353 1518 competit
1370 1468 1523 1517 agere3
1537 1455 1804 1519 hujusmodi
1824 1460 1917 1507 aut<

587 1528 735 1578 sturnis
760 1540 841 1590 per
869 1527 1099 1576 actionem
1126 1526 1325 1575 divinam
1346 1525 1466 1575 facta
1489 1528 1576 1577 est.
1601 1525 1823 1577 Similiter
1851 1529 1917 1577 eti

587 1603 658 1649 est
685 1597 822 1661 hujus
853 1596 1129 1661 sumptionis
1161 1598 1403 1655 terminuS‚
1423 1596 1558 1660 quia,
1578 1597 1699 1647 sicut
1725 1599 1871 1664 supra
1897 1601 1917 1651 d

591 1670 698 1719 uuio
733 1671 849 1718 faeta
879 1674 947 1718 est
985 1669 1035 1718 in
1064 1683 1290 1732 persona,
1314 1683 1408 1719 nou
1444 1668 1493 1717 in
1526 1673 1703 1719 natura.
1733 1671 1792 1719 Et
1819 1671 1892 1721 sic

591 1738 892 1805 propriissime
922 1740 1139 1803 competit
1176 1754 1380 1804 personae
1422 1752 1651 1791 assumere
1687 1745 1917 1793 naturam.

652 1813 721 1862 Ad
762 1812 959 1875 primum
995 1826 1103 1876 ergo
1135 1813 1407 1876 dicendum,
1440 1812 1561 1876 quod
1604 1812 1710 1862 cum
1734 1826 1917 1877 person:

595 1884 798 1947 infinita,
841 1896 934 1934 non
974 1888 1127 1947 potest
1167 1884 1209 1935 ei
1238 1885 1333 1934 fieri
1377 1884 1560 1936 additio.
1604 1885 1733 1935 Unde
1770 1888 1917 1949 Cyrill‘

595 1957 760 2021 Epist.
802 1955 1043 2019 synodali
1070 1957 1308 2020 Ephesini
1338 1956 1558 2008 Concz'lz’z'
1588 1956 1655 2021 (1)
1690 1972 1700 2005 :
1738 1974 1768 2005 «
1799 1960 1906 2009 Non

591 2027 920 2093 appositionem
949 2029 1289 2092 conjunctionis
1312 2028 1607 2091 intelligimus
1625 2029 1877 2081 modum.»
1908 2037 1917 2084 ἓ

595 2101 640 2152 iu
662 2100 828 2151 unione
855 2099 1057 2149 hominis
1080 2101 1136 2149 ad
1161 2102 1305 2151 Deum
1323 2139 1337 2164 ‚
1371 2114 1473 2165 quae
1503 2104 1574 2151 est
1602 2114 1683 2165 per
1702 2102 1902 2165 gratiam

591 2186 681 2222 uon
719 2171 896 2222 additur
924 2171 1095 2234 aliquid
1136 2174 1260 2234 Deo,
1290 2174 1368 2222 sed
1408 2172 1519 2223 illud
1548 2174 1667 2237 quod
1706 2173 1917 2227 divinum

591 2245 711 2294 uitur
733 2242 929 2293 homini.
959 2244 1087 2294 Unde
1108 2257 1201 2294 nou
1229 2244 1365 2307 DeuS,
1392 2245 1473 2295 sed
1498 2245 1635 2295 homo
1660 2245 1917 2307 perficitur.

646 2316 715 2365 Ad
734 2315 981 2365 secundum
1012 2315 1271 2376 dicendum,
1291 2315 1411 2379 qued
1443 2328 1639 2379 persona
1658 2314 1825 2368 dieitur
1856 2322 1917 2370 ιἠι

587 2386 784 2443 nubilis,
815 2386 863 2436 in
885 2390 1105 2450 quantum
1133 2400 1224 2437 non
1250 2389 1401 2450 potest
1421 2388 1477 2437 de
1504 2387 1707 2451 pluribus
1739 2403 1917 2455 suppos

591 2457 710 2521 [τεαῖς
738 2457 852 2507 nihil
882 2463 1037 2508 tamen
1075 2458 1286 2521 prohibet
1307 2458 1438 2522 plura
1464 2459 1519 2510 de
1550 2473 1746 2523 persona
1777 2464 1917 2526 praedi

587 2544 679 2581 uon
707 2534 775 2581 est
804 2535 959 2581 contra
993 2530 1212 2581 rationem
1246 2545 1454 2595 persouae
1497 2532 1563 2583 sic
1607 2535 1917 2586 communioni

653 2637 716 2702 (1)
737 2642 825 2687 Vel
844 2640 997 2699 potius
1014 2638 1090 2701 (ut
1106 2640 1371 2687 inscribitur
1392 2639 1460 2704 (in
1478 2642 1689 2700 Epsitola
1713 2655 1857 2701 quam
1874 2658 1917 2691 οι

587 2704 876 2749 Alexandriae
905 2709 1184 2761 congregata
1204 2737 1216 2760 ,
1249 2717 1308 2750 ex
1334 2706 1573 2762 provincia
1600 2707 1784 2764 AEgypti
1827 2710 1889 2755 ad

587 2767 797 2826 scripsit,
835 2778 890 2810 ae
923 2766 993 2809 De
1031 2767 1531 2813 excommunicatione
1561 2768 1825 2827 inser-ipsiu
1873 2784 1917 2818 se

591 2833 635 2873 in
660 2828 865 2873 Cone-ilio
892 2828 1129 2885 Ephesino
1145 2862 1159 2889 ,
1178 2834 1299 2886 part.
1322 2832 1345 2875 I
1364 2835 1412 2877 et
1440 2831 1653 2893 eatenuS,
1665 2836 1720 2878 ut
1744 2835 1917 2892 Ephesi

595 2895 730 2937 [attur.
