1917 3317
147 187 194 234 666
334 194 396 232 rous
409 194 451 241 ιιι,
464 193 558 238 66666.
572 193 664 244 mnu,
676 192 733 230 aar.
747 193 765 228 ι.

146 273 208 336 guod
222 283 305 332 eorpus
318 270 367 330 ejus
387 269 512 332 figurabat,
525 272 552 319 ut
570 272 627 332 quot
640 269 697 319 anui
709 269 798 318 6666666
813 266 907 318 infando

148 347 211 396 tione
220 343 310 407 tempti,
322 347 356 391 tot
366 342 415 392 dies
429 341 514 392 tuerint
523 342 548 390 iu
560 342 664 405 corporis
675 341 765 392 Domini
774 341 899 404 perfectione.
911 364 912 371 ι

148 419 199 469 Non
216 430 270 476 ergo
291 416 315 464 in
331 415 405 477 primo
421 414 518 465 instanti
535 415 694 479 oenoeptionis
714 428 794 479 eorpus
806 414 877 464 Christi
891 426 904 460 ῑ,

148 487 248 554 periente
263 489 394 537 inritatum.

181 564 205 610 6.
221 561 344 622 Praeterea,
356 559 384 608 ad
401 558 561 609 formationem
576 559 679 623 eorporis
699 558 785 608 Christi
798 558 894 620 requiret·

149 636 226 682 motus
242 630 320 681 toratis
338 643 383 692 quo
400 629 519 693 purissimi
532 630 656 692 sanguines
667 631 697 679 de
711 643 803 693 corpore
813 628 895 690 Virgini·

148 703 225 754 iocum
233 701 373 766 generationi
384 714 510 763 oongrnmm
519 701 677 764 peruenirent.
686 702 779 750 Nullum
790 704 858 750 autem
867 713 894 747 ro·

150 778 227 838 potest
250 773 336 823 moveri
351 771 452 823 localiter
470 771 497 821 iu
517 770 627 833 instante
643 785 672 821 eo
690 773 753 834 quod
773 777 858 834 tempus
873 783 892 816 rr·

150 845 258 896 dividitur
279 845 403 894 seeundum
423 841 557 893 divisionem
578 842 681 903 mobilis,
696 847 725 891 ut
746 845 848 906 probatur
864 841 904 888 int

151 919 249 982 Pityaia.
266 919 332 980 (text.
349 920 388 977 37,
403 917 433 964 38
445 918 468 966 et
484 918 536 978 39).
551 917 611 978 Ergo
625 927 710 979 corpus
725 915 899 966 cmistiuouur

151 989 245 1039 instanti
258 989 390 1037 formatum.

184 1062 207 1106 s.
226 1061 353 1118 Praeterea,
368 1070 450 1120 eorpus
469 1056 554 1107 Christi
573 1057 697 1106 formatum
722 1061 759 1107 est
780 1069 810 1108 ex
829 1056 902 1118 purte·

151 1129 302 1192 sanguinibus
311 1127 420 1190 Virginis,
434 1133 460 1176 ut
470 1127 539 1191 supra
549 1127 653 1177 habitum
666 1131 711 1177 est.
729 1130 782 1178 Non
797 1133 867 1177 autem
878 1139 904 1188 p·

151 1215 205 1253 esse
223 1200 316 1250 materia
329 1199 366 1248 itta
377 1199 402 1248 in
414 1199 495 1248 eodem
511 1198 606 1248 instanti
618 1200 713 1260 sanguis
727 1205 750 1249 et
763 1213 830 1262 euro,
843 1199 904 1260 giiii:

153 1272 211 1324 teria
236 1272 269 1321 sie
288 1271 355 1320 simul
373 1271 457 1320 fuisset
480 1271 522 1320 sub
540 1271 628 1320 duabus
644 1269 736 1320 formis.
759 1272 819 1333 Ergo
839 1271 907 1318 atiud,

153 1345 242 1396 ius-taus
255 1343 280 1391 iu
293 1355 337 1405 quo
351 1342 431 1392 ultimo
444 1341 488 1391 tuit
501 1342 611 1403 sanguis,
625 1344 649 1391 et
662 1341 726 1390 atiud
739 1342 765 1391 iu
778 1355 824 1405 quo
833 1342 897 1404 primo

153 1429 208 1466 earu
219 1415 323 1464 6666666.
334 1415 377 1464 Sed
386 1414 448 1464 iuter
462 1413 568 1475 quaefibet
579 1414 624 1462 duo
635 1411 748 1462 instantia
759 1421 798 1464 est
811 1419 905 1476 tempus·

152 1489 225 1540 dium.
244 1487 303 1549 Ergo
316 1499 399 1549 eorpus
413 1485 498 1536 Christi
508 1499 554 1535 666
573 1484 619 1534 tuit
631 1484 658 1533 in
668 1485 768 1536 instanti
782 1486 902 1536 turmatim.

153 1573 196 1624 per
208 1558 298 1620 aliquod
311 1562 412 1620 tempus.

188 1634 211 1680 6.
234 1631 357 1690 Praeterea,
380 1627 439 1676 siout
460 1626 564 1690 potentia
586 1627 761 1688 augmentative
778 1629 869 1692 requirit
885 1628 901 1674 d·

155 1701 267 1752 minatum
281 1704 371 1762 tempus
388 1697 411 1747 iu
420 1711 463 1748 suo
477 1701 544 1761 6666,
558 1698 591 1746 ita
606 1698 677 1748 etiam
695 1702 721 1748 et
734 1699 811 1750 virtus
820 1709 902 1762 tenero:

154 1777 251 1834 utraque
270 1771 331 1820 euim
344 1775 379 1820 est
392 1770 495 1834 potentia
508 1769 633 1831 naturalis,
653 1769 685 1818 ad
695 1774 853 1833 vegetativam
867 1785 898 1818 au·

155 1843 281 1906 pertinens.
295 1842 337 1892 Sed
357 1855 439 1904 eorpus
453 1840 537 1890 Christi
553 1840 597 1889 tuit
611 1840 776 1892 determinatio
790 1847 891 1905 tempure

157 1918 296 1974 mentatum,
311 1912 369 1962 siout
388 1916 410 1962 et
425 1911 521 1961 aliorum
534 1910 653 1960 hominum
672 1925 786 1974 corpora,
801 1913 881 1962 dirinu

157 1987 228 2042 Luc,
239 1985 267 2047 n,
283 1984 343 2047 quiid
360 2002 373 2032 6
384 1983 516 2046 pronrtonat
527 1982 640 2045 sapientia
653 1986 678 2032 et
687 1987 768 2034 66666.
782 2002 797 2031 o
810 1986 870 2046 Ergo
880 1999 897 2026 ι.

156 2057 219 2121 quod
229 2057 277 2121 pari
288 2057 376 2106 ratione
392 2055 496 2105 formatio
509 2054 612 2118 eorporis
622 2054 690 2118 ejus,
702 2070 756 2118 qua
769 2056 873 2119 pertinet
883 2070 904 2099 6.

157 2128 320 2192 generativam,
337 2141 382 2178 uon
394 2126 499 2176 fueritin
512 2125 617 2184 instanti,
633 2127 673 2175 sed
688 2127 846 2178 6666666666
860 2132 899 2175 tur

157 2213 203 2264 quo
219 2199 315 2250 otiorum
329 2199 447 2248 hominum
462 2211 557 2261 corpora
572 2199 709 2248 formantur.

190 2271 234 2320 Sed
249 2276 329 2320 contra
342 2274 391 2330 est,
405 2269 464 2332 quod
481 2267 603 2332 Gregorius
619 2267 676 2318 dioit
691 2270 776 2320 nun.
800 2270 900 2320 noran

159 2358 175 2390 u
197 2342 283 2402 angeio
302 2341 422 2391 uinutiaute
436 2343 459 2390 et
477 2340 564 2403 Spiritu
577 2343 656 2389 saneto
670 2340 835 2406 adveniente,
851 2355 898 2388 mox

159 2411 214 2463 bum
231 2413 257 2462 in
270 2418 351 2472 utero,
368 2426 421 2463 mou
433 2411 492 2461 iutra
505 2415 596 2462 uterum
610 2411 712 2460 Verbum
724 2425 790 2463 earo.
802 2429 819 2460 u

193 2484 355 2548 (tlonuuusru.
365 2482 458 2534 -Cimn
470 2482 570 2547 Spiritus
582 2481 656 2532 sancti
667 2494 741 2546 opere
752 2489 892 2547 eouoepturo

159 2555 212 2608 Filii
226 2555 266 2605 [tei
280 2569 377 2618 corpus,
392 2555 451 2617 quod
465 2554 602 2617 assumpsit,
613 2553 691 2603 decuit
704 2557 732 2603 ut
746 2554 773 2604 iu
781 2552 881 2604 instanti
894 2570 909 2596 i·

159 2631 298 2690 eonoeptum
313 2627 456 2687 tardaretur,
471 2631 495 2676 et
509 2625 523 2675 ir
539 2625 598 2675 Fitio
615 2623 658 2674 Dei
671 2624 867 2684 assumeretur.)

192 2699 328 2760 Respondeo
342 2697 475 2756 dicendum,
488 2696 551 2760 dudd
565 2698 590 2746 in
603 2697 757 2759 conceptione
772 2695 878 2761 corporis
888 2692 903 2735 ι’.

160 2769 203 2817 tria
214 2773 249 2818 est
260 2769 403 2818 considerare
415 2767 503 2831 :primd
516 2767 624 2831 quidem,
635 2772 724 2817 tuntum
738 2768 841 2817 toealem
858 2779 910 2820 soz

160 2839 191 2888 ad
203 2841 277 2888 locum
292 2839 455 2902 generationis3
474 2838 584 2901 6666666,
598 2838 763 2889 formationem
777 2836 900 2902 eorporis»

162 2909 270 2972 materia;
292 2908 359 2959 tertio
376 2914 467 2973 autem,
485 2914 692 2974 augmentumque
705 2910 847 2973 perducitur
860 2908 889 2956 ad
908 2919 912 2927 ·
