1917 3317
212 237 243 275 nn
258 234 498 277 mausmuumrrorru
512 235 615 285 curare
767 230 813 281 tit

22 314 133 365 uamdam
149 311 330 365 conformitatem
349 312 456 377 imaginis
477 313 506 364 ad
518 312 602 365 filum
617 313 662 365 liei
673 315 813 380 natmalemg

22 388 67 439 uod
77 385 172 449 qudem
186 384 212 435 fit
221 384 349 449 dupliciter:
360 384 433 449 primd
445 385 552 451 guidem,
562 386 588 436 tlt
596 399 637 451 per
647 387 745 451 gratiam
758 388 812 450 riae,

22 471 58 508 ua
70 460 108 509 est
123 456 272 507 conformitas
283 456 430 522 imperfecta;
441 456 557 518 secundo,
567 470 608 522 per
617 458 712 522 gloriam
722 459 814 523 patria,

22 542 59 579 uae
73 526 119 577 erit
132 526 280 579 conformitas
293 528 393 593 perfecta
400 564 409 591 ‚
423 528 550 579 secuudum
563 529 619 579 illud
631 531 650 579 l.
666 532 750 584 toan..
767 531 813 583 lll:

32 601 102 650 Nunc
125 598 168 648 lilii
186 597 226 649 liei
242 612 337 663 sumus,
353 603 376 651 et
394 600 496 651 noudum
513 600 620 664 apparuit
640 600 695 663 quid
711 600 814 665 erimus;

22 671 97 722 cimus
111 671 220 735 quoniam
233 671 285 722 edm
298 672 440 737 apparuerit,
455 672 543 723 similes
557 674 579 723 ei
593 671 694 735 erimus,
706 674 815 736 quoniam

22 742 142 794 idebimus
153 756 205 793 eum
217 743 285 793 sicuti
294 747 339 794 est.
351 742 428 803 »Quia
436 743 505 808 igitur
516 744 611 808 gratiam
623 758 664 807 per
673 744 813 809 baptismum

22 815 187 877 onseqnimur‚
201 814 226 864 iu
235 814 432 878 uausfiguratione
446 818 523 865 autem
536 818 708 879 premonstrata
716 819 752 866 est
766 817 817 867 cla-

22 885 66 935 itas
85 886 170 937 futurae
190 885 283 949 gloriae,
295 884 347 937 ideo
363 889 410 935 tam
423 885 448 935 in
464 885 579 949 baptismo
600 886 669 950 quim
687 886 712 936 iu
726 888 817 938 transfi-

22 956 143 1019 uratione‚
155 956 295 1007 conveniens
308 957 351 1008 fuit
361 956 502 1007 manifestari
520 957 644 1008 naturalem
658 957 743 1009 Christi
758 958 817 1008 filia·

22 1029 99 1079 tonora
121 1027 254 1079 testimonio
269 1028 362 1091 Patris3
384 1027 438 1092 quia
454 1029 519 1079 solus
539 1031 575 1079 est
592 1029 692 1093 perfecto
711 1029 817 1080 conscius

22 1100 75 1151 lius
94 1100 204 1164 perlectae
214 1100 368 1164 generationis
381 1100 450 1151 simul
460 1114 513 1149 cum
526 1098 584 1150 Filio
596 1104 620 1151 et
631 1101 717 1165 Spiritu
726 1106 817 1154 sancto.

46 1172 82 1221 ild
96 1170 195 1235 pumuar
206 1184 260 1235 ergo
273 1170 394 1223 dicandum
400 1207 409 1233 ,
423 1169 486 1235 qudd
498 1171 555 1222 illud
565 1171 660 1223 verbum
676 1173 820 1225 referendum

22 1245 51 1295 rat
68 1243 97 1293 ad
116 1245 225 1293 aeternam
247 1242 288 1293 [tei
312 1242 470 1302 locutionem,
489 1255 534 1306 qua
556 1243 615 1293 Deos
632 1244 699 1293 Pater
718 1244 819 1297 Verbum

22 1312 110 1365 micum
128 1313 222 1379 protulit
241 1314 284 1364 sihi
298 1316 444 1365 coaeternum.
464 1314 493 1365 Et
510 1318 587 1365 muron
602 1317 678 1379 potest
695 1313 741 1366 dici
759 1314 822 1379 quod

22 1386 69 1437 icet
82 1386 144 1437 idem
158 1386 270 1450 corporali
284 1399 342 1437 voce
355 1386 416 1437 Deus
428 1386 561 1451 protulerit,
572 1399 618 1436 non
634 1390 713 1437 tamen
725 1389 822 1451 propter

22 1460 93 1522 dem,
106 1459 146 1509 sed
160 1458 188 1509 ad
200 1458 228 1508 ad
237 1458 403 1509 ostendendum
418 1457 534 1508 diuersum
551 1458 642 1508 modum
655 1470 702 1521 guo
716 1458 822 1509 nominos

22 1529 155 1594 >anticipare
171 1534 266 1593 possunt
281 1528 451 1580 similitudinem
462 1528 578 1580 filiationis
592 1533 694 1580 eterna.

51 1602 84 1652 ld
103 1603 228 1653 secundum
246 1600 382 1665 dicendum,
399 1600 460 1665 quod
472 1600 533 1651 sicut
543 1601 568 1651 irr
579 1600 707 1666 baptismo,
721 1600 762 1653 ubi
778 1603 822 1653 de-

23 1675 129 1724 :iuratum
147 1671 192 1723 fuit
207 1672 342 1737 mysterium
359 1671 438 1737 prima
459 1671 653 1736 regenerationis,
670 1676 765 1725 ostensa
785 1677 824 1726 eat

23 1744 124 1811 operau'o
136 1745 208 1796 totius
220 1744 357 1807 Trinitatis,
372 1758 412 1808 per
429 1745 473 1797 hoc
483 1744 543 1809 qudd
558 1744 603 1795 fuit
617 1743 649 1793 ili
662 1744 733 1795 Filius
747 1745 823 1797 mear·

23 1820 97 1879 sutus,
111 1817 216 1881 apparuit
229 1815 327 1880 Spiritus
341 1820 433 1867 sanctus
445 1817 470 1866 in
484 1816 563 1880 specie
575 1816 702 1878 columbae,
716 1821 741 1867 et
751 1817 821 1869 Pater

23 1888 68 1941 luit
82 1888 116 1937 ibi
132 1888 258 1939 declaratus
279 1889 304 1938 iu
328 1901 400 1951 roce;
423 1888 456 1937 ita
474 1887 543 1939 etiam
562 1888 585 1938 iu
608 1888 822 1951 transfiguratione,

23 1973 76 2025 qua
97 1962 132 2011 est
146 1964 312 2011 armamentum
326 1960 432 2011 secunda
448 1960 639 2023 regenerationis,
658 1963 707 2011 tota
724 1959 823 2011 lrinitm

24 2030 142 2097 apparuit,
154 2033 221 2083 Pater
233 2030 258 2080 in
268 2044 335 2095 voce,
348 2030 418 2081 Filius
430 2030 456 2081 in
464 2030 567 2092 homine,
581 2030 679 2095 Spiritus
692 2035 785 2083 sanctus
799 2031 824 2083 iu

24 2102 87 2155 nube
109 2101 181 2166 clara;
195 2102 264 2167 quia,
278 2102 336 2153 sicut
355 2102 379 2152 in
397 2102 511 2166 baptismo
529 2102 823 2167 infirmatamque

24 2188 67 2239 per
86 2172 253 2237 simplicitatem
276 2174 386 2225 columba
406 2174 545 2235 designatur,
562 2172 594 2223 ita
613 2173 638 2223 iu
659 2175 825 2227 resurrectione

24 2242 86 2296 dabit
107 2244 184 2295 edecus
198 2245 246 2295 suis
264 2244 389 2295 claritatem
412 2244 489 2309 gloriae
510 2247 534 2294 et
552 2244 695 2309 refrigerium
713 2245 743 2295 ab
763 2245 826 2298 omui

26 2316 86 2366 malo
96 2354 102 2376 ,
113 2330 163 2380 qum
176 2316 322 2379 designantur
332 2315 357 2366 in
371 2316 430 2366 nube
443 2316 528 2366 lucida.

61 2386 94 2437 dd
102 2387 193 2437 tertium
205 2386 332 2451 dicendum,
343 2386 403 2453 pudd
417 2387 521 2439 Christus
532 2392 627 2438 reserat
640 2388 734 2451 gratiam
747 2390 826 2438 actua-

26 2459 79 2509 liter
96 2459 163 2522 dare,
181 2457 274 2523 gloriam
293 2458 347 2511 uerd
364 2458 496 2523 promittere
517 2459 595 2509 verbo.
613 2460 641 2509 Et
665 2459 716 2511 ideo
742 2471 826 2510 conve·

28 2530 118 2581 nienter
140 2530 165 2581 in
182 2529 380 2595 mausfiguratioue
401 2529 542 2581 inducuntur
562 2532 684 2594 homines,
707 2535 732 2582 ut
751 2531 828 2595 ipsum

29 2600 136 2666 audiam,
150 2615 196 2653 nou
209 2606 284 2653 autern
299 2602 323 2651 iu
336 2600 459 2665 baptismo.

63 2674 95 2723 ld
106 2677 209 2738 quartum
219 2674 348 2738 dicendum,
359 2674 420 2737 quod
433 2673 572 2725 conueniens
583 2675 627 2726 fuit
636 2674 760 2741 discipulos
768 2688 826 2727 voco

29 2744 122 2813 patemt
133 2744 214 2797 terreri
226 2748 250 2797 et
260 2746 387 2811 prosterni,
400 2748 425 2797 ut
439 2748 597 2799 ostenderetur
618 2747 679 2811 quod
691 2748 828 2800 excellentia

29 2817 92 2869 illius
106 2817 179 2881 glorias
187 2830 238 2882 qua
249 2822 304 2869 tunc
316 2818 522 2881 demonstrabatur,
533 2818 622 2869 excedit
629 2831 719 2869 omnem
734 2830 829 2870 sensnm

29 2895 54 2943 et
69 2889 195 2941 facultatem
219 2889 361 2954 mamalum,
373 2890 500 2941 secundum
520 2889 575 2943 illud
593 2889 691 2947 Emori„
713 2890 827 2945 xxxlll:

32 2979 46 3013 o
56 2962 106 3040 Nou
126 2959 210 3017 ridebit
223 2974 262 3019 me
273 2962 342 3015 homo
349 2998 358 3029 ,
369 2965 393 3014 et
405 2961 503 3019 vireta
520 2962 550 3017 uc
562 2963 608 3017 uec
620 2964 658 3017 eet
670 2963 732 3029 guod
749 2963 831 3022 litoro-
