1917 3317
184 163 218 200 uu
231 161 397 200 concurrunt
413 161 574 211 intraturus,
589 163 644 202 urc.
770 155 820 204 ott

42 242 153 298 cntionem,
162 242 330 302 corpustamcn
341 237 600 301 tcamvirginis,qunu
610 240 738 290 exsemine
748 242 817 293 maris

42 315 59 357 st
71 314 213 374 conceptum,
232 311 257 358 in
272 310 342 358 idum
361 311 384 358 et
400 307 426 358 in
444 309 499 358 aliis
513 309 619 372 patritus
632 310 676 361 init
688 311 815 362 secundiani

42 381 139 432 risorem
146 379 306 430 seminalem.
314 379 342 428 m
349 379 400 430 ideo
410 379 522 430 mediante
530 381 596 430 beatu
604 381 706 445 Virgine,
717 383 822 434 cunutus

42 452 136 501 emunim
159 463 252 502 carnem
269 450 351 500 dicitnr
364 463 416 501 esse
434 463 463 500 ex
477 451 566 501 semme
579 452 651 502 David
666 465 708 516 per
724 453 818 504 modum

47 537 117 572 ruinis.

50 597 77 642 ‚tt
95 593 189 643 tertium
205 592 344 653 dicendum,
359 592 418 656 quod
429 593 534 644 Christus
549 595 618 645 habet
633 595 767 647 trinitatem
789 598 818 647 ud

42 679 136 714 numum
156 677 231 727 genus
246 661 370 714 secundnm
386 663 562 715 similitudinem
578 665 674 729 speciei.
689 666 819 718 Similitudo

45 747 86 785 tem
103 734 191 800 speciei
205 733 337 796 attenditur,
351 748 396 786 nnn
412 734 535 784 secundnm
553 736 671 786 materiam
689 744 815 801 muretum,

42 806 190 858 rsecundirm
204 805 325 856 materiam
341 805 480 870 proximam,
493 813 517 858 et
534 807 659 857 secuntum
679 809 817 873 principium

42 887 126 940 trum,
141 878 205 941 quod
229 881 326 939 generet
345 878 389 927 sihi
410 878 485 928 simite
506 879 530 927 in
546 878 675 943 speciem).
695 880 818 942 sicigitur

42 953 105 1000 ,nitas
123 949 214 1000 Christi
237 949 265 998 ad
287 947 411 998 hurmannm
426 963 498 1012 genus
518 950 659 1000 sufficienter
671 955 819 1002 conservatur

42 1039 44 1070 r
63 1025 103 1073 hnc
113 1022 180 1086 quod
195 1033 278 1086 corpus
287 1019 371 1070 Christi
381 1019 502 1070 formatum
514 1025 550 1070 est
560 1034 590 1070 eu
604 1022 754 1084 sanguinibus
766 1023 818 1072 Vir-

42 1109 74 1152 is,
88 1089 200 1144 deriiatu
213 1090 340 1142 secundnm
354 1090 464 1154 originem
476 1091 505 1141 ab
515 1092 600 1152 idam,
613 1096 636 1142 et
647 1092 817 1156 atiispatribus.

42 1181 52 1212 c
73 1166 144 1216 refert
158 1163 191 1213 ad
207 1163 269 1212 hanc
290 1162 425 1212 affluitatem
444 1164 602 1226 undecumque
618 1164 712 1214 materia
727 1164 818 1215 ittomm

42 1239 142 1286 minum
155 1238 253 1297 sumpta
265 1233 347 1296 inerit,
363 1233 422 1284 sicut
436 1248 478 1283 nec
492 1235 535 1285 troc
547 1234 618 1284 retert
630 1234 656 1284 in
671 1236 817 1297 generatione

42 1325 97 1359 ,mm
111 1306 242 1359 nominum
249 1341 259 1368 ‚
274 1304 332 1356 sicut
344 1305 368 1354 in
385 1306 404 1354 1.
421 1309 486 1368 parte
500 1306 644 1355 dictumest.

299 1482 462 1534 ARTICULUS
477 1484 526 1534 vss.

42 1619 99 1660 ‘rum
119 1623 186 1658 caro
204 1607 296 1654 ctrina
310 1608 337 1652 in
350 1609 490 1664 parentibus
504 1609 579 1657 tuerit
593 1611 687 1664 peceato
697 1609 804 1653 obnoxio.

42 1746 57 1792 ,t
72 1740 212 1806 septimum
228 1735 263 1785 sic
279 1733 409 1798 proceditur
425 1736 471 1797 (i).
483 1735 579 1786 Videtur
594 1735 655 1798 quod
668 1748 721 1786 caro
736 1733 820 1786 Christi

47 1814 138 1878 niquis
159 1807 273 1875 patribus
287 1808 383 1870 peccato
396 1806 483 1856 intecta
502 1820 547 1856 non
561 1807 638 1856 tuerit.
654 1807 741 1856 Dicitur
757 1808 820 1858 enim

55 1891 121 1942 eni..
137 1883 198 1941 vn,
212 1877 276 1940 quon
291 1894 304 1922 «
319 1876 344 1925 iu
361 1875 461 1926 divinam
479 1878 616 1940 sapientiam
637 1877 694 1926 nihil
713 1877 820 1940 inquina-

55 1956 171 2008 rncnrrit.
181 1967 197 1998 n
215 1947 322 1998 Christus
335 1951 411 1997 autem
420 1951 455 1998 est
468 1948 509 1998 Dei
526 1947 655 2011 Sapientia,
668 1953 693 1997 ut
706 1948 789 1997 dicitur
798 1949 818 1998 1.

49 2035 121 2089 Uer„
139 2028 164 2076 1.
187 2023 253 2082 Ergo
267 2032 321 2069 caro
335 2017 385 2082 ejus
405 2032 520 2082 uunquam
532 2024 626 2082 peccato
636 2019 753 2082 inquinata
766 2018 819 2068 init.

43 2145 44 2148 ,
62 2107 209 2154 Praeterea,
231 2091 384 2140 Damascenus
402 2090 456 2140 dicit
475 2091 501 2139 in
517 2091 557 2140 111.
582 2091 623 2139 tib.
638 2091 698 2152 quod
716 2089 819 2140 etrntns

42 2177 143 2225 mitian
164 2167 259 2218 nostrae
277 2167 365 2213 naturae
384 2164 518 2227 assumpsit.
533 2179 547 2210 n
561 2163 606 2212 Set
626 2163 650 2211 iu
670 2161 743 2224 primo
756 2164 817 2211 statu

57 2256 168 2296 numana
187 2248 243 2294 non
255 2238 305 2284 crat
318 2239 412 2298 peccato
425 2234 518 2284 iniecta.
530 2235 589 2296 Ergo
606 2246 659 2282 caro
674 2231 759 2282 curisti
772 2245 819 2282 non

55 2321 169 2378 nfecta,
188 2319 240 2360 nec
254 2305 280 2355 in
299 2305 386 2369 Adam,
402 2319 444 2356 nec
460 2306 486 2354 in
504 2305 555 2354 uitis
568 2305 679 2368 patritus.

57 2397 207 2444 Praeterea,
226 2377 372 2440 Augustinus
389 2376 444 2426 dicit
456 2377 485 2426 X.
499 2378 582 2440 Super
597 2377 681 2426 Gerees.
696 2375 733 2424 od
745 2374 821 2424 litte-

59 2477 138 2528 pcnp.
164 2455 234 2516 2⁰),
252 2447 313 2512 qnod
330 2451 432 2497 ‹rnatnra
452 2449 552 2497 hnmana
566 2461 655 2510 semper
668 2447 749 2496 habuit
768 2459 819 2495 cum

54 2552 75 2586 rc
92 2527 217 2585 uulneris
234 2518 408 2571 medicinam.»
423 2519 468 2569 Scri
479 2518 503 2568 id
515 2519 574 2582 qnod
589 2522 625 2568 est
638 2517 746 2568 intectum
757 2555 764 2577 ,
774 2528 821 2566 non

66 2705 94 2746 In
106 2689 257 2758 proposito
267 2717 277 2756 ,ι
285 2683 327 2728 Ubi
341 2681 369 2727 de
381 2681 494 2756 principio
503 2681 602 2756 univoco
613 2682 689 2754 agitur
702 2686 727 2724 et
739 2679 767 2724 de
779 2691 821 2752 ge-

53 2779 105 2810 rone
128 2751 243 2819 propria
255 2749 333 2796 dictas
350 2757 398 2789 non
411 2757 472 2818 enum
488 2757 624 2803 principium
636 2750 737 2790 acutum
748 2753 822 2798 nqui-
917 2760 918 2777 2

47 2843 80 2882 m,
97 2827 172 2874 sicut
184 2817 239 2872 set,
258 2811 293 2856 sie
304 2813 401 2865 generat
413 2807 497 2854 srmrlc.

42 2911 47 2962 p
64 2904 98 2946 pe
111 2899 154 2944 nis
171 2890 260 2938 etiam
274 2881 322 2941 111,
338 2878 393 2926 dist.
404 2878 428 2940 3,
440 2890 480 2936 qu.
491 2878 517 2941 t,
530 2883 574 2925 art.
587 2876 610 2923 i'.

91 3010 129 3048 w·
681 2972 712 3020 to
