1917 3317
81 247 84 251 Ι
136 200 168 237 or
183 198 261 239 muse
277 199 414 242 micturus
428 199 553 241 rossrours
568 200 671 241 curun.
754 194 801 245 m

39 278 62 323 3.
78 278 208 333 Preterea¹
222 275 257 327 illi
269 276 309 341 qui
328 278 356 328 ub
378 276 430 327 eliis
450 276 594 341 occiduntur,
613 292 655 343 per
669 279 802 333 uiolentiam

37 346 142 409 ciuntur,
159 349 182 396 et
198 345 230 397 ita
244 361 290 399 uon
307 346 451 412 colouterib3
467 348 521 411 quie
539 349 665 401 dolentum
679 351 802 415 opponitur

39 416 138 471 clutorio.
153 417 197 468 Sed
217 420 358 482 Augustinus
369 419 423 472 dicit
435 420 460 471 iu
474 420 514 469 lv.
529 422 566 471 De
581 423 674 472 Trr'm't.
687 421 747 486 (ubi
763 436 801 473 su-

37 492 68 551 l,
86 488 149 553 quod
164 506 179 539 u
196 488 294 555 Spiritus
312 492 401 543 Christi
419 505 465 542 uon
484 492 583 544 deseruit
600 506 691 545 cerueru
705 494 802 557 inritus,

37 564 39 609 l
56 562 111 624 quie
124 560 207 621 voluit,
216 563 306 626 quando
316 563 398 625 uoluit,
407 567 431 615 et
440 564 554 627 quomodo
565 566 647 617 uoluit.
662 564 738 618 ultori
750 578 804 630 ergo

37 635 107 683 rictus
124 636 160 684 est
174 632 202 683 ab
215 632 265 684 aliis
279 634 376 696 occisus,
391 637 431 687 sed
445 635 457 685 l
469 636 555 698 seipso.

37 708 73 755 =ed
89 708 171 756 contre
190 709 240 766 est,
249 707 308 770 quod
323 706 407 758 dicitur
420 708 492 767 Luc„
505 708 573 759 ltVlll
586 722 592 757 :
604 708 751 773 «Postquam
765 708 816 758 llo-⁴

38 775 158 837 laverint,
173 776 277 827 occident
288 791 349 829 eum.
361 795 375 827 o

37 851 200 913 [Concuusro.
214 876 246 887 -
260 849 364 901 Christus
384 863 430 903 nou
444 850 457 900 b
473 850 565 915 seipso,
579 851 621 901 sed
635 848 648 900 l
662 850 709 902 sois
727 864 805 916 perse·

38 923 120 973 oribus
136 921 182 972 luit
196 920 291 981 occisus,
306 936 352 973 sum
366 924 444 973 temen
459 922 541 973 mortis
556 922 706 975 conmisisse
715 923 804 987 dieitur,

37 1010 45 1043 r
67 1008 123 1044 cunr
142 992 293 1057 probibendo,
306 1007 357 1043 cum
370 994 473 1059 posset.)

37 1064 178 1129 respondeo
191 1064 328 1129 dicendum,
344 1064 403 1129 qudd
423 1064 505 1127 uliquis
518 1068 594 1130 potest
607 1079 658 1117 esse
675 1079 745 1117 censa
765 1067 807 1117 eli·

37 1154 61 1188 us
77 1137 180 1187 ellectus
193 1136 312 1200 dupliciter
327 1152 333 1187 :
348 1150 395 1187 uuo
412 1137 488 1193 modo,
498 1135 583 1187 directe
594 1138 620 1187 ed
637 1136 693 1187 illud
708 1138 768 1201 quod
781 1137 809 1187 lit

39 1210 101 1268 udo;
116 1211 145 1259 et
163 1208 207 1258 boo
220 1208 287 1259 modo
301 1212 458 1271 persecutores
477 1206 563 1259 Christi
583 1221 636 1257 eum
657 1207 807 1270 oeciderunt3

37 1276 47 1331 i
63 1279 227 1330 sufficientem
238 1291 330 1331 causum
346 1278 425 1331 mortis
434 1278 455 1329 ei
469 1278 609 1339 intulerunt,
618 1291 670 1327 cum
681 1278 809 1328 intentione

38 1351 124 1402 idendi
144 1349 223 1414 ipsum
238 1353 261 1400 et
275 1350 357 1401 effectu
371 1351 541 1413 subsequente,
557 1347 610 1413 quio
628 1348 715 1399 scilicet
728 1361 757 1398 er
769 1348 808 1399 ille

37 1439 61 1475 su
79 1426 123 1473 est
137 1434 201 1472 mors
215 1422 346 1473 subsecuta.
360 1421 409 1473 llio
424 1422 492 1472 modo
505 1420 587 1472 dicitur
600 1418 758 1484 aliquisceuso
769 1418 810 1469 ab·

37 1513 62 1547 os
72 1492 212 1557 indirectb3
224 1492 311 1545 seilicet
319 1494 373 1557 quie
384 1506 430 1545 uon
439 1491 536 1556 impedit
544 1490 596 1541 cirm
606 1490 717 1555 impedire
727 1492 809 1555 possit,

37 1574 52 1619 rt
68 1570 90 1619 si
113 1567 204 1617 dicutur
215 1564 297 1629 aliquis
311 1566 379 1615 ulium
392 1565 544 1629 pertundere,
555 1564 608 1627 quie
622 1576 669 1614 nou
683 1563 762 1614 clausit
776 1564 811 1615 to·

38 1650 103 1693 tram
118 1652 165 1705 per
178 1651 246 1701 quom
257 1638 329 1687 imber
339 1636 472 1701 ingreditur.
484 1636 514 1686 lit
524 1638 569 1687 boc
576 1637 642 1687 ruodo
650 1637 700 1699 lpse
708 1634 811 1687 cbristus

50 1726 129 1765 ceusu
141 1724 192 1763 suae
206 1708 320 1774 passionis
333 1708 456 1771 elmerus,
470 1711 558 1773 poterut
570 1709 631 1759 enlm
645 1722 709 1758 suem
723 1706 811 1771 passio-

38 1804 46 1837 ι
67 1792 95 1837 et
118 1785 221 1834 rnortem
235 1780 345 1846 impedire
359 1796 365 1829 :
380 1778 566 1844 primoquidem,
581 1780 721 1830 aduersarios
734 1780 811 1845 repri-

38 1862 82 1911 udo
93 1897 101 1921 ‚
114 1860 145 1909 ut
155 1866 212 1905 eum
226 1856 325 1903 autnon
343 1850 441 1915 vellent,
454 1856 495 1901 eut
509 1864 555 1903 nou
569 1855 665 1916 possent
674 1851 809 1903 interlicere.

39 1930 122 1993 undo,
145 1923 203 1991 quio
223 1922 318 1989 spiritus
336 1924 387 1988 ejus
403 1922 501 1973 babebat
514 1927 647 1987 potestatem
662 1921 814 1973 conservandi

42 2018 104 2053 rrum
124 1996 209 2051 cornis
222 2009 280 2057 sum,
293 1992 344 2045 ned
358 2006 501 2058 quocumque
510 1994 590 2045 taesiuo
601 1993 687 2045 indicto
698 1994 812 2057 opprime·

39 2092 73 2135 1r3
88 2071 158 2139 quod
172 2066 265 2131 quidem
278 2064 359 2116 babuit
372 2065 446 2115 anime
458 2064 552 2125 Christi,
564 2066 618 2128 quie
628 2071 677 2116 erut
688 2064 761 2116 verbo
772 2065 812 2117 llei

40 2150 128 2211 juncta
143 2140 173 2191 iu
189 2137 276 2187 unitate
290 2149 401 2200 persone,
421 2142 447 2187 ut
462 2135 600 2199 Augustinus
617 2136 670 2186 dicit
684 2135 709 2186 io
722 2136 760 2186 lV.
776 2136 814 2185 De

42 2219 132 2267 putate
145 2213 155 2276 (
167 2210 208 2259 nbi
226 2206 324 2273 sopri).
336 2207 393 2265 Quin
412 2220 466 2271 ergo
479 2207 554 2257 noina
569 2207 653 2257 Christi
671 2219 719 2257 non
731 2206 815 2271 repulit

40 2290 122 2353 roprio
143 2294 245 2345 corpore
260 2281 422 2331 nocumentum
442 2278 546 2338 illatum,
561 2279 601 2328 sed
614 2278 687 2329 uoluit
700 2278 760 2342 qubd
774 2292 813 2329 nu-

40 2378 47 2413 r
68 2354 211 2425 corporalis
229 2353 263 2403 illi
281 2354 420 2402 nocumento
439 2350 608 2412 succumberet,
620 2350 702 2401 dicitur
718 2351 816 2401 animum

42 2450 62 2484 m
79 2428 217 2497 posuisse,
232 2424 268 2473 rel
283 2420 409 2473 voluntarie
420 2425 522 2471 mortuus
536 2433 595 2471 esse¹

41 2510 61 2555 ld
79 2504 197 2569 primurn
213 2508 268 2558 ergo
289 2492 498 2558 dicendum,qubd
518 2490 571 2541 obru
592 2492 673 2543 dieitur
693 2507 699 2543 ε
716 2511 730 2541 ι
746 2494 818 2545 Nemo

41 2580 56 2629 lt
72 2575 190 2626 animam
201 2567 215 2617 l
228 2578 280 2629 me,
289 2582 303 2611 n
313 2563 456 2629 intelligitur,
472 2577 512 2612 me
526 2563 619 2625 incito,-
634 2564 766 2628 quodecim
777 2561 819 2615 ali-

41 2667 47 2698 s
66 2649 97 2699 ab
124 2640 209 2695 invito
223 2638 316 2699 euiert,
331 2634 369 2685 eui
383 2637 487 2685 resistere
500 2647 547 2685 uon
560 2638 645 2699 potest,
659 2634 714 2685 illud
727 2634 818 2700 proprie

46 2728 85 2770 tur
100 2714 169 2769 tolli.

47 2797 58 2843 :l
72 2787 215 2844 secundum
229 2780 368 2841 dicendum,
385 2778 445 2844 qubd
459 2783 486 2829 ut
498 2779 604 2829 cbristus
618 2776 748 2828 ostenderet
758 2776 820 2843 quod

42 2868 74 2915 ,lo
83 2861 130 2912 illu
144 2870 195 2924 per
205 2852 340 2905 violentiam
353 2851 404 2917 ejus
414 2850 513 2901 unimam
524 2862 571 2900 uon
584 2848 705 2913 eripiebat,
715 2850 820 2899 natorum

43 2936 149 2991 ‚orateur
164 2930 195 2983 in
210 2937 255 2979 suu
264 2924 398 2979 tortitudine
411 2921 611 2985 conserueritut,
620 2918 730 2975 etiemiu
744 2923 822 2976 extre·
