1917 3317
129 2 147 29 ,..
187 2 189 4 .

98 225 119 272 ιι
128 231 253 275 munuum
270 229 341 274 ctam
357 227 455 274 ιιιιιιιι
468 231 545 273 tusus
560 230 685 274 aurnuns.
734 219 779 271 tte

60 315 94 359 sset
108 310 280 363 incircumcisus.
295 311 393 376 Quinto,
407 317 434 362 ut
451 310 572 362 obediendi
589 312 697 363 virtutem
713 311 783 363 nobis

60 384 202 435 conuerteret
211 384 328 448 exemplo,
339 384 400 435 uude
410 388 435 434 et
442 387 522 434 octaua
533 382 569 433 die
581 382 725 433 circumcisus
734 388 778 445 est,

57 453 84 500 lin
95 455 135 518 lege
147 458 196 507 erat
209 458 356 519 preceptum.
369 456 447 518 Serto,
461 459 486 503 ιι
499 454 552 519 qnia
570 454 594 503 in
606 454 778 505 similitudinem

58 525 154 588 spectati
174 527 310 590 aduenerat,
325 528 450 578 remedium
459 540 506 590 quo
515 539 568 577 caro
579 525 669 590 peccati
683 538 781 577 consue-

58 633 60 640 .
75 600 163 649 ιιιιιιιιι
185 612 232 649 ιιι
246 602 372 662 respueret.
383 598 499 663 Septimo,
513 602 538 648 ut
554 597 612 661 legis
628 610 686 648 onus
699 597 724 647 iu
744 611 781 648 se·

58 683 110 731 nens,
120 672 175 722 alios
185 671 200 721 lt
210 670 270 733 legis
284 683 354 721 onere
367 671 486 733 liberaret,
505 669 629 719 secundina
639 670 696 721 illud
710 670 779 729 Gal,

61 760 69 785 u
79 744 131 795 llisit
140 746 203 795 neus
215 742 299 792 lilium
316 757 384 793 sunm
404 744 490 792 iactum
507 740 630 805 sublege,
645 746 670 792 nl
686 740 780 807 eosqui

60 830 91 875 ge
102 822 160 867 erant
166 853 175 880 ,
191 814 323 865 redimeret.
334 830 349 861 u

68 886 154 947 prinum
165 900 223 951 orgo
236 886 371 949 moenium,
386 886 446 950 quiri
463 886 605 939 circumcisio
617 901 658 952 per
672 887 779 939 remotio·

58 959 136 1008 u·nalis
147 957 264 1023 pelliculis
279 957 304 1007 in
316 960 417 1009 neutro
431 960 585 1022 generationis
597 958 672 1021 lacta,
689 959 780 1023 signill-

67 1032 235 1094 cxpoliationem
247 1033 343 1081 uetustae
361 1031 530 1095 generationis,
544 1032 557 1081 a
577 1044 621 1095 qua
635 1032 725 1095 quidem
740 1044 780 1082 ue·

58 1123 67 1151 ι
77 1106 194 1155 liberamur
207 1103 386 1167 perpessionem
396 1104 488 1155 cunuti.
501 1107 531 1155 El
547 1105 598 1155 ideo
612 1105 779 1169 centustatus

58 1189 63 1222 ι
75 1190 114 1225 ιιι
122 1176 167 1226 luit
179 1173 250 1240 pleno
269 1174 396 1239 impletain
406 1176 490 1226 Christi
504 1176 634 1235 nativitate,
643 1177 683 1227 sed
692 1176 718 1225 in
730 1177 780 1239 ejus

58 1258 96 1310 nc,
112 1251 167 1298 ante
181 1260 252 1310 quarn
270 1245 412 1297 circumcisio
434 1260 499 1297 suam
517 1248 636 1299 ueritatem
657 1252 680 1299 et
695 1250 778 1297 statum

58 1322 84 1367 ιι.
99 1321 126 1369 Et
138 1321 194 1370 ideo
210 1318 286 1368 decuit
300 1317 418 1367 Christum
434 1323 488 1368 anto
504 1330 567 1368 suum
581 1321 712 1383 passionem
729 1323 780 1369 tan·

69 1390 132 1439 tilium
147 1390 247 1441 lbrahae
263 1388 404 1439 circumcidi.

59 1464 183 1513 secunlum
197 1461 329 1525 dicentium,
337 1460 396 1524 quod
409 1462 513 1512 Christus
523 1460 718 1513 circumcisionem
730 1474 780 1511 sus-

58 1548 80 1583 eo
95 1540 219 1599 temporo,
234 1546 280 1596 quo
293 1538 342 1583 erat
356 1533 398 1583 sut
409 1536 534 1597 praecepto.
547 1535 575 1584 Et
591 1532 642 1583 icleo
656 1532 707 1597 ejus
721 1533 780 1583 ectio

58 1612 101 1656 *est
113 1608 185 1658 nohis
197 1605 318 1667 imitanda,
332 1608 359 1654 ιι
371 1606 519 1656 observemus
532 1618 559 1655 ea
569 1618 619 1669 qua]
636 1608 689 1655 sunt
703 1608 780 1655 nostro

57 1692 76 1728 rc
87 1681 109 1728 in
123 1680 259 1744 praecepto,
271 1678 326 1740 quia
342 1694 356 1723 ι
365 1676 487 1741 unicuique
502 1676 594 1741 negotio
607 1680 642 1727 est
654 1680 745 1740 ternpus
756 1680 780 1727 et

59 1751 138 1814 turritas,
152 1767 168 1798 u
187 1754 215 1798 ut
229 1748 312 1798 dicitur
322 1746 425 1803 Euctus..
439 1749 498 1797 lllll.
515 1748 543 1797 lit
553 1752 674 1811 praeterea,
690 1752 715 1797 nt
729 1748 780 1798 Ori·

59 1821 117 1884 licit,
137 1840 153 1870 u
163 1821 230 1871 sicut
240 1818 324 1869 mortui
333 1832 412 1869 sumus
423 1834 473 1869 cum
485 1818 524 1870 illo
537 1820 665 1882 moriente,
681 1828 705 1870 ct
719 1832 779 1871 con·

62 1908 107 1944 mus
119 1894 222 1945 Christo
234 1890 375 1954 resurgenti,
387 1890 418 1940 ἰιι
435 1890 563 1941 circumcisi
574 1904 652 1942 sumus
667 1891 779 1955 spirituali

71 1966 143 2017 islone
156 1978 204 2030 per
215 1963 346 2021 Clusium
357 1967 382 2012 et
392 1962 443 2013 io'eo
452 1962 538 2011 carnali
551 1962 724 2014 circumcisione
733 1978 779 2015 non

59 2054 102 2089 us.
122 2055 137 2087 ι
158 2039 192 2088 Ει
209 2037 255 2085 tuoe
273 2034 387 2096 estquod
408 2035 529 2098 Apostolus
543 2034 598 2085 dicit
616 2034 720 2090 coloss„
735 2037 777 2085 ll:

59 2124 83 2158 ιι
98 2110 211 2174 (scilicet
224 2106 326 2169 Christo)
339 2104 467 2156 circumcisi
478 2105 534 2156 estis
544 2105 716 2157 circumcisione
732 2118 779 2157 uon

60 2185 100 2242 cla,
107 2182 134 2232 ιἰι
144 2177 309 2244 expoliatione
320 2176 422 2241 eorporis
429 2178 515 2239 earnis,
523 2178 563 2228 sed
573 2177 597 2227 in
608 2176 778 2229 circumcisione

63 2255 136 2304 nostri
149 2254 215 2304 lesu
229 2248 326 2299 Christi.
340 2266 354 2295 n

59 2328 135 2374 ,rtiurn
147 2322 296 2380 dicendum,
309 2319 370 2384 quod
379 2320 439 2370 sieut
448 2321 554 2372 Christus
565 2318 779 2385 propriavolnuluto

70 2402 180 2447 nostram
206 2391 322 2455 suscepit,
336 2404 387 2455 que
403 2397 441 2441 est
458 2392 553 2442 etleclus
568 2391 657 2455 pcccati
673 2391 779 2454 (nullum

66 2471 131 2519 ulcus
151 2463 301 2532 ριιιιιιιιι)
317 2466 343 2512 ιι
360 2475 404 2513 ιιι
419 2463 527 2513 liberaret
541 2468 564 2512 et
578 2463 725 2528 spiritualiter
738 2474 780 2512 nos

59 2540 112 2591 furori
131 2540 257 2605 peccato,
273 2534 306 2585 ite
323 2534 394 2584 etiam
411 2539 435 2584 et
452 2534 660 2595 circumcisionem,
675 2547 726 2597 qam
744 2538 780 2582 est

59 2629 79 2659 ur
99 2608 236 2675 originalis
257 2605 345 2671 peccati
359 2606 476 2671 suscepit,
495 2606 578 2670 absque
594 2607 638 2656 hoc
659 2604 719 2669 quod
738 2605 780 2653 ha-

65 2685 153 2743 ·ginale
170 2682 317 2745 peccatum,
328 2680 355 2727 ut
368 2690 411 2728 nos
427 2678 440 2727 a
453 2676 511 2741 legis
520 2676 577 2741 jugo
589 2676 709 2738 liberaret,
721 2679 745 2725 et
755 2678 780 2723 ut

59 2752 240 2820 ,spirituatem
259 2748 456 2801 circumcisionem
470 2748 586 2813 alliceret,
602 2748 690 2801 scilicet
707 2745 781 2796 susci·

71 2840 169 2889 guerus,
189 2822 305 2888 impleret
323 2822 452 2875 veritatem.
