1917 3317
200 171 232 211 ns
245 168 390 212 usserunt
406 170 530 211 rhenones
545 170 650 214 marera
776 161 822 211 tte

8 261 54 314 pro
61 239 175 315 peccatis
180 249 312 313 satisfactio,
324 253 348 300 et
355 263 425 300 canu
433 251 574 303 remissionis
582 252 733 316 peccatorum,
741 249 824 314 quihus

8 325 87 373 horno
102 334 199 386 poenam
217 327 329 386 meretur,
343 335 485 387 unuquens
506 327 541 374 est
561 337 601 389 per
618 335 668 374 eam
685 333 727 373 nos
740 335 792 374 esse
811 321 824 373 l

8 395 83 444 reate
100 406 180 458 poenae
192 393 319 460 liberates.)

44 467 190 530 Respondes
207 467 345 530 dicendum,
356 467 416 533 quhd
433 465 618 534 perpessionem
634 465 721 517 Christi
734 466 824 517 lihcrati

9 551 100 587 sumus
112 537 128 588 a
138 541 204 588 reatu
213 553 287 603 poenae
296 540 418 604 dupliciter
432 552 440 589 t
455 540 505 590 Uno
518 538 585 589 modo
597 537 697 602 directe,
712 538 736 588 in
750 551 822 602 quan·

10 613 68 658 turn
86 608 178 659 scilieet
198 611 276 674 passio
297 611 382 662 Christi
398 611 441 661 luit
457 609 573 661 sufficiens
591 613 615 660 et
636 610 824 674 superabundans

13 681 152 733 satisfactio
166 696 207 747 pro
225 683 324 745 peccatis
336 682 408 732 totius
420 681 516 732 hnmani
531 681 629 746 generis.
643 679 726 732 Hatita
749 685 825 730 antem

14 753 183 804 satisfactione
196 755 337 817 efficienti,
352 753 438 804 tollitur
452 757 529 804 reatus
541 767 623 818 poene.
639 755 688 804 llio
707 754 773 804 nrodo
786 753 823 802 in-

16 824 125 888 directe,
143 826 168 875 in
186 831 296 890 quantum
310 825 397 876 scilicet
409 826 485 890 passio
499 826 586 876 Christi
599 830 635 878 est
655 839 723 877 causa
744 825 826 878 renuis-

16 896 96 946 sionis
110 897 213 960 peccati,
226 898 249 947 in
263 911 308 960 quo
318 897 428 949 fundatur
438 901 514 948 reatus
526 911 609 961 poene.

54 969 91 1018 hd
109 969 209 1033 priunum
229 982 283 1033 ergo
303 969 439 1030 dicendum,
456 969 517 1032 quod
535 971 612 1034 passio
630 970 716 1020 Christi
732 971 825 1022 sortitur

20 1041 136 1091 eflectum
151 1052 218 1090 suum
230 1042 257 1090 in
270 1041 316 1091 illis
329 1041 411 1104 qubus
424 1041 550 1104 applicatur
562 1053 603 1104 per
615 1041 681 1091 fidem
697 1045 720 1092 et
730 1042 827 1093 charita-

20 1111 824 1178 tmdmffimmmmfflmmfflmmmffli

22 1183 140 1250 predicto
155 1185 222 1234 modo
243 1183 345 1248 passioni
363 1182 447 1234 Christi
461 1196 508 1235 non
522 1182 705 1248 conjunguntur,
723 1183 828 1236 ellectum

25 1255 78 1319 ejus
92 1255 213 1321 percipere
232 1269 278 1307 non
291 1259 396 1320 possunt.

59 1325 825 1392 mmmmfflmmfflmfflmmmmmmfflM

28 1399 57 1449 ad
74 1401 119 1450 hoo
130 1399 190 1462 quod
201 1413 365 1463 consequamur
378 1399 486 1450 eflectum
499 1399 613 1464 passionis
626 1400 726 1462 Christi,
743 1403 831 1464 oportet

29 1471 832 1536 mamwmfflffiwmmmmmmmmwu

32 1543 178 1607 mentaliter,
195 1543 319 1594 secundinus
336 1543 392 1593 illud
409 1545 494 1600 Rom„
506 1544 556 1593 lll:
576 1541 734 1606 «Consepulti
752 1554 831 1592 sumus

32 1613 54 1663 ei
67 1628 109 1678 per
123 1615 262 1679 haptisnrnm
274 1615 299 1665 in
314 1620 427 1678 mortem3
445 1631 460 1661 »
474 1615 535 1664 nude
555 1613 674 1677 baptizatis
687 1613 748 1662 nulla
764 1625 831 1675 poena

33 1686 183 1737 satisfactoria
197 1686 328 1750 imponitur,
341 1686 395 1749 quia
408 1685 603 1737 totahterliherati
616 1689 670 1735 sunt
678 1698 719 1749 per
728 1683 831 1734 satisfac-

34 1758 119 1810 tionem
133 1759 225 1811 Christi.
241 1759 298 1818 Quia
313 1759 367 1809 vero
381 1759 512 1808 «Christus
527 1758 598 1810 semel
618 1756 708 1807 tantiam
723 1769 763 1821 pro
777 1768 831 1821 pec·

36 1829 92 1880 catis
106 1831 191 1881 nostris
204 1834 307 1882 mortrrus
318 1834 390 1891 est‚u
405 1834 429 1879 ot
442 1829 526 1880 dicitur
539 1831 558 1880 1.
572 1831 652 1886 Petra,
665 1829 709 1890 lll,
723 1828 774 1878 ideo
784 1839 830 1878 non

37 1904 112 1964 potest
135 1903 203 1954 horno
226 1901 326 1984 sepundd
346 1901 479 1965 configurari
500 1898 567 1952 morti
587 1899 671 1950 Christi
688 1913 731 1964 per
752 1912 831 1950 sacra-

37 1975 139 2022 mentum
150 1973 266 2038 haptisrur.
281 1973 345 2024 Unde
359 1976 448 2038 oportet
460 1972 521 2037 qnod
533 1970 567 2021 illi
580 1971 619 2035 qui
632 1975 683 2034 post
696 1969 831 2035 baptismum

38 2047 145 2108 peccant,
160 2045 327 2110 configurantur
339 2044 431 2096 Christo
450 2043 560 2108 patienti,
571 2057 613 2107 per
630 2043 716 2107 aliquid
731 2043 833 2106 poenali-

40 2115 833 2180 mmmmmmpmmaemwmmmwemw

40 2185 111 2236 molto
128 2187 201 2237 minor
213 2188 315 2252 *suldoih
335 2186 402 2251 qnam
423 2191 485 2238 esset
502 2185 614 2248 condigna
629 2189 736 2248 peccato,
753 2199 835 2251 coope-

42 2262 103 2307 rante
116 2257 268 2310 satislactione
281 2259 378 2310 Christi.

73 2331 104 2380 hd
121 2331 212 2380 tertium
228 2332 358 2393 dicendum,
368 2330 429 2395 quod
443 2330 568 2381 satisfactio
584 2327 668 2379 Christi
682 2329 751 2380 hahet
767 2327 835 2380 elfec-

45 2407 91 2451 tun
102 2400 127 2451 in
135 2403 213 2464 nohis,
227 2403 371 2467 inquantum
383 2402 555 2466 incorporamur
567 2403 588 2452 ei
595 2439 604 2466 ‚
615 2405 642 2452 ut
652 2403 751 2452 membro
766 2401 836 2466 capiti

45 2486 100 2537 sno,
119 2475 176 2524 deut
191 2475 260 2539 supra
279 2473 362 2527 dictum
384 2477 427 2526 est.
446 2473 545 2525 llernhra
567 2478 644 2526 autem
662 2477 750 2537 oportet
768 2471 837 2536 capiti

46 2549 187 2616 confornar13
204 2556 228 2602 et
240 2550 300 2612 ideo,
315 2550 374 2601 sicut
389 2551 494 2600 Christus
507 2549 579 2614 primo
593 2550 685 2614 quidem
694 2546 775 2598 hahuit
787 2560 838 2611 gra·

47 2619 99 2669 han
112 2620 135 2670 in
149 2623 225 2672 anima
243 2637 295 2672 cum
312 2621 464 2686 passibilitate
482 2621 583 2686 corporis
590 2658 599 2685 ,
613 2625 636 2672 et
648 2634 690 2686 per
707 2619 837 2683 passionem

49 2693 75 2742 ad
97 2692 186 2756 gloriam
205 2693 380 2745 inmortalitatis
398 2692 519 2758 pervenit,
536 2693 568 2747 ita
587 2698 611 2744 et
627 2705 685 2754 nos,
698 2691 738 2754 qui
760 2704 837 2743 sumn

51 2840 128 2910 ar't.f,
141 2862 170 2909 ap
183 2849 214 2909 3,
234 2857 258 2896 et
275 2851 325 2913 111,
339 2851 416 2902 seat,
430 2849 483 2898 dist.
502 2849 540 2912 la,
557 2856 600 2897 art.
611 2847 644 2902 33
662 2853 685 2894 et
698 2860 738 2906 qn.
752 2845 792 2908 29,
808 2849 836 2894 de

51 2913 124 2974 serit,
136 2918 178 2958 ert.
189 2912 215 2974 l,
229 2915 258 2959 aul
269 2912 294 2959 9.
