1917 3317
256 248 286 289 bs
301 249 450 293 midlom
463 251 610 295 mmm.
783 251 828 299 171

27 331 73 380 hoe
88 327 134 379 illis
146 327 245 392 Spiritus
255 333 347 380 sauctus
360 333 502 394 suggerebat.
512 349 526 379 s
541 332 634 395 Tertid,
651 333 750 386 studium
764 335 829 398 litte-

26 413 100 449 rarum
111 399 218 463 religioni
230 401 336 463 congruit
344 406 454 464 qnantum
464 405 492 452 ad
504 403 526 454 id
538 405 598 468 quod
607 409 642 456 est
651 408 713 456 omni
723 407 829 471 religioni

25 485 162 534 commune3
176 471 238 520 ualet
251 473 311 520 enirn
326 472 353 520 ad
367 473 482 523 tiendum
491 476 564 526 carnis
578 477 692 528 lasciviam
710 493 715 528 :
732 481 791 530 uude
805 483 830 530 et

24 543 179 607 Hieronymus
197 542 253 592 dicit
274 543 310 592 od
328 545 457 594 Rusticum
476 551 625 598 monachum
648 549 739 614 (Epist.
757 550 826 616 llll:

26 617 108 664 «luta
122 615 243 665 scientiam
257 615 425 680 scripturarum
435 656 441 676 ‚
452 620 475 667 et
485 620 559 670 carnis
573 619 628 670 vitia
643 633 689 671 nou
705 622 825 674 amabis.»

25 687 114 735 drmit
128 687 187 735 enim
204 686 336 736 animumd
353 687 489 750 cogitatione
503 689 618 753 lascivis,
633 695 657 741 et
669 705 759 742 caruem
774 706 827 744 rna-

25 761 87 806 cerat
99 762 189 821 propter
201 757 272 807 studii
284 759 397 821 laborem,
410 760 534 811 secuudhm
548 761 602 812 illud
619 763 719 820 litotes„
732 765 805 815 xitltt
818 781 824 814 ι

25 845 40 876 n
49 828 130 892 Vigilia
148 829 277 878 honestatis
288 830 408 880 tabefaciet
418 844 508 882 carues.
522 847 536 880 u
550 833 620 886 Valet
633 833 701 884 etiam
715 836 744 885 ad
763 837 827 886 tule-

23 901 112 950 rendam
131 901 282 963 cupiditatem
305 899 447 964 divitiarnm3
460 904 520 954 nude
540 905 611 969 Sap..
633 905 690 968 titt,
714 906 795 958 dicitur
816 923 823 956 :

24 971 141 1021 obivitias
155 972 216 1022 nibil
231 985 282 1022 esse
296 973 349 1022 duxi
363 973 388 1021 in
401 975 569 1037 comparatione
582 977 682 1040 illium»
696 981 720 1027 et
734 979 751 1028 l.
768 980 823 1028 lin-

21 1042 97 1102 elno„
112 1045 168 1106 llll,
187 1043 294 1093 dicitnr:
316 1045 392 1094 ullos
408 1049 485 1096 antem
499 1047 561 1098 nnllo
579 1049 660 1098 horum
682 1049 825 1112 indiguimus

20 1115 119 1174 (scilicet
133 1115 276 1165 exteriorum
288 1115 461 1180 subsidiorum),
474 1119 586 1169 habentes
597 1120 676 1170 solatio
694 1125 782 1172 seudos
795 1121 822 1171 ti-

18 1188 68 1237 bros
83 1188 124 1251 qni
139 1186 233 1237 suntin
246 1187 350 1237 manibus
361 1189 451 1239 uostris.
462 1205 476 1236 u
487 1190 553 1241 Valet
566 1192 634 1242 etiam
649 1193 675 1242 ad
689 1193 824 1245 obedientie

19 1259 199 1320 documentum
215 1259 276 1309 nude
293 1259 430 1322 Augustinus
444 1261 500 1312 dicit
512 1261 537 1311 iu
550 1262 589 1312 lib.
605 1263 642 1314 De
654 1279 722 1327 oper.
739 1279 823 1315 moun-

17 1332 84 1379 ehor.
101 1333 170 1394 (cop.
190 1331 257 1393 tlt:
274 1332 356 1389 ‹idnae
374 1336 409 1381 est
421 1333 466 1382 ista
485 1335 637 1397 perversitas,
653 1335 745 1386 lectioni
764 1337 825 1388 nolle

17 1403 188 1466 obtemperare,
206 1403 260 1451 dum
274 1403 323 1451 vult
336 1402 358 1454 ei
372 1404 469 1454 vacaret
491 1422 504 1452 n
518 1407 546 1454 Et
560 1405 610 1455 ideo
627 1407 772 1457 manifestum
788 1411 824 1459 est

17 1473 78 1537 qnbd
94 1473 197 1538 mngrne
212 1477 287 1538 potest
298 1473 388 1524 institui
402 1474 482 1538 religio
496 1477 523 1525 ad
539 1477 637 1527 studium
649 1478 783 1529 litterarum.

53 1546 201 1609 ltprimum
216 1559 271 1609 ergo
284 1545 418 1605 dicendum,
433 1545 495 1610 qnbd
512 1548 591 1598 Glossa
610 1547 642 1598 ibi
656 1550 749 1614 exponit
767 1550 822 1602 illud

23 1615 53 1664 de
68 1615 141 1666 littera
155 1617 243 1666 ueteris
258 1616 331 1679 legis,
348 1617 375 1667 de
392 1631 436 1681 qna
448 1619 569 1682 llpostolns
580 1619 650 1684 dicit,
663 1622 691 1672 ll.
706 1621 742 1671 nd
753 1623 822 1678 Cor„

20 1687 54 1736 lll
66 1703 73 1735 :
84 1703 98 1733 n
108 1687 190 1738 Littera
202 1686 295 1738 occidit.
305 1688 403 1751 nunde,
413 1705 427 1735 n
437 1703 483 1739 nou
492 1703 629 1752 cognoscere
638 1691 799 1753 litteraturam,
808 1709 822 1741 u

16 1761 53 1808 est
66 1772 113 1809 non
131 1758 259 1824 approbare
277 1759 396 1809 litteralem
408 1760 619 1827 circumcisionem,
633 1767 656 1814 et
667 1768 760 1814 ceteras
773 1777 823 1815 car-

16 1831 81 1880 nales
92 1830 265 1880 observantias.

47 1903 84 1951 hd
101 1903 230 1952 secundum
249 1902 384 1962 dicendum,
398 1902 459 1966 qudd
472 1903 572 1953 studium
589 1904 617 1953 ad
628 1903 746 1955 scientiam
762 1907 824 1958 ordi·

12 1979 92 2037 urtur3
103 1987 158 2037 oute
168 1973 220 2022 sine
229 1973 340 2024 charitate
348 1972 459 2037 iutat‚et
469 1989 510 2038 per
518 1987 660 2038 consequeus
669 1975 823 2030 dissensiones

9 2045 86 2108 iacit,
103 2044 231 2094 secuudium
240 2044 297 2094 illud
311 2045 437 2103 provere,
446 2047 496 2096 lllll
507 2061 537 2096 :n
546 2048 608 2097 luter
618 2047 727 2111 superbos
734 2062 823 2113 semper

9 2123 67 2168 sunt
79 2117 173 2182 jurgia.
183 2133 198 2164 u
208 2117 253 2168 Sed
266 2130 317 2166 cnm
325 2117 437 2167 charitate
445 2118 558 2181 edificat,
569 2123 592 2169 et
602 2119 743 2170 coumrdiam
755 2121 821 2186 parit;

7 2191 70 2240 uude
83 2191 105 2239 l.
122 2189 161 2237 ad
174 2189 246 2244 Cor„
263 2189 287 2251 l,
304 2189 423 2252 Apostolus
436 2189 489 2240 cirus
505 2190 600 2241 dixisset
617 2205 622 2239 :
640 2207 654 2237 u
669 2191 754 2242 Diuites
768 2193 823 2244 iacti

5 2262 65 2312 estis
79 2261 110 2310 in
125 2260 191 2311 omui
204 2261 274 2310 uerbo
284 2264 308 2311 et
317 2261 343 2310 iu
358 2261 419 2311 omui
433 2261 560 2325 scientim»
572 2263 714 2326 postmodnm
730 2264 821 2315 subdit:

7 2334 153 2396 «idipsum
170 2330 252 2382 dicatis
267 2344 363 2392 omnes,
377 2335 401 2382 et
418 2345 464 2381 non
477 2333 523 2382 sint
543 2332 567 2382 in
584 2331 647 2384 vobis
661 2334 792 2385 schismate.
806 2351 821 2382 u

5 2404 174 2468 Hieronymus
191 2408 268 2452 tarneu
286 2416 333 2452 uon
348 2403 447 2467 loquitur
459 2403 491 2453 ibi
506 2405 534 2454 de
543 2404 668 2455 litterarum
681 2406 770 2466 studiis,
781 2407 821 2458 sed

3 2478 30 2526 de
48 2474 150 2526 studiis
169 2474 352 2535 dissensionum,
366 2489 418 2538 pue
430 2488 471 2538 per
488 2476 607 2527 hereticos
620 2480 644 2526 et
663 2478 821 2529 schismaticos

1 2548 164 2598 intraverunt
178 2545 203 2594 iu
217 2545 351 2607 religionem
362 2546 520 2596 christianam.

31 2621 72 2672 Ad
82 2617 193 2670 Joentum
206 2617 336 2679 dicendum,
350 2618 409 2682 quod
424 2618 554 2682 philosophi
571 2619 733 2682 profitebantur
746 2623 821 2674 studia

7 2694 147 2744 'tterarum
156 2693 266 2753 qnantum
278 2690 306 2738 ad
318 2690 438 2741 seculares
447 2691 568 2741 doctrinas.
579 2691 623 2742 Sed
634 2691 746 2756 religiosis
756 2707 819 2745 com-

3 2788 7 2809 t
18 2765 60 2815 tit
77 2761 248 2826 principaliter
260 2760 379 2812 intendere
390 2763 464 2813 studio
474 2763 599 2813 litterarum
614 2763 775 2828 pertinentium
792 2769 820 2818 ad

3 2835 146 2889 petrinam
162 2848 177 2879 u
197 2846 248 2895 qne
267 2833 392 2884 secuudirm
412 2835 520 2898 pietatem
542 2839 590 2896 est,
608 2851 622 2883 u
638 2839 665 2886 nt
683 2835 765 2886 dicitur
784 2838 821 2886 od

0 2919 1 2922 ¹
17 2913 67 2968 it„
83 2907 109 2956 l.
129 2903 188 2952 Aliis
202 2907 278 2953 antem
289 2904 396 2955 doctrinis
409 2906 542 2968 intendere,
554 2920 601 2957 nou
619 2907 716 2970 pertinet
732 2909 759 2956 ad
770 2907 822 2956 reli·

2 3002 28 3039 u.
47 3000 95 3043 ta,
108 2987 215 3039 quornm
226 2978 276 3026 tota
288 2975 338 3026 rita
347 2976 431 3027 diuinis
446 2977 563 3041 obsequiis
576 2977 725 3041 mancipatur,
741 2975 787 3025 uisi
796 2975 821 3024 iu
