1917 3317
271 181 304 220 nr
320 177 472 220 apenninos
487 178 590 220 murore
717 193 720 198 ·
786 167 831 216 ora

35 259 236 322 ntentatanuennr,
248 259 273 308 et
282 267 348 308 saure
357 257 411 322 ejus
425 257 581 316 utomaonta,
592 267 642 321 qne
656 258 711 307 suut
721 264 832 320 praeaepe

47 333 148 392 protono,
162 334 187 382 et
199 330 345 396 hujusmodi.
360 345 374 376 u
392 330 438 379 Ista
451 334 529 378 umen
542 341 588 378 non
599 330 765 392 representant
775 325 832 376 imu-

49 401 205 464 iruuenden,
216 401 278 452 sinin
289 411 360 464 onas,
373 413 424 464 que
438 399 519 450 dieitur
533 416 548 449 u
561 399 650 464 signum
664 399 706 449 titii
722 398 830 460 huminis,

50 475 91 523 uod
103 474 218 538 apparebit
235 475 260 523 in
282 474 357 534 ooeto,
374 487 388 520 o
404 475 429 522 ut
440 472 522 522 dicitnr
535 471 640 525 notro..
658 470 832 534 diutinoque

51 547 158 596 ¹utioriturs
172 545 235 597 dixit
249 544 370 607 Angelus:
387 560 400 592 u
414 544 491 593 desum
505 541 606 607 quaeritis
618 543 760 592 Nazarenum
776 553 831 590 orn-

56 631 132 680 uruur,
145 636 159 665 u
174 631 224 668 nun
235 615 295 666 dixit
308 609 461 671 lanceatum,'
470 614 511 664 sed
521 615 687 678 oruoifiaeum.
699 614 728 663 Et
737 612 789 664 iude
798 614 834 662 est

58 687 93 738 uid
104 703 191 740 rruoom
208 686 297 738 Christi
313 699 448 736 veneramur
460 685 485 734 in
500 697 642 749 quarumque
662 685 770 745 materia,
785 693 831 733 uon

56 766 104 808 rien
113 760 238 824 imaginem
248 758 374 821 uterorum,
385 757 422 808 rel
434 767 626 820 quorumcumque
642 753 783 821 hujusmodi.

335 933 493 988 ARTICULUS
510 935 538 984 V.

85 1065 170 1110 dardan
180 1065 263 1108 moter-
270 1061 360 1107 Christi
370 1061 401 1106 rit
411 1059 535 1105 odorando
544 1057 682 1103 adoratione
693 1057 779 1103 lutrio.

64 1192 92 1240 dd
106 1191 218 1256 quintum
230 1187 265 1238 sio
278 1187 406 1252 proceditur
416 1185 461 1250 (tt.
474 1185 570 1235 Videtur
583 1184 645 1248 qudd
659 1184 730 1234 Mater
745 1183 787 1233 itai
806 1183 836 1234 sit

54 1264 138 1314 ‘urnnda
161 1260 298 1312 adoratione
321 1257 400 1309 latria.
415 1257 510 1307 Videtur
531 1256 592 1307 eninr
609 1255 671 1305 idern
692 1256 835 1306 nonnosus

49 1336 169 1386 ‚uitandus
186 1331 259 1381 matri
276 1329 362 1393 Regis,
378 1333 402 1380 et
414 1329 485 1392 Regi3
499 1328 561 1378 nude
573 1325 692 1377 dioitnrll.
713 1327 783 1390 step„
804 1325 834 1389 lt,

50 1410 82 1458 ..td
96 1405 214 1474 «positus
226 1405 261 1453 est
272 1404 369 1452 thronus
381 1401 447 1450 matri
456 1400 537 1464 Regis,
547 1410 598 1463 qnae
608 1398 667 1449 sedit
677 1399 705 1448 ad
719 1398 835 1447 donemur

55 1497 81 1530 rs.
96 1499 111 1528 u
123 1482 157 1530 st
172 1473 316 1538 Augustinus
332 1472 387 1523 dicit
402 1473 424 1521 in
438 1482 541 1522 sermone
553 1471 590 1519 De
605 1468 779 1532 assumptione
787 1466 834 1531 (s),

61 1567 128 1602 runnu
147 1549 193 1599 Dei
205 1545 366 1598 etthalarnunr
375 1543 474 1606 Domini,
486 1544 578 1593 domurn
586 1544 654 1603 utque
666 1539 835 1588 tabernaculum

54 1663 57 1670 .
69 1623 105 1672 isti
117 1623 224 1685 dignum
240 1619 277 1666 est
289 1616 320 1666 ibi
332 1626 395 1677 esse,
407 1615 446 1664 ubi
459 1617 495 1664 est
509 1613 567 1677 ipse.
580 1627 595 1659 u
607 1611 651 1660 Sed
665 1609 768 1660 cunnus
781 1610 836 1660 udo·

51 1709 81 1743 uu
92 1690 237 1745 adoratione
250 1686 330 1738 latriae
344 1687 403 1750 Ergo
415 1689 437 1736 et
450 1685 522 1736 Mater
533 1685 592 1747 ejus.

54 1773 73 1816 s.
87 1769 226 1822 inaurea,
241 1760 395 1808 Damasoenns
411 1756 466 1806 dicit
482 1755 507 1805 in
524 1755 562 1802 [V.
577 1753 633 1803 libro
644 1763 696 1816 cap.
715 1756 754 1813 15,
773 1753 835 1817 qutd

53 1853 120 1890 donor
140 1833 231 1887 matris
248 1831 346 1882 retertur
360 1829 387 1879 ad
402 1827 483 1878 titium.
501 1843 515 1874 »
529 1826 573 1877 Sed
589 1825 649 1875 titius·
663 1825 770 1876 adoratur
783 1825 836 1877 rdo-

58 1912 104 1962 'one
124 1905 219 1960 latriae.
237 1903 296 1966 Ergo
310 1904 424 1952 etmater.

56 1991 73 2032 t.
96 1984 242 2036 Praeterea,
264 1972 409 2038 conjunctior
433 1973 468 2022 est
486 1969 577 2020 Christo
598 1971 670 2018 mater
687 1969 754 2030 ejus,
768 1967 837 2031 rutro

55 2071 82 2104 rr.
105 2054 156 2106 Sed
184 2061 245 2098 crux
268 2046 373 2095 adoratur
393 2043 524 2093 adoratione
542 2040 622 2090 latriae.
641 2039 699 2102 drgo
720 2041 744 2088 ot
766 2043 838 2089 mater

52 2127 102 2175 misti
113 2127 156 2176 est
170 2115 311 2170 adoratione
325 2115 396 2166 latriae
409 2114 531 2164 adoranda.
753 2161 757 2170 ¹

54 2199 91 2246 Sud
113 2198 204 2247 contra
228 2191 281 2250 est,
304 2183 365 2251 qnod
386 2189 457 2235 mater
479 2183 519 2234 Dei
536 2185 572 2233 ost
586 2195 643 2246 pnra
662 2185 772 2232 ereatura.
787 2183 838 2233 Non

50 2282 70 2314 n·
84 2271 104 2318 ei
119 2267 231 2318 debetur
246 2257 350 2308 adoratio
365 2256 447 2308 latrie.
923 2260 924 2263 ’

55 2341 218 2396 ιἰοιιαιυειο.
236 2357 268 2368 -
287 2331 357 2380 Beata
371 2327 438 2392 Virgo
456 2327 507 2378 edm
531 2325 561 2376 sit
580 2339 636 2390 pura
655 2328 757 2376 creatura
770 2325 839 2375 ratio-

45 2477 120 2520 ·rrror,
139 2472 171 2514 nt
184 2465 221 2510 sit
237 2459 331 2517 planior
349 2469 430 2504 sensus
450 2460 474 2500 et
487 2455 629 2500 constructio
642 2465 696 2498 oum
711 2454 837 2511 adjunctis,

53 2543 78 2576 ur
92 2535 141 2579 rim
155 2525 261 2590 phrasis
278 2533 369 2579 graeeae,
384 2519 421 2564 oni
437 2519 510 2564 latina
521 2530 568 2562 non
579 2516 712 2574 respondet.

67 2604 81 2660 t]
96 2609 129 2651 De
147 2595 284 2648 bisetium
298 2593 322 2637 in
343 2591 373 2648 2,
394 2589 421 2648 2,
434 2601 473 2646 qn.
496 2588 551 2646 103,
563 2593 609 2634 art.
624 2587 653 2649 lt,
666 2588 695 2632 ad
709 2587 738 2639 23
755 2587 838 2644 erm,

52 2673 72 2708 rt
84 2669 105 2726 d,
119 2679 167 2726 qu,
182 2661 209 2724 1,
228 2663 277 2704 art.
293 2649 317 2714 2,
329 2651 465 2710 quaestione.
478 2651 502 2696 3.

59 2734 81 2797 ἰ)
95 2739 138 2794 Qui
152 2745 225 2783 nuno
239 2729 303 2774 inter
317 2725 432 2772 adscititia
450 2727 473 2770 et
490 2720 637 2781 supposititia
652 2727 709 2766 tom.
723 2720 756 2765 IX
765 2719 840 2764 habe·

35 2808 72 2842 ur.
83 2804 102 2848 in
112 2812 199 2858 eoque
216 2790 342 2850 appendix
355 2786 391 2834 hie
406 2787 476 2832 citata
492 2797 545 2844 cap.
555 2785 580 2842 n,
595 2797 624 2830 ex
634 2797 680 2840 qno
690 2782 839 2826 nihilominus

35 2867 150 2913 punimus
161 2863 276 2909 domum
288 2857 359 2910 utque
368 2851 553 2896 tubernaculum
562 2860 604 2904 pro
613 2860 642 2892 eo
653 2843 715 2902 qnod
726 2847 839 2887 mutatum

35 2935 73 2971 »eur
84 2931 157 2989 pipp,
174 2921 327 2972 aarum
336 2915 439 2962 omisi
454 2913 508 2959 raeti
517 2905 793 2971 opponam-tuo.
