1917 3317
240 187 275 226 ns
290 184 367 225 suoru
383 185 526 226 monum.
736 176 783 224 lae

24 263 93 321 glrnlur.
103 261 150 328 Ergo
160 268 256 328 peceant
270 263 398 316 mortaliter
410 262 594 327 transgrediendo
607 275 635 313 ea
648 274 701 328 qna
713 262 738 312 in
749 277 786 315 re-

25 335 64 393 gala
76 337 204 388 confinenlllr.

49 409 66 453 t.
78 407 181 472 arcere,
192 406 273 472 regola
293 405 417 473 imponitur
426 407 532 470 religioso
549 407 607 458 sicin
618 408 656 458 lex
672 407 784 470 quedam

26 473 55 523 {al
67 476 93 527 ille
101 479 133 542 qui
143 479 306 544 transgreditur
324 482 462 543 praeceptum
476 477 548 540 legis,
559 482 639 542 pewat
651 478 784 528 mortaliter.

25 548 66 608 'lugo
78 550 148 600 uitetur
156 551 213 616 quod
227 552 356 602 monachus
368 550 537 614 transgrediens
547 563 576 600 ea
586 565 637 614 quae
647 554 701 601 sort
715 550 785 602 inre·

24 621 143 683 sllepeooet
153 623 287 677 mortaliter.

50 696 67 738 t.
80 695 182 756 neema,
202 697 350 758 contemptus
372 693 457 744 inducit
477 697 596 759 peecatum
618 693 724 744 mortale.
740 693 786 744 Sed

24 764 126 829 ‹poiconqoe
137 769 264 832 trequenter
282 766 369 830 aliquid
387 765 454 817 iterat
469 767 531 830 quod
549 779 595 816 non
613 765 680 816 debet
697 766 786 825 lacere,

25 835 90 887 u'lrtor
103 853 125 890 er
133 842 264 904 contemptu
273 851 380 903 peecare.
390 840 449 902 Ergo
463 837 552 889 uidetur
560 835 621 901 quon
634 835 654 886 si
667 836 788 900 religiosus

24 915 121 984 rrpucnter
134 909 313 974 transgrediatur
325 909 349 960 id
364 909 424 973 quod
437 914 473 961 est
486 910 513 960 in
525 908 618 971 regola,
633 911 713 971 peccet
725 920 787 960 mor-

30 989 81 1030 arer.
200 1028 208 1049 ‚

41 1050 76 1100 Sed
92 1058 162 1105 contra
178 1057 227 1116 est,
241 1053 304 1118 quod
319 1056 392 1104 ratus
411 1051 529 1116 religionis
548 1054 583 1103 est
600 1051 701 1102 securior
720 1050 787 1114 quim

27 1129 73 1172 ellos
84 1126 188 1178 secularis
197 1125 266 1190 uite3
278 1125 341 1175 uncle
354 1125 474 1188 Gregorius
485 1125 510 1174 in
523 1123 621 1190 princip.
633 1124 711 1178 ntor„
725 1136 787 1173 oom-

34 1199 65 1241 uat
76 1197 134 1246 sitan
144 1197 277 1248 secularem
293 1213 308 1243 u
321 1195 379 1246 mari
391 1195 522 1257 fluctuanti,
536 1212 551 1243 o
563 1194 633 1244 utam
642 1197 719 1244 antem
732 1193 789 1244 reli-

24 1266 73 1314 uuis
82 1269 170 1332 rportm
178 1267 310 1332 cauqunlo.
321 1283 336 1314 o
347 1267 390 1317 Sed
403 1267 423 1316 si
432 1266 538 1331 quaibet
546 1264 700 1330 transgressio
710 1278 789 1316 eorum

24 1349 56 1393 {rc
68 1338 86 1387 'rn
96 1341 168 1404 regula
180 1341 340 1402 continentur,
360 1339 492 1402 religiosum
505 1338 615 1402 obligaret
628 1339 658 1388 all
670 1340 789 1402 peccatum

24 1412 97 1469 oza-lala
111 1417 178 1464 sotus
187 1411 306 1476 religionis
315 1414 378 1462 esset
389 1410 595 1475 periculosissimus
602 1448 611 1474 ‚
625 1414 718 1475 propter
730 1407 789 1458 mul-

24 1482 111 1532 leolum
120 1483 323 1536 observantiarum.
339 1483 389 1534 Non
400 1496 455 1546 ergo
467 1482 576 1546 quelibet
587 1481 738 1545 transgressio
748 1493 789 1532 eo·

24 1562 59 1596 rurr
67 1568 103 1613 pue
113 1556 218 1622 inregnla
229 1557 388 1617 eontinentur,
405 1559 440 1605 est
453 1557 573 1619 peccatum
583 1555 688 1605 mortale.

47 1625 178 1684 (Conclusio.
192 1656 224 1665 —
238 1626 370 1690 Religiosus
389 1625 576 1690 transgrediendo
594 1639 687 1690 eaque
705 1623 730 1674 in
749 1637 791 1674 stra

28 1696 79 1756 acula
91 1703 135 1750 sunt
145 1703 210 1753 extra
224 1697 355 1750 eommunis
370 1699 479 1764 precepti
492 1701 516 1749 et
532 1697 631 1762 triplicis
644 1696 693 1748 voli
710 1707 790 1746 neces

25 1775 97 1832 ,tatem
113 1773 207 1836 nolam,
232 1771 253 1822 si
275 1770 335 1820 absit
358 1773 517 1834 contemptus,
542 1769 650 1820 lethalem
673 1764 793 1819 committit

27 1842 107 1905 alpem.)
375 1873 376 1887 .
661 1885 665 1892 .

42 1913 302 1976 Resurrectionem,
314 1911 375 1977 quod
385 1911 409 1962 in
420 1908 500 1976 regula
512 1908 642 1963 continetur
653 1907 739 1973 aliquid
751 1910 793 1959 do·

24 1985 97 2048 rariter,
115 1986 170 2038 sicut
181 1999 211 2037 ex
227 1985 298 2036 dictis
313 1987 378 2048 patet
393 1984 445 2048 (art.
459 1985 494 2047 7).
508 1985 560 2035 Uno
571 1982 654 2044 modo,
669 1981 728 2031 siem
740 1979 793 2030 lium

24 2058 152 2121 :catapotia
162 2072 190 2109 ea
201 2069 254 2122 qnae
269 2055 388 2120 perlinent
402 2055 430 2106 ad
448 2059 513 2106 actus
531 2054 654 2117 virtutum3
672 2055 695 2103 el
711 2053 793 2104 horum
869 2066 871 2071 ·

25 2129 153 2192 tropario,
161 2133 273 2194 quamam
283 2128 312 2177 ad
326 2140 354 2177 ea
368 2140 417 2190 que
428 2128 512 2178 cedunt
525 2123 725 2175 communitersnh
735 2136 794 2187 pre-

31 2205 82 2262 -·3·.o‚
94 2199 171 2266 obliget
184 2201 213 2251 ad
226 2199 325 2250 mortale
335 2215 343 2262 3
355 2201 466 2261 qnantum
477 2194 532 2248 vero
544 2197 571 2246 ad
581 2209 608 2246 ea
620 2209 669 2259 qnae
681 2194 794 2245 excedunt

45 2274 142 2324 «ruoolter
161 2272 324 2324 necessilatem
340 2269 465 2333 precepti,
480 2282 527 2318 non
543 2267 628 2332 obligat
644 2268 673 2317 all
690 2265 792 2326 mortale,

38 2349 139 2408 -opropter
147 2345 315 2407 contemptum,
327 2340 390 2405 qnia,
403 2341 462 2390 sicul
473 2338 541 2404 sopri
550 2339 636 2390 dictum
647 2342 683 2389 est
696 2338 749 2402 (art.
760 2338 793 2399 2),

38 2421 112 2469 :eglog
132 2431 178 2468 non
196 2419 288 2466 tenetur
308 2413 509 2476 comperfectum,
529 2411 569 2462 sed
589 2411 617 2461 ad
633 2409 793 2475 perlectionem

39 2484 108 2547 terrra,
118 2489 151 2540 oui
162 2487 315 2540 contrariatur
330 2483 480 2548 perfectionis
497 2485 650 2546 contemptus.
666 2480 716 2530 llio
728 2479 794 2530 modo

52 2555 123 2610 ,ltuclu
133 2561 217 2626 aliquid
231 2559 258 2609 in
270 2557 350 2620 regule
364 2556 483 2620 pertinens
495 2557 524 2606 ad
536 2554 638 2605 erterim
651 2551 795 2616 exercitium,

42 2631 80 2672 :cat
88 2637 210 2684 suntomnos
217 2629 345 2682 exteriores
356 2627 508 2679 observantiae
517 2666 524 2690 ,
534 2628 594 2678 inter
604 2639 662 2690 quas
671 2629 725 2676 sunt
734 2638 796 2688 qne·

45 2723 73 2758 rr
84 2701 158 2768 tems
168 2705 280 2767 obligatur
297 2699 417 2765 religiosus
434 2713 462 2751 ex
474 2704 529 2751 uoto
541 2698 698 2763 professionis.
712 2697 795 2747 Votum

45 2775 232 2850 ..teoppfgffgionis
243 2772 338 2838 respicit
355 2771 511 2837 principaliter
523 2773 567 2822 trio
577 2771 685 2836 predicta
694 2769 740 2834 (l),
752 2767 797 2818 scl-

68 2925 88 2990 tr)
96 2933 177 2983 lusui
185 2944 234 2981 non
246 2941 279 2977 ex
287 2932 356 2983 equo
364 2955 371 2984 ‚
378 2919 431 2968 cum
441 2918 568 2981 principale
579 2905 638 2966 inter
646 2915 687 2965 illa
697 2916 729 2966 sit
739 2915 796 2962 obe·
