1917 3317
203 176 234 217 ns
249 175 386 217 eumanum
401 177 535 221 rumorum
549 176 653 220 curam.
759 166 826 215 itm

41 251 149 305 ontrario.
158 252 233 303 Tertio
248 253 323 315 modo,
334 256 443 318 qnantum
455 254 485 304 arl
494 252 601 304 effectum
614 265 706 304 snorum
719 264 824 317 operum3

43 324 89 373 ient
107 336 133 374 er
144 324 276 388 deceptione
294 324 341 375 Arii
359 328 382 374 et
395 323 491 374 aliorum
508 325 660 386 seductorum,
674 324 772 388 pullulat
784 325 826 373 in-

40 395 127 447 ldelitaa
138 408 209 459 usquo
219 396 247 447 ad
257 396 325 447 linem
335 396 413 447 mundi
422 412 430 460 ;
440 400 462 446 et
476 410 549 460 usqne
559 402 615 447 tunc
626 397 716 461 prolicit
729 397 787 447 fides
798 409 828 447 ex

40 466 186 517 »radicatione
204 469 367 531 apostolorum.
379 468 463 526 Quarto
474 467 556 530 modo,
565 471 677 531 quantum
693 466 722 517 ad
732 480 826 531 eorpus,

39 540 89 602 [nod
102 539 234 604 quaudoque
244 538 367 590 honorifice
378 538 475 591 traditur
485 540 619 603 sepulturae,
629 540 763 603 quandoque
773 538 827 589 nero

41 609 162 673 alloquitur
172 610 326 674 insepultum,
339 614 362 659 et
375 612 467 661 tandem
482 610 632 661 incineratum
646 610 740 661 omnino
757 610 827 661 resol-

39 682 100 731 vitur.
117 681 197 739 Quinto
219 683 301 744 modo,
315 686 425 746 quantum
444 682 472 733 ad
487 695 515 732 ea
534 680 559 733 in
578 681 662 746 quibua
677 684 746 733 homo
761 696 828 734 sunm

38 752 241 817 ruscinonensis,
258 752 315 817 puta
331 753 355 803 iu
369 754 548 817 quibuscumque
562 754 724 817 temporalibus
744 754 826 817 rebus,

38 838 125 889 [uarum
134 826 236 889 quadarn
248 825 316 877 ciliis
325 826 443 888 finiuntur,
451 828 556 887 quaedum
563 824 650 877 diullio
657 825 829 889 durant30muia

37 901 108 947 intem
121 898 170 947 hmo
183 898 309 948 subduntur
324 896 488 948 existimationi
501 897 582 961 judieii
595 898 677 949 (lirini.
691 899 722 949 Et
735 898 788 948 ideo
801 898 829 949 de

37 970 67 1019 ris
81 968 185 1019 omnibns
197 967 324 1033 perlectum
338 971 361 1019 et
369 967 636 1031 mamrestumjuuieium
643 969 724 1019 haberi
733 982 779 1019 uon
787 982 829 1033 po·

38 1044 90 1103 est,
105 1039 296 1103 quamdiu'lrnjus
310 1038 420 1104 temporis
437 1053 517 1090 cursus
539 1040 613 1090 durat.
627 1041 656 1091 itt
678 1043 771 1105 propter
786 1042 830 1091 noo

36 1114 121 1177 oportet
133 1122 183 1161 essa
195 1110 262 1161 iinale
275 1110 386 1175 judicium
397 1110 421 1159 in
436 1111 564 1162 nouissimo
576 1110 624 1173 die,
639 1112 664 1162 in
673 1125 719 1176 qno
730 1109 831 1176 periente

36 1188 49 1235 d
77 1183 138 1247 qnod
161 1184 189 1234 ad
211 1196 395 1248 unumquemque
416 1182 532 1234 nominem
553 1184 666 1247 pertinet,
688 1196 831 1249 quocumque

35 1257 98 1307 nodo
116 1252 215 1318 perlecto
237 1257 262 1303 et
277 1252 398 1304 manifeste
410 1254 536 1318 judicetur.

59 1328 95 1377 Ad
109 1324 206 1391 primurn
223 1325 422 1387 omnimodum,
437 1325 498 1389 qood
515 1325 594 1390 opinio
613 1328 762 1391 quommalam
777 1327 831 1390 init,

34 1399 90 1462 [uod
104 1396 187 1447 anime
203 1400 333 1447 sanatorum
349 1410 392 1447 non
403 1396 551 1461 praemiantur
563 1397 589 1448 in
603 1398 674 1460 ooelo,
688 1411 731 1449 nee
748 1399 830 1451 anima

34 1471 188 1521 lamnatorum
201 1467 324 1531 puniantur
333 1468 357 1518 in
369 1468 459 1519 inferno
472 1482 545 1532 usque
558 1468 587 1519 ad
595 1469 655 1520 diem
667 1470 757 1534 judicii.
767 1469 831 1529 Quod

34 1541 121 1606 [uidem
138 1542 231 1604 apparet
249 1538 332 1590 falsum
350 1552 380 1590 ex
397 1541 441 1591 lroe
459 1542 518 1603 quod
535 1542 656 1605 Apostolus
674 1542 831 1604 11.oor.,V,

33 1612 101 1664 licit:
120 1612 267 1673 «ludamus,
278 1615 300 1663 et
314 1611 397 1661 bonam
410 1613 551 1663 voluntatem
559 1612 670 1665 liniemus
680 1614 751 1677 magis
760 1626 828 1678 pere·

33 1685 115 1743 :rinari
129 1683 143 1733 l
156 1696 267 1747 corpore,
280 1688 305 1735 et
325 1689 450 1747 presentes
468 1698 520 1737 ease
539 1686 568 1735 ad
588 1684 752 1749 llomiunm3o
770 1685 832 1749 qnod

33 1761 64 1808 est
82 1773 96 1804 n
108 1756 158 1819 jam
176 1768 222 1807 non
239 1755 354 1806 ambulare
368 1768 409 1820 per
423 1755 505 1820 fidem,
523 1755 566 1807 sed
580 1768 623 1819 per
642 1756 759 1820 spetiem,
777 1773 792 1804 n
807 1761 834 1807 nt

33 1831 93 1879 »atet
114 1839 143 1877 ex
158 1826 195 1877 luis
210 1840 261 1889 qua
280 1827 458 1891 subsequuntur.
472 1828 610 1879 limantem
623 1828 747 1880 osiridem
761 1830 832 1880 mom

33 1914 68 1951 er
88 1897 212 1949 essentiam
222 1936 229 1959 ,
241 1898 265 1948 in
278 1912 323 1962 quo
341 1897 446 1949 consistit
458 1898 505 1949 uita
523 1901 624 1962 emma,
635 1903 662 1948 ut
672 1903 736 1963 patet
747 1901 831 1957 loom,

33 1971 89 2022 [Vll
99 1970 145 2034 (1).
162 1969 227 2020 Unde
241 1969 387 2021 manifestum
398 1973 434 2021 est
448 1969 536 2021 animas
547 1968 703 2034 temporibus
714 1976 832 2035 separatas

35 2056 80 2095 sse
94 2041 121 2091 in
132 2040 179 2090 rita
191 2042 284 2091 aterna.
301 2041 331 2089 Et
342 2040 395 2091 ideo
408 2042 529 2092 dicendum
544 2041 653 2105 estquod
665 2048 718 2106 post
735 2046 832 2094 mortem
920 2032 923 2042 '

33 2117 142 2179 ¹uantum
154 2111 183 2162 ad
191 2125 276 2176 eaque
288 2115 342 2163 sunt
353 2112 449 2173 animm,
462 2112 533 2165 lnomo
549 2113 644 2165 sortitor
654 2116 775 2178 quemdam
788 2116 833 2165 inn-

33 2183 163 2237 nutabilem
176 2186 277 2247 statum3
290 2185 315 2233 et
326 2182 377 2234 iden
390 2189 499 2247 quantum
510 2184 539 2233 ad
550 2184 670 2247 premium
684 2185 775 2248 animm,
784 2199 833 2237 non

34 2259 122 2323 portet
131 2254 226 2305 ulterilrs
245 2254 332 2304 differri
348 2254 464 2319 judicium.
480 2256 526 2305 Sed
537 2255 591 2318 qnia
604 2256 710 2319 quadam
725 2258 834 2309 aliasunt

33 2333 50 2381 d
61 2326 183 2379 homiuem
193 2326 342 2391 pertinentia,
352 2340 401 2389 qum
411 2331 459 2377 toto
469 2327 578 2391 temporie
587 2341 658 2379 eursu
665 2332 772 2393 aguntor,
781 2342 833 2393 qua

35 2415 75 2452 on
91 2401 147 2448 suut
161 2397 234 2447 aliena
248 2397 262 2447 l
275 2396 352 2447 divino
362 2397 462 2462 judicio,
478 2403 568 2462 oportet
580 2398 664 2449 itemm
680 2399 706 2450 in
717 2399 763 2452 lino
773 2404 833 2451 teun-

35 2468 93 2523 oris
106 2468 185 2519 omnia
195 2470 246 2519 han
260 2469 284 2519 in
293 2468 406 2533 judicium
419 2468 510 2519 addoni.
523 2468 588 2520 Licet
600 2471 661 2522 enim
670 2473 739 2523 homo
751 2486 833 2523 smnu-

35 2545 84 2595 irm
98 2543 153 2593 liaeo
170 2554 217 2593 non
232 2543 345 2592 mereatur
358 2553 432 2605 neque
446 2541 604 2605 demereatur,
624 2546 700 2594 lamen
719 2544 833 2608 pertinent

59 2711 98 2774 (l)
114 2716 185 2759 Juxta
204 2726 297 2759 sensnm
315 2713 433 2771 vulgarem
452 2712 587 2772 Augustini,
602 2726 671 2771 quem
685 2721 778 2761 secutus
796 2722 832 2762 est

37 2814 45 2826 .
62 2776 187 2830 Theman
203 2777 269 2833 quasi
283 2774 389 2821 formalis
397 2776 484 2821 locutio
498 2777 543 2823 ista
551 2778 593 2834 ait,
609 2777 646 2822 vel
657 2778 786 2824 formaliter
795 2780 831 2824 in·

33 2840 103 2897 elligi
115 2838 218 2885 debeat:
235 2840 289 2887 limo
303 2842 336 2887 eat
345 2839 398 2884 nitu
406 2843 511 2889 aaaron,
521 2844 549 2885 att
561 2846 705 2897 oopooeeost
717 2847 739 2888 te
751 2842 831 2888 tottam
919 2851 920 2900 j

33 2914 120 2953 erum
137 2902 224 2959 Denta,
239 2906 339 2961 atquem
348 2902 439 2951 miniati
451 2902 532 2950 losum
546 2902 679 2949 Christum.
