1917 3317
129 186 160 223 nr
174 183 364 221 murmuramus
379 182 412 223 an
427 185 551 225 nuaram
566 187 593 224 nr
607 186 719 225 omaro.
778 179 826 229 ιιι

52 258 72 306 tei
88 262 250 325 operationem,
266 273 334 325 qnam
347 260 416 313 homo
435 276 477 326 pro
499 262 567 313 nohis
584 263 659 314 iactus
674 264 824 331 adimplevit,

54 330 164 382 ozooootahilis
174 331 278 397 profecto
292 332 352 383 Deus
370 337 393 382 et
408 332 448 384 Dei
460 334 567 384 Verbum.
584 350 598 382 n
617 335 655 385 Sic
668 335 739 399 igitur
752 340 824 403 patet,

52 402 86 461 pit
98 404 184 453 aliaest
197 402 301 467 operatio
311 404 419 469 humana,
429 404 454 455 in
462 419 508 470 qua
517 408 583 457 Pater
592 410 616 456 et
624 406 723 472 Spiritus
733 410 826 459 sanctus

52 486 75 521 on
84 475 247 525 communicant
258 474 304 525 nisi
319 475 446 527 secuudum
459 477 643 541 acceptationem
656 478 825 543 nriserieordiae3

54 546 99 594 :otia
114 550 147 597 est
158 548 211 610 ejus
226 546 337 611 operatio,
349 546 373 597 in
388 552 498 611 quartum
511 554 547 599 est
559 548 601 599 hei
611 549 728 613 Verbum,
743 551 769 600 in
782 562 827 618 qna

53 618 184 667 ooooooieaot
202 620 273 668 Pater
291 621 315 668 et
334 618 432 683 Spiritus
451 625 554 671 sanctus.

65 690 89 737 toi
106 692 231 741 seeundum
245 690 383 751 dicendum,
401 690 460 755 qnid
482 691 661 741 instrumentum
679 690 761 743 dicitur
780 692 827 742 ali·

52 760 81 819 ¹it
98 776 161 825 egere
180 776 211 813 es
234 774 262 813 eo
285 762 345 825 quod
364 762 493 814 morcourt
509 764 631 828 principali
650 767 750 828 agente;
767 762 828 826 qued

60 846 97 880 oreo
107 838 189 896 prater
202 834 249 883 hnc
261 834 341 897 potest
353 833 438 883 hahere
450 833 563 899 propriam
575 834 729 897 operationem
744 848 827 885 secun-

53 916 77 950 on
93 916 155 954 snam
174 904 291 966 formam,
307 907 334 953 ut
347 904 376 955 de
395 904 449 969 igne
469 905 554 955 dietum
572 908 617 955 esi.
629 905 669 955 Sic
687 903 757 968 igitur
771 906 829 959 actio

52 974 182 1037 triformenti,
202 975 353 1039 inquantum
369 980 404 1026 est
416 977 608 1033 instrumentum,
626 990 673 1028 non
688 980 722 1026 est
735 976 780 1027 atia
800 977 828 1027 ah

58 1044 105 1095 sione
117 1046 255 1111 principalis
269 1046 373 1109 agentis3
383 1050 459 1110 potest
473 1050 551 1098 tamen
568 1047 651 1097 habere
668 1047 735 1097 aliam
747 1060 829 1111 opera-

52 1130 116 1179 ntem,
132 1119 205 1183 prout
225 1119 261 1166 est
281 1131 318 1167 res
337 1118 450 1180 quadam.
471 1118 509 1168 Sic
528 1119 598 1183 igitur
609 1118 711 1182 operatio
731 1132 782 1181 qnae
796 1120 831 1167 est

65 1200 121 1239 osane
143 1192 237 1239 naturae
257 1189 282 1238 in
301 1188 448 1251 ernistmio
469 1194 579 1253 quantum
600 1192 635 1239 est
652 1190 832 1239 instrumentum

53 1259 162 1323 rioitatis,
178 1274 229 1311 nou
249 1263 286 1310 est
300 1260 344 1309 alia
363 1260 391 1308 ah
405 1261 536 1324 operatione
550 1259 692 1323 divinitatis3
707 1273 753 1310 uon
767 1259 829 1309 enim

52 1332 64 1373 ,ι
80 1331 115 1379 atio
134 1331 255 1393 salvatio,
273 1344 318 1394 qua
332 1331 406 1381 salvat
420 1332 549 1381 humanitas
569 1330 670 1391 Christi,
687 1333 711 1381 et
724 1329 832 1380 diuinitas

60 1412 79 1447 'a
96 1404 168 1455 Habet
188 1408 268 1453 tamen
285 1404 389 1453 hnmana
409 1404 532 1454 naturaie
550 1402 659 1466 Christo,
673 1403 699 1454 in
715 1407 828 1467 quantum

56 1479 147 1527 patrna
166 1476 293 1541 quaedam,
309 1476 431 1539 quamdam
444 1474 559 1541 propriam
575 1475 730 1540 operationem
745 1477 830 1539 prater

67 1544 115 1595 inam
125 1587 131 1609 ,
142 1551 171 1598 ut
190 1546 281 1596 dictum
294 1549 339 1595 est.

66 1618 85 1664 ot
98 1620 193 1670 tertium
214 1618 350 1681 dicendum,
369 1614 429 1681 quod
445 1618 534 1682 operari
556 1620 591 1668 est
603 1616 735 1682 hypostasis
747 1613 834 1665 subsis-

54 1688 102 1749 ῚᾸιε,
116 1692 158 1741 sed
185 1690 318 1746 seeundum
338 1687 436 1739 formam
456 1693 478 1739 et
492 1693 611 1751 naturam,
632 1688 645 1736 a
665 1701 711 1751 qua
731 1686 834 1752 operatio

52 1758 115 1808 oren
127 1760 226 1826 recipit.
241 1761 270 1809 Et
280 1760 355 1811 ideoa
366 1758 497 1809 diuersitate
510 1760 635 1810 formarum
647 1771 688 1809 sen
701 1763 834 1809 naturarum

53 1831 154 1882 totieersa
171 1830 270 1897 species
289 1830 463 1895 operationum;
490 1832 531 1881 sest
550 1830 578 1879 ah
597 1830 684 1879 unitate
702 1828 834 1894 hypostasis

73 1904 142 1953 unitas
159 1902 296 1955 secundnm
310 1911 430 1951 numerum
449 1906 557 1965 quantum
572 1901 600 1952 ad
614 1901 768 1964 operationem
781 1912 834 1965 spe-

52 1970 81 2020 i:
95 1976 153 2026 sient
169 1972 240 2039 ignis
257 1974 327 2024 hahet
340 1974 398 2023 duas
422 1974 565 2037 operationes
587 1974 663 2038 speeie
685 1971 833 2033 differentes,

52 2044 99 2095 iret
112 2048 254 2097 illuminare
276 2049 299 2095 et
312 2042 455 2107 calefacere,
474 2046 600 2094 seeundum
612 2043 762 2093 differentiam
775 2042 835 2092 lucis

60 2119 146 2183 1,otoris;
160 2122 187 2170 et
200 2122 283 2167 tamen
297 2118 332 2166 est
343 2128 389 2164 una
397 2128 493 2165 numero
503 2114 639 2165 illuminatio
649 2115 709 2178 ignis
719 2113 787 2163 simul
798 2112 834 2176 (i)

71 2190 174 2243 opinantis.
199 2190 234 2239 Et
254 2186 362 2237 similiter
380 2186 406 2235 iu
424 2186 515 2236 Christo
534 2189 624 2251 oportet
637 2184 696 2250 quoti
717 2185 765 2235 siut
785 2183 837 2234 dum

70 2263 163 2313 ”oriones
178 2258 266 2327 specie
289 2258 418 2307 differentes
434 2258 559 2307 seecundum
577 2256 629 2320 ejus
649 2258 705 2307 duas
723 2259 835 2318 naturas;

67 2332 121 2383 ¹{ieet
133 2338 221 2385 tamen
237 2330 399 2395 operationum
414 2332 450 2379 est
460 2342 504 2378 una
515 2341 614 2379 numero
628 2328 652 2378 in
665 2327 757 2379 Christo
769 2325 839 2377 simul

65 2411 94 2461 tr,
113 2407 173 2456 sicut
187 2416 243 2454 una
254 2399 381 2451 ambulatio
395 2403 418 2449 et
432 2413 478 2451 nna
492 2400 590 2451 sanatio.
750 2452 756 2462 ,

64 2478 84 2521 ιι
98 2482 207 2540 quamam
221 2474 359 2535 dicendum,
369 2470 430 2536 quod
444 2487 495 2521 ease
508 2476 531 2522 et
544 2472 649 2536 operari
660 2478 696 2521 est
710 2467 839 2536 personati

53 2574 54 2577 =
69 2560 108 2614 uo,
123 2550 193 2602 aliter
217 2552 302 2597 tamen
323 2551 347 2595 et
362 2545 429 2595 aliter
444 2559 450 2594 :
465 2558 519 2595 nam
532 2560 585 2595 ease
602 2544 701 2609 pertinet
714 2544 743 2593 ad
763 2542 839 2607 ipsam

64 2664 81 2706 '¹'
94 2670 126 2714 Sic
135 2671 214 2716 etiam
226 2664 431 2721 inmarrusoripto,
442 2674 489 2707 non
499 2669 525 2707 nt
534 2662 597 2719 prihu
611 2664 725 2719 impressa
736 2660 835 2716 pmeim,

52 2752 54 2761 ’
78 2738 96 2775 ot
111 2746 191 2780 rursus
209 2727 288 2788 pacto
307 2730 374 2785 pout,
392 2726 479 2779 semeh-
493 2725 637 2782 significatur
651 2726 715 2769 enim
729 2722 840 2777 operatio

68 2806 81 2832 z<
94 2798 125 2841 eei
139 2794 234 2844 (ihristi
251 2800 306 2836 csse
318 2800 365 2833 nna
374 2800 472 2833 numero
486 2788 596 2843 quamdiu
606 2787 631 2832 fit
640 2786 738 2832 seorsim
750 2785 783 2828 ah
792 2784 838 2833 ntia

67 2868 159 2916 *tumque
173 2860 209 2905 noi
218 2852 333 2903 eamdem
344 2852 448 2909 speciem
458 2852 597 2909 pertinente.
610 2850 668 2905 Quid
683 2846 751 2905 porro
764 2844 838 2889 refert

69 2918 85 2963 ul
97 2928 118 2967 nt
130 2920 171 2969 flat
179 2916 267 2969 semei
281 2910 391 2961 tanthm‘?
