1917 3317
141 203 188 250 etti
332 211 393 248 rans
407 210 451 260 ιιι,
467 207 554 254 pour.
567 208 640 256 ms,
657 206 713 246 aar.
729 206 746 244 ι.

172 288 305 351 despondeo
324 286 461 346 dicendam,
475 283 536 346 qvod
547 285 575 334 ad
594 282 725 333 mediatoris
737 276 832 332 officinm
844 289 905 342 prope

138 359 237 424 pertinet
250 359 387 421 conjungere
401 359 425 406 et
441 356 507 405 unire
519 368 559 405 eos
574 354 635 404 inter
644 368 703 418 qnos
713 351 870 409 estmediator3
879 361 905 392 vr·

139 435 241 480 extrema
254 429 363 480 uniuntur
380 429 404 478 in
416 428 499 477 medio.
514 427 584 476 Unire
598 430 676 475 antem
685 424 841 475 homineslteo
852 425 904 485 pert.

139 500 188 552 tive
203 502 295 564 qrvidem
309 500 417 550 convenit
431 499 530 561 Christo,
546 511 589 561 per
601 497 784 562 quemdomines
798 498 848 544 sunt
862 508 894 541 ree

140 570 212 621 ciliati
230 572 291 632 Deo,
310 570 434 621 secundem
451 570 508 619 illud
525 569 554 618 il.
570 568 607 618 od
623 569 695 624 Cor..
710 569 747 617 V:
763 567 846 615 oiiens
858 573 892 612 ers·

140 642 238 704 Christo,
254 643 362 691 mundum
377 641 528 692 reconcilians
541 639 594 690 sibi.
613 657 627 687 »
650 641 681 690 Et
700 639 752 692 ideo
769 639 830 689 sotus
841 639 892 688 Cim

139 719 174 764 est
183 715 298 779 periectas
308 714 350 764 [tei
358 717 381 764 et
389 713 507 764 hominnm
517 713 638 774 mediator,
648 713 793 776 inquantum
801 724 841 776 per
849 724 894 757 misr.

138 798 202 836 suam
213 786 338 836 humanum
347 799 418 848 gerim
432 786 478 834 lieo
492 783 658 835 reconciliavit.
672 785 747 844 Unde,
757 782 811 833 eiam
824 785 895 845 apost·

140 856 236 907 dixisset
254 873 260 906 ι
277 857 406 908 «Mediator
420 857 461 907 Dei
474 860 498 908 et
510 854 629 906 hominm
640 857 711 906 homo
722 854 829 906 Christos
840 855 892 903 test-

139 927 257 992 sobjungit
275 944 281 978 :
297 928 364 987 «Qui
377 927 440 979 dedit
453 927 602 991 semetipsum
615 927 803 990 redemptionem
816 939 854 992 pro
870 938 886 972 ov

141 998 193 1048 bos.
206 1015 219 1046 s
234 999 297 1050 Nihil
310 1006 388 1050 tamen
401 998 506 1064 prohibet
518 999 609 1062 aliquos
621 998 681 1049 alios
692 999 825 1048 seeundirm
841 997 885 1060 qvvii

141 1071 277 1122 mediatores
289 1070 348 1122 iuter
361 1072 431 1124 Deum
443 1075 466 1122 et
479 1069 594 1132 homines,
608 1073 679 1132 prout
698 1069 791 1122 seilicet
806 1083 889 1133 oropem

142 1141 170 1191 ad
186 1141 295 1192 unionem
313 1141 432 1192 hominum
450 1155 502 1192 eum
519 1143 583 1203 Deo,
600 1139 740 1204 dispositive
757 1143 800 1194 vei
816 1141 889 1193 minist<

141 1212 199 1263 liter.

173 1285 207 1338 dd
226 1285 325 1349 primum
345 1298 399 1350 ergo
416 1283 551 1345 meandum,
570 1283 632 1348 qued
646 1286 771 1348 proposse
789 1289 814 1336 et
826 1286 891 1334 sacas*

142 1356 228 1408 veteris
235 1355 377 1408 Testamenti
384 1355 437 1407 dicti
448 1360 502 1406 sunt
510 1357 648 1407 mediatores
657 1357 721 1406 inter
730 1358 808 1408 Deam
817 1367 841 1407 et
851 1358 886 1404 hii..

142 1426 277 1492 dispositive
293 1431 315 1478 et
329 1427 516 1489 ministerialiter,
532 1428 556 1476 in
572 1432 687 1491 quantam
702 1429 796 1480 seilicet
814 1442 885 1493 pram
917 1428 919 1495 j

142 1501 197 1552 eant
210 1503 234 1551 et
251 1499 426 1564 prefigurabant
441 1512 522 1550 verum
539 1503 563 1550 et
584 1500 717 1563 perfeetum
732 1501 777 1551 Dei
799 1507 824 1551 et
839 1503 884 1549 hori>

103 1576 107 1584 '
143 1572 290 1624 mediatorem
300 1571 342 1634 (1).
359 1571 493 1622 Sacerdotes
503 1569 558 1622 vere
569 1569 627 1620 novi
639 1570 792 1622 Testamenti
804 1580 889 1636 possam

143 1642 279 1694 mediatores
295 1641 335 1692 Dei
349 1645 372 1690 et
390 1640 523 1702 hominum,
542 1642 697 1705 inquantum
717 1647 777 1694 sunt
791 1644 884 1693 ministri

142 1713 288 1778 Mediatoris,
305 1712 356 1764 viee
369 1711 441 1778 ipsius
454 1713 562 1764 salutaria
577 1717 727 1764 sacramenta
739 1716 873 1766 honnnihvs
883 1727 902 1761 a:

142 1784 232 1834 tientes.

174 1856 208 1904 dd
222 1855 346 1906 secundum
362 1855 500 1920 dicendam,¹
515 1855 577 1920 quod
589 1855 667 1920 angeli
680 1855 759 1924 boni,
775 1865 805 1910 ut
822 1868 892 1922 noga

144 1924 198 1976 dicit
216 1925 239 1977 in
257 1927 297 1977 IX.
313 1928 349 1978 De
373 1928 514 1978 deviatae·
532 1925 584 1990 (uhi
600 1928 695 1992 supret,
709 1943 764 1982 non
778 1932 844 1982 reete
865 1945 898 1994 pt>

144 1997 189 2050 diei
202 1999 338 2050 mediatores
351 1998 411 2049 inter
424 1999 497 2050 Deum
510 2003 533 2050 et
546 2000 661 2050 homines.
679 1999 743 2052 Ciam
757 2004 828 2054 enim
841 2009 899 2053 ntro¹

143 2069 229 2119 habent
240 2083 359 2120 commune
368 2084 419 2120 eum
433 2071 488 2130 Deo,
503 2074 527 2121 et
537 2071 704 2123 beatitudinem
717 2079 744 2124 et
753 2075 895 2127 immortalis-

143 2139 201 2193 nihi]
210 2146 284 2191 autem
295 2143 376 2194 horum
390 2155 442 2192 eum
452 2142 584 2194 hominibus
595 2142 688 2194 miseris
702 2149 729 2194 et
743 2148 889 2198 mortalibus.

144 2211 211 2262 modo
220 2225 266 2262 non
277 2213 353 2276 potiris
364 2215 446 2265 remoti
459 2218 513 2264 sunt
526 2215 555 2264 ab
567 2213 708 2278 hominibus,
717 2217 822 2281 Deoqne
835 2233 891 2278 corp

143 2282 213 2346 quem
229 2283 288 2336 inter
306 2290 415 2350 utrosque
434 2287 506 2336 medii
524 2285 651 2337 eorrstitnti.
667 2287 800 2353 Dionysius
813 2295 887 2342 mmai

143 2368 183 2405 eos
201 2369 251 2406 esse
268 2357 370 2421 medios,
385 2358 439 2421 quta
461 2357 586 2408 secundem
605 2357 702 2421 gradum
722 2365 822 2416 naturae
837 2370 885 2412 svnt

142 2428 227 2492 Deum,
248 2433 271 2479 et
291 2441 360 2494 sopra
380 2429 488 2482 homines
507 2429 640 2489 constituti,
657 2433 681 2480 et
699 2432 845 2485 mediatoris
862 2444 882 2483 ee

141 2503 264 2564 exercent,
276 2513 323 2550 non
339 2500 431 2566 quidem
444 2501 602 2566 principaliter
615 2504 639 2553 et
654 2501 808 2569 perfective,
824 2508 865 2556 sed
881 2521 892 2550 :r

140 2571 252 2626 terimter
268 2577 291 2624 et
309 2571 454 2636 dispositive.
469 2574 533 2627 Unde
546 2573 651 2634 Metita„
663 2575 706 2637 IV,
718 2576 813 2629 dicitvrr
828 2577 887 2643 quea

174 2743 206 2806 (1)
215 2745 309 2801 Alioqui
322 2745 415 2801 proprie
429 2747 489 2790 moos·
504 2746 647 2792 Testamenti
662 2746 835 2796 mediatore-v
849 2752 897 2796 Chri

140 2809 266 2870 Apostolus
283 2807 397 2864 appellat,
413 2807 445 2852 od
463 2807 552 2859 Heba„
564 2809 636 2868 vm,
649 2821 712 2855 vers.
731 2810 761 2871 6,
783 2821 812 2859 et
832 2816 866 2860 ad
880 2815 897 2857 tr·

139 2869 185 2926 lx,
196 2883 219 2917 v.
232 2869 271 2925 15,
286 2873 309 2912 et
320 2869 351 2924 nd
363 2865 517 2931 Hetr.,'xl1,
529 2884 551 2916 v.
565 2869 606 2932 at,
620 2872 690 2932 qnasi
702 2884 747 2929 per
762 2879 892 2933 proprium

140 2931 232 2983 guinem
245 2929 390 2976 redimendo.
