1917 3317
259 204 463 249 ermemirus
477 205 560 250 mnes
575 207 668 252 mres.
816 200 864 253 Μ

46 285 199 352 Centngimn
219 288 295 337 sutem
308 290 476 338 consummetur
488 301 530 351 per
543 289 657 340 semelem
674 289 789 354 mpulnm.
806 291 865 356 Ergo

46 359 149 409 videtur
171 357 231 421 qued
251 359 388 422 quantoque
408 359 504 412 nemetis
533 361 615 425 copule
634 361 786 413 intervenerit
805 363 866 413 inter

48 430 153 481 Marium
164 434 188 480 et
200 431 294 494 Jesepi.
306 431 377 480 Etite
387 431 550 496 videturqutd
565 445 612 482 nen
630 434 786 496 permanserit
797 435 866 500 Virgo
897 475 899 482 ,

49 505 110 568 post
120 506 221 565 partum.

88 578 113 624 s.
139 575 263 637 Preteree,
281 574 363 626 itidem
380 580 434 642 post
452 589 526 641 pium
549 577 654 628 subditur
668 592 704 627 :e
721 579 751 628 nt
774 578 864 643 neeepii

51 645 182 710 conjugem
194 659 259 696 suem
271 650 295 697 et
306 659 353 698 nnn
362 649 516 711 cognoscebat
530 661 581 700 enm
590 649 664 700 neuen
681 649 771 714 peperit
793 649 865 700 fliium

53 730 126 768 snum
145 719 327 782 primogenitum.
343 735 358 767 n
374 722 422 770 iius
436 724 511 771 eutem
528 721 677 781 adverbium,
697 723 792 778 Donec,
809 733 867 772 eon-

55 789 137 840 suevit
155 791 329 841 determinatum
343 795 434 857 ternpus
453 793 597 855 significare,
611 805 657 858 qne
670 794 766 858 impleto
781 793 820 844 iiet
839 793 865 844 ivl

56 862 121 925 qued
130 874 202 924 usque
213 863 242 912 ud
253 861 405 928 iiludtempus
418 879 464 915 nou
475 865 556 928 tiebat3
567 866 661 915 verbum
671 869 746 915 eutem
758 879 858 929 coquos·

55 932 142 989 cendi,
154 933 187 983 ibi
199 934 228 983 ed
242 933 326 985 mitum
340 936 446 1000 refertur,
459 936 521 986 sicut
533 939 556 986 et
567 937 639 995 Gen„
656 937 694 996 iv,
709 936 792 986 dieitur
801 935 863 999 qued

58 1022 73 1052 n
81 1006 155 1054 idem
169 1006 276 1069 mgnevit
284 1019 378 1057 uxorem
390 1020 464 1057 sunm.
473 1024 487 1053 u
495 1008 554 1070 Ergo
567 1006 664 1070 videtur,
677 1006 736 1070 qued
750 1010 802 1070 pest
813 1019 865 1070 pur·

55 1081 107 1126 tum
122 1077 190 1127 beatu
203 1077 272 1141 virge
285 1077 354 1128 inerit
366 1077 510 1129 enmeliteri
528 1080 612 1142 ioseph
626 1079 726 1140 unguite.
748 1079 809 1141 Ergo
828 1078 864 1128 vi-

57 1150 136 1212 detur,
151 1149 212 1212 quen
225 1162 272 1199 nen
285 1151 436 1214 permanserit
447 1151 519 1213 Virgo
535 1155 588 1214 post
600 1155 699 1214 perium.

93 1223 117 1268 t.
132 1219 258 1286 Praetsree,
272 1222 438 1286 primogenitus
457 1235 503 1272 nen
524 1225 601 1286 potest
617 1220 666 1272 diei
678 1220 724 1272 nisi
740 1221 779 1284 qui
797 1222 865 1272 hehet

60 1292 144 1341 fratres
161 1292 338 1356 subsequentem
352 1295 413 1344 unde
426 1296 507 1351 iiom„
524 1293 583 1352 viii,
597 1293 691 1352 dieitur,
708 1309 723 1340 «
738 1305 796 1356 ques
805 1305 865 1356 prae·

36 1381 40 1388 ·
60 1361 131 1413 seivit
143 1367 167 1412 et
179 1363 348 1426 predestinavit
357 1365 487 1415 enniermes
502 1364 551 1415 tieri
563 1363 670 1428 imaginis
679 1363 734 1413 Filii
747 1363 792 1426 sui,
802 1363 868 1414 utsii

59 1433 113 1497 ipse
126 1433 291 1497 primogenitus
303 1435 328 1484 in
340 1437 418 1486 multis
431 1435 550 1486 frutribus.
568 1451 582 1482 n
602 1437 649 1486 Sed
664 1435 812 1498 Evangeiiste
825 1447 867 1484 no-

59 1505 137 1556 minet
158 1507 274 1557 Christum
290 1509 493 1572 «primogenitum
506 1509 585 1560 metris
598 1510 659 1574 ejus.
684 1509 770 1572 »Ergo
788 1508 868 1559 inbuit

61 1578 120 1629 elius
130 1579 190 1629 iiiios
204 1583 257 1643 post
269 1581 401 1642 Christum
414 1585 440 1632 et
460 1581 493 1631 ita
509 1581 601 1632 vitietur
618 1579 678 1646 qued
690 1583 763 1630 meter
782 1579 866 1630 Christi

62 1662 110 1701 nou
126 1652 239 1701 meuserit
256 1652 325 1716 Virgo
337 1656 500 1717 nortpertum.

96 1727 120 1772 s.
137 1724 407 1786 Pretenee‚10nn.,li,
424 1725 517 1788 dieitur,
533 1741 548 1772 n
561 1727 614 1788 pust
626 1725 676 1774 hee
689 1724 807 1775 deseendit
825 1725 868 1774 Cn·

61 1797 189 1862 phumnnm
197 1795 257 1859 ipse,
268 1811 283 1843 n
293 1797 381 1847 seilicet
393 1797 509 1859 christus,
526 1812 539 1844 u
551 1799 575 1846 et
587 1799 658 1846 meter
672 1796 724 1860 ejus
733 1834 740 1858 ,
748 1798 771 1846 et
784 1795 867 1846 fratres

62 1868 123 1932 eius.
140 1883 154 1915 u
172 1867 217 1919 Sed
235 1869 332 1931 (ratres
350 1868 457 1918 dicuntur
477 1867 517 1932 qui
539 1879 567 1918 ex
582 1867 662 1918 eedem
680 1869 774 1931 perunte
794 1867 867 1930 geniti

64 1943 128 1990 sunt.
142 1939 202 2003 ingo
214 1938 314 2004 videtur,
328 1939 389 2004 qued
399 1941 466 1991 beatu
477 1941 546 2004 Virgo
556 1938 661 1990 intumit
674 1939 731 1989 alies
746 1938 805 1989 iilius
814 1942 866 2004 posi

62 2013 189 2064 Christum.
409 2021 419 2039 ‘

95 2090 118 2134 6.
137 2086 265 2147 Ριωωτοε,
287 2086 389 2141 Mettis„
413 2086 515 2149 xxvii,
530 2083 614 2135 dieitur
636 2099 673 2133 :u
696 2084 766 2134 Erant
786 2084 863 2145 ihi‚n

65 2157 153 2208 scilieet
163 2157 230 2219 juxte
242 2169 332 2207 emnem
348 2156 449 2219 Christi,
465 2173 480 2203 u
493 2155 599 2206 mulieres
613 2155 690 2204 multe
704 2152 803 2218 ilunge,
816 2169 866 2218 quse

65 2229 150 2278 sseutae
171 2229 236 2277 erunt
257 2228 332 2280 lesum
354 2226 488 2290 etiamen,
501 2224 658 2276 ministrantes
674 2224 709 2288 ei;
727 2224 787 2276 inter
807 2239 867 2290 ques

66 2303 115 2348 eret
136 2297 205 2347 ituria
224 2298 377 2362 magdelene,
389 2303 413 2348 et
429 2298 499 2348 iterii
515 2296 593 2347 incubi
609 2301 632 2347 et
645 2297 729 2360 ioseph
743 2300 827 2359 meter,
843 2302 868 2347 et

66 2374 139 2420 meter
151 2368 249 2420 fitiorum
266 2369 377 2420 zebedei.
391 2385 406 2417 n
421 2369 515 2420 Videtur
525 2371 601 2418 sutem
619 2367 818 2431 heremumque
828 2369 866 2419 inin

66 2441 148 2493 dieitur
161 2442 261 2492 uiuenti
274 2444 298 2492 et
310 2442 397 2504 insepti
412 2444 494 2502 meter,
508 2457 521 2488 u
534 2453 586 2491 esse
596 2439 665 2490 etiem
683 2441 755 2488 meter
767 2439 867 2504 Christi

66 2514 148 2565 dieitur
159 2514 222 2564 enim
241 2516 325 2571 loun„
339 2515 404 2576 iiix,
420 2514 481 2577 quen
496 2531 510 2561 u
524 2513 599 2563 stubei
616 2513 680 2576 juxte
700 2523 790 2562 erucem
814 2513 868 2562 lesu

67 2585 136 2636 iiurin
147 2591 219 2638 meten
232 2587 291 2652 ejus.
304 2587 388 2650 niirge
399 2586 490 2636 vitietur
504 2585 563 2651 putu
577 2588 649 2635 meter
665 2583 749 2636 Christi
758 2595 805 2636 nen
818 2597 871 2648 per·

67 2658 433 2723 merseritvirgupustpertum.
944 2711 945 2721 p

98 2729 143 2780 Sed
156 2734 234 2780 senne
247 2733 297 2794 est,
309 2729 370 2794 quiri
387 2729 471 2780 dieitur
483 2725 585 2789 Erech„
599 2728 670 2779 xilv
691 2743 697 2777 r
714 2728 872 2778 «Pertinet

67 2897 108 2946 per
116 2886 249 2944 eonjugium
263 2885 324 2932 nite
338 2886 493 2942 pertinentem
504 2885 565 2931 sieut
574 2885 643 2930 etiem
657 2883 798 2940 ubicumque
812 2891 869 2930 cen·

66 2950 127 3009 iugis
140 2958 226 2996 nemen
244 2954 368 3008 nsmpntm
379 2948 461 3009 intime,
470 2959 549 3006 gumen
564 2959 612 2994 vox
623 2947 705 2993 esium
712 2950 760 2991 est.
