1917 3317
313 192 344 230 nli
360 190 439 231 lom
452 190 556 231 mrsu.
786 188 832 235 918

25 268 121 321 istavit
137 282 214 321 carne
219 305 228 332 ,
247 269 443 320 anathement.»
460 268 561 320 Pertinet
574 271 650 321 entem
664 270 693 321 ad
711 270 833 325 veritatem

25 343 95 395 ,ortis
116 342 230 393 hominis
249 342 285 393 ucl
303 340 406 391 animalis
423 340 485 406 qudd
503 354 545 405 per
558 345 653 393 mortem
669 344 760 394 desinat
781 359 833 398 esse

25 427 84 465 nmo
98 415 143 464 vel
161 412 264 476 animal3
283 426 343 463 mors
359 411 419 463 enim
432 412 532 463 hominis
546 413 582 463 rel
595 413 713 477 animalis,
728 418 834 479 provenit

25 500 37 535 r
55 484 220 550 separatione
240 484 338 545 anime,
350 498 401 547 pua
416 484 515 550 complet
536 484 648 535 rationem
662 485 779 549 annalis,
795 489 833 540 rel

25 558 132 609 ominis.
149 558 181 607 Et
199 556 249 608 ideo
265 556 339 607 dicero
354 556 470 606 Christum
488 555 512 605 in
528 555 603 606 triduo
617 556 699 607 mortis
717 557 833 609 honinem

25 630 105 692 risse,
122 626 265 692 simpliciter
278 632 301 678 et
312 627 413 677 absoluti
425 627 548 691 loquendo,
563 640 682 678 erroneum
700 633 743 681 est.
753 630 834 682 Potest

25 714 96 752 rmen
107 698 157 751 dici
173 700 235 764 qudd
245 700 348 751 Christus
357 698 381 746 in
392 698 465 750 triduo
480 698 525 747 init
533 700 602 749 homo
616 702 726 750 mortuns.
738 702 833 761 Quidam

25 787 98 824 amen
119 771 294 823 confessisunt
310 770 424 821 Christum
437 770 462 819 in
473 770 548 821 triduo
562 769 679 820 hominem
692 771 780 835 luisse,
794 773 834 824 di·

25 848 103 896 entes
124 844 223 907 cuidem
243 841 312 892 uerba
328 852 439 904 erronea,
458 841 498 891 sed
513 853 605 891 sensum
623 843 706 893 erroris
728 857 773 895 non
791 846 831 895 ha·

25 920 104 968 »entes
119 914 147 963 in
162 914 208 963 lide
222 930 229 961 r
243 912 303 963 sicui
313 912 377 975 llugo
394 912 422 961 de
437 910 521 961 Sancto
537 911 643 975 Victore,
658 914 698 978 qni
708 927 734 965 ea
745 915 834 967 ratione

25 989 84 1039 lixit
100 985 221 1036 Christum
240 984 264 1033 in
277 982 352 1035 triduo
368 982 446 1033 mortis
463 982 535 1033 luisse
546 983 661 1034 hominem
672 1022 678 1048 ‚
690 1000 734 1050 pun
746 986 834 1039 dicebat

25 1060 129 1110 mimam
144 1070 198 1109 esse
209 1055 339 1119 honinem3
355 1054 415 1118 quod
424 1058 500 1104 tamen
510 1057 545 1105 est
555 1055 646 1117 laisum,
660 1060 686 1106 nt
697 1058 721 1108 in
737 1060 758 1108 1.
768 1064 834 1122 parte

25 1134 148 1183 istensnm
161 1132 196 1179 est
206 1132 261 1192 (qu.
278 1131 316 1189 75,
327 1130 370 1176 art.
383 1126 422 1190 l).
436 1127 545 1189 Magister
554 1126 622 1175 etiam
634 1129 713 1186 Seni..
727 1130 833 1194 inllllll,

25 1204 82 1255 dist.
97 1201 140 1250 lll.
150 1200 203 1261 lin,
215 1198 293 1264 posuit
301 1198 359 1263 qudd
371 1197 475 1248 Christus
484 1198 509 1247 in
521 1196 596 1247 triduo
605 1198 701 1248 mortuis
708 1199 753 1250 fnit
766 1202 835 1254 homo

25 1273 73 1325 elia
87 1272 191 1335 ratione3
201 1271 255 1333 quia
265 1269 359 1321 credidit
370 1267 429 1334 quod
446 1268 501 1319 nnio
511 1268 590 1318 animae
600 1272 623 1317 et
634 1268 708 1319 camis
718 1283 763 1320 non
776 1276 837 1322 esset

26 1348 58 1397 de
77 1343 169 1396 ratione
190 1342 306 1404 hominis,
326 1342 366 1391 sed
380 1341 496 1392 sufficeret
513 1340 542 1390 ad
560 1341 605 1390 hoc
625 1339 684 1403 qndd
703 1340 787 1404 aliquid
804 1344 835 1393 sit

26 1422 110 1480 homo,
121 1415 270 1480 quhdhaheat
279 1414 378 1465 animam
385 1415 506 1463 humanam
515 1416 637 1477 etcorpns,
645 1412 694 1462 sive
704 1412 834 1477 conjuncta,

28 1491 82 1543 siue
93 1500 140 1539 non
150 1486 282 1551 conjuncta;
297 1487 356 1549 quod
373 1484 441 1535 etiarn
455 1486 519 1548 patet
530 1498 580 1535 esse
591 1484 674 1534 falsum
688 1497 718 1534 ex
730 1484 767 1533 his
783 1498 836 1549 qun

28 1564 57 1613 in
69 1564 88 1612 l.
105 1562 170 1625 parte
186 1556 312 1609 dictasunt
325 1558 382 1623 (qu.
396 1562 435 1620 75,
448 1561 491 1607 art.
504 1559 517 1605 t
528 1558 547 1622 ),
563 1559 586 1607 et
600 1568 630 1607 ex
648 1556 686 1605 his
699 1569 749 1621 qna
766 1557 836 1622 supra

30 1634 93 1687 dicta
107 1635 161 1683 sunt
172 1631 221 1696 (qu.
233 1633 258 1691 2,
270 1634 311 1679 art.
322 1629 357 1693 5),
368 1628 426 1679 circa
440 1630 532 1679 modum
543 1627 643 1679 unionis.

70 1706 103 1756 dd
116 1703 212 1768 primum
224 1713 277 1765 crgo
293 1700 422 1761 dicendum,
433 1698 493 1764 quod
505 1701 604 1751 Verbum
616 1700 656 1750 liei
672 1700 772 1765 suscepit
782 1702 837 1751 ani·

36 1790 99 1828 mam
111 1780 133 1826 ct
142 1787 231 1825 carnem
248 1773 347 1836 unitam3
361 1772 447 1823 ntideo
460 1772 499 1821 illc
513 1772 627 1836 susceptio
641 1772 695 1822 iecit
708 1773 778 1823 lleunr
794 1773 836 1824 ho-

39 1849 138 1910 minem,
153 1849 175 1897 et
187 1844 302 1896 homiuem
315 1845 394 1895 ileum.
406 1845 456 1894 Non
468 1847 544 1894 autem
559 1843 657 1893 cessarit
670 1842 708 1893 illa
723 1844 837 1909 susceptio

41 1932 82 1985 per
96 1917 257 1982 separationem
269 1917 335 1967 Verbi
346 1916 374 1966 ah
388 1916 463 1965 anima
476 1914 513 1965 uei
525 1915 629 1979 dcame3
642 1914 742 1966 cessarit
759 1919 837 1967 tamen

45 1991 100 2041 nnio
111 1990 179 2041 caruis
192 1992 215 2040 et
227 1990 317 2040 animm.

78 2063 108 2113 hd
127 2062 246 2112 secundum
260 2060 393 2121 dicendum,
408 2059 469 2122 quhd
483 2061 550 2109 homo
566 2057 648 2109 dicitur
660 2072 713 2109 csse
726 2074 788 2109 enus
800 2061 838 2110 io·

49 2134 163 2189 dedicetur,
178 2147 222 2183 non
235 2133 288 2196 quia
301 2131 429 2182 intellectus
443 2132 472 2181 sit
486 2134 547 2181 tolus
556 2132 624 2180 homo
636 2169 643 2194 ,
655 2131 694 2180 sed
704 2132 757 2194 quia
770 2130 838 2181 intel·

50 2209 119 2257 lectus
126 2208 158 2255 est
165 2202 309 2269 principalior
317 2216 368 2267 pars
377 2203 490 2263 hominis,
501 2203 581 2267 inquo
593 2202 722 2251 virtualiter
733 2203 838 2253 consistit

54 2282 99 2328 totu
113 2276 223 2340 dispositio
244 2274 356 2338 hominis3
371 2275 429 2323 sicui
445 2274 465 2322 si
485 2277 558 2322 rector
575 2274 676 2323 civitatis
692 2273 779 2324 dicatur
791 2278 838 2323 toln

55 2352 136 2410 civitas,
150 2348 198 2413 quia
212 2348 235 2397 iu
249 2360 277 2397 eo
290 2346 394 2396 consistit
407 2349 453 2395 tota
473 2345 591 2410 dispositio
604 2345 711 2396 civitatis.

84 2422 113 2472 hd
130 2420 213 2470 tertium
231 2419 365 2479 dicendum,
377 2417 437 2481 quid
452 2430 504 2467 esse
518 2418 656 2468 sacerdotem
672 2415 778 2465 conuenit
795 2418 837 2466 ho·

56 2494 120 2555 ruini,
131 2492 209 2542 ratione
224 2492 320 2552 anime,
332 2491 356 2544 in
374 2503 418 2553 qna
432 2495 467 2539 est
478 2489 564 2539 ordinis
579 2491 704 2538 character.
720 2487 784 2536 Unde
798 2500 839 2551 per

58 2568 143 2615 mortem
163 2565 227 2613 homo
250 2576 296 2613 non
314 2562 388 2626 perdit
409 2562 510 2612 ordinem
532 2560 708 2618 sacerdotalem,
727 2563 750 2607 ct
769 2559 839 2608 mnltd

60 2634 128 2687 minis
140 2635 243 2696 Christus,
258 2635 297 2697 qui
310 2637 344 2683 cst
358 2633 428 2683 totins
439 2631 560 2682 sacerdotii
571 2632 642 2694 origo.
