1917 3317
144 140 193 188 tto
328 149 388 186 unns
403 149 443 199 ιιι,
459 147 553 192 oum.
569 147 643 195 mr,
656 117 713 183 ιιι.
725 147 765 183 ιιι.

147 226 265 276 uenientes
279 223 446 287 generationem
459 221 547 272 Christi
555 221 693 284 describere,
703 226 826 284 treas-eges
838 215 914 266 inmex.

146 298 334 364 pretermittens.

180 374 203 419 e.
220 371 345 430 Praeterea,
356 381 435 418 omncs
457 366 496 430 qni
508 366 534 416 in
547 365 636 415 Christi
655 365 803 429 generatione
817 362 904 413 descuh·

148 444 193 502 lur,
204 444 280 503 patres
289 439 417 488 hahuerunt
428 442 451 487 et
463 444 556 496 matres,
566 440 591 486 et
600 437 696 500 plurimi
707 437 778 486 eliam
789 435 859 484 exeis
870 433 896 480 lu·

148 511 286 562 hahuerunt.
303 509 421 559 hlatlhanus
440 513 517 558 autern
534 509 560 557 in
574 508 727 568 generatione
742 505 830 556 Christi
843 511 898 553 tres'

148 585 198 632 turn
220 584 338 630 enumerat
359 583 459 642 matres,
476 577 565 628 seilicet
580 579 700 640 Thamar,
724 578 802 640 lluth,
817 580 843 626 et
865 587 896 621 un

149 653 209 704 Urim
224 652 269 716 (1);
284 651 365 700 iratres
375 653 451 700 aulem
463 650 567 700 nominat
579 649 647 700 Judae
662 653 688 700 el
700 648 837 709 lechuuiae,
847 652 867 696 el
876 648 896 691 iz,

151 725 237 774 Pharas
250 727 273 772 et
286 723 382 784 Zaram;
398 734 493 784 quorum
513 721 572 770 nihil
584 721 664 782 posuit
682 722 768 771 Lucas.
783 720 845 782 Ergo
858 719 893 763 ri‘·

153 795 305 855 Evangelistae
318 792 507 842 inconvenienter
520 793 682 855 genealogiam
695 791 788 842 Christi
804 791 900 850 deserite,

184 866 229 914 Sed
243 869 319 914 contra
339 868 389 924 eat,
403 863 524 914 auctoritas
537 863 671 927 Scriptura.

187 937 346 1000 (Concuusro.
359 961 391 972 -
403 934 556 986 convenienti
577 935 659 985 ordine
675 935 767 986 Christi
787 934 898 998 genealag.

152 1006 305 1070 Evangelistis
322 1005 412 1069 Scripta
426 1009 470 1054 est.
484 1003 494 1069 )

185 1077 323 1140 Respondeo
337 1077 468 1138 dicendum,
482 1075 545 1142 quod
559 1075 619 1126 sicut
633 1075 724 1126 dicitur
736 1079 768 1127 ll.
780 1077 819 1126 ud
840 1077 901 1125 Tim..

155 1149 255 1198 «omnis
269 1148 384 1211 Scriptura
397 1161 461 1198 sacra
474 1152 510 1197 est
523 1146 636 1197 divinitis
649 1147 781 1210 inspirata.
798 1165 813 1195 ι)
828 1148 894 1204 Qua.

153 1218 265 1270 divinitus
278 1217 516 1282 liunt‚ordinatisaime
525 1218 592 1280 hunt,
603 1219 736 1268 mnndhm
744 1220 804 1269 illnd
812 1221 889 1269 nom„
898 1215 909 1261 i

155 1308 170 1338 u
182 1291 236 1350 Qua
251 1289 319 1340 alteo
337 1294 405 1352 snut,
421 1291 524 1342 ordinata
539 1295 628 1340 suut»
643 1291 713 1341 Unde
728 1292 880 1342 conuenienti
891 1310 905 1334 ι.

153 1362 289 1430 genealogia
301 1362 386 1412 Christi
396 1368 431 1414 est
442 1363 469 1411 ah
484 1362 637 1424 Evangelistis
650 1362 757 1426 scripta.

188 1435 222 1484 ht
241 1434 338 1497 primum
356 1447 410 1497 ergo
427 1434 568 1491 dicendum,
581 1433 641 1497 quod
659 1434 724 1483 sicel
744 1437 896 1499 heronymus

156 1505 330 1572 superinniti.
341 1507 410 1556 isaiae
425 1506 523 1569 loquitur
535 1505 562 1555 de
574 1505 727 1567 generatione
736 1507 893 1557 divinitat'uc

157 1581 277 1630 liatthaeus
290 1581 365 1628 autern
380 1581 470 1628 enarrat
484 1576 655 1640 generationem
670 1577 765 1628 Christi
788 1584 893 1629 secuntur·

152 1650 290 1710 ¹munitatem
301 1687 308 1712 ,
321 1663 367 1700 non
381 1650 471 1712 quidem
483 1649 601 1714 explicans
613 1648 708 1698 modurn
723 1650 904 1701 iucarnationis.

158 1724 203 1771 hnc
221 1723 290 1771 etiam
313 1725 348 1770 est
370 1721 498 1785 ineffabile,
518 1721 558 1770 sed
578 1733 718 1770 enumerans
740 1727 827 1786 patres
846 1735 903 1780 ene

159 1792 264 1844 Christus
277 1791 401 1844 secuudirm
415 1806 507 1842 earnem
521 1790 643 1855 processit.

193 1865 225 1914 lo
238 1865 361 1916 secuudum
376 1864 513 1926 dicendum,
527 1863 588 1927 quod
603 1865 631 1912 ad
651 1865 713 1913 hanc
727 1865 897 1930 abiectionem.

161 1937 233 1986 movit
242 1935 345 1986 lulianus
355 1940 467 2000 apostata,
480 1934 632 1985 diversimode
642 1935 671 1984 ab
680 1935 805 1998 aliquibus
819 1953 898 1999 respue

160 2007 254 2071 quidam
265 2008 327 2058 enim
344 2011 377 2071 (nt
389 2008 512 2070 Gregorius
530 2007 689 2056 Nazianzenus
700 2007 771 2069 dicit)
790 2011 874 2059 dicunt
888 2022 896 2055 e

161 2091 227 2139 esse,
242 2092 299 2140 uuus
318 2083 413 2144 uterque
435 2078 579 2142 Evangelista
596 2081 734 2139 enumerat,
752 2082 799 2130 sed
820 2083 866 2130 suh
884 2082 900 2128 d

162 2150 310 2213 nominihus,
325 2152 389 2214 quasi
403 2151 523 2201 hinonrios.
541 2151 585 2200 Sed
598 2152 643 2199 hoc
661 2153 724 2198 stare
746 2166 798 2200 nun
815 2159 891 2215 potest

162 2221 281 2270 Matthaeus
303 2223 370 2284 ponit
394 2236 466 2270 uniam
487 2221 585 2271 liliorum
605 2221 674 2270 llarid
694 2220 791 2272 scilieet
817 2224 887 2272 Salen

162 2292 235 2342 Lucas
256 2295 331 2341 antem
352 2293 418 2354 ponit
439 2292 521 2351 aliurn,
536 2293 623 2342 seilicet
640 2291 753 2355 Nathan,
771 2307 839 2356 qnos
856 2309 900 2344 sar.

162 2363 281 2415 historiam
297 2363 347 2412 libri
365 2364 452 2426 llegurn
467 2368 558 2414 constat
571 2364 652 2414 iratres
664 2362 749 2413 luisse.
767 2366 841 2416 Unde
861 2368 893 2413 ah

164 2438 231 2496 runt,
248 2433 306 2496 qnod
325 2435 443 2484 Matthaeus
469 2448 547 2485 veram
569 2434 725 2497 genealogiam
751 2436 851 2488 Christi
873 2450 887 2485 u

164 2506 239 2556 Lucas
255 2509 331 2556 autern
351 2506 477 2568 putativam
488 2541 494 2567 ,
505 2509 567 2557 unde
584 2505 681 2569 incipit,
696 2523 711 2555 u
725 2511 754 2556 nt
773 2512 899 2572 putatae:

163 2579 258 2642 loscph.
279 2593 293 2624 n
308 2577 379 2626 Erant
398 2578 459 2628 euim
476 2579 546 2642 aliqui
561 2576 751 2640 enodationi,
767 2587 871 2644 propter
888 2596 894 2642 ι

200 2737 229 2798 (l)
248 2740 300 2784 Sive
314 2739 377 2783 illam
396 2751 447 2794 qnae
468 2741 520 2798 fuit
545 2740 624 2789 Urim,
637 2745 664 2784 ut
683 2739 792 2795 loquitur
809 2745 897 2789 Beana

162 2802 208 2862 ped
222 2812 278 2850 non,
291 2801 426 2856 eratenim,
440 2802 496 2846 crim
510 2803 534 2846 in
551 2802 688 2860 genealogia
701 2803 792 2849 christi
805 2817 898 2852 maner

166 2873 255 2917 exque
271 2861 344 2906 Dauid
358 2863 505 2908 Salomonem
519 2865 610 2920 genuit.
