1917 3317
196 176 227 215 ΒΕ
243 174 482 215 mssntsuuatlotttt
497 176 602 217 misai.
750 168 818 216 827ae

40 254 109 303 iratus
122 255 159 303 est
176 256 231 301 aute
245 264 285 303 eos
295 268 326 313 ,a
341 252 396 303 dicit
410 252 577 318 Hieronymus:
593 270 608 301 u
617 253 696 312 Quale
706 253 798 304 laturus

48 328 150 387 tempore
160 322 255 387 judicii,
271 324 325 375 talis
335 324 444 389 apostolis
459 324 572 389 apparuit.
588 341 602 373 r>
618 326 646 374 Ει
661 337 730 389 snper
742 324 799 376 illud

40 397 102 451 ιιι,
120 396 188 446 llll:
205 395 306 445 ollonae
319 396 412 447 videant
422 396 503 447 Filiam
518 396 619 447 hominis
632 396 760 447 uenientem
774 395 799 447 in

41 480 68 516 uo
82 480 126 518 suo
134 502 144 530 ‚
156 483 171 515 a
186 465 243 517 dicit
265 468 441 532 chrysostomus
457 468 553 533 (Homil.
572 467 648 531 Lllll)
665 484 671 516 :
690 484 705 515 o
717 468 801 519 volens

40 544 127 589 nstrare
140 538 198 602 qnid
212 542 247 588 εει
261 538 299 589 illa
310 538 381 603 gloria
391 538 414 589 in
428 552 472 601 qna
487 543 567 602 postea
580 544 690 589 uenturus
698 542 750 602 est,
767 538 801 588 eis

40 610 145 671 presenti
155 608 203 659 vita
218 608 336 673 rovelavit,
349 609 408 659 sicut
421 609 530 673 possibile
539 614 588 661 erat
600 622 640 661 eos
651 609 757 674 discere,
770 614 797 661 ut

43 694 69 730 ue
87 681 113 731 in
134 679 226 731 ltemini
239 685 310 731 morte
327 680 375 745 jam
391 680 515 731 doleant.»

44 753 403 815 Concursus-claritasquam
410 752 516 804 Christus
525 752 549 802 in
557 766 597 802 sua
604 752 800 817 nansdgnratieno

40 822 97 873 ondit
107 862 114 885 ,
126 824 174 873 luit
188 824 265 887 gloriae
277 822 367 874 claritas
378 822 539 886 essentialiter,
551 823 605 875 licet
616 838 662 875 nou
676 822 800 875 secundum

40 896 98 957 lum,
111 894 168 945 cium
182 893 252 946 luerit
264 908 307 959 per
316 895 408 945 modum
421 895 560 946 transeuntis
572 896 711 959 passienis.)

40 966 170 1030 despondeo
187 966 319 1026 dicendum,
334 965 395 1030 qudd
413 966 504 1019 claritas
522 966 644 1030 illaquam
662 968 764 1019 Christus
776 968 801 1018 in

40 1036 202 1102 signatione
211 1038 350 1101 assumpsit,
361 1036 406 1087 luit
415 1037 505 1088 clunem
517 1036 593 1101 glorie
606 1042 716 1101 quantum
728 1040 758 1089 ed
766 1051 801 1089 es-

40 1110 102 1173 tium,
112 1122 163 1159 non
175 1113 252 1163 tamen
260 1100 369 1171 quantum
381 1109 511 1159 admodum
522 1108 621 1159 essendi.
633 1110 800 1161 Claritasenim

40 1181 96 1243 proris
111 1178 210 1244 gloriosi
221 1178 335 1229 derivatur
343 1179 371 1229 ab
378 1180 460 1230 anima
468 1178 578 1240 claritate,
588 1180 647 1229 moui
661 1180 801 1244 Augustinus

40 1256 52 1299 t
62 1252 86 1301 in
108 1250 200 1315 Epist.
216 1249 252 1299 ud
263 1250 422 1300 Dioscorum.
440 1250 469 1299 El
483 1248 587 1299 similiter
599 1250 690 1301 claritas
700 1252 801 1315 corporis

40 1324 81 1372 isti
99 1322 126 1372 iu
145 1321 346 1383 transfiguratione
365 1321 468 1371 derivata
481 1324 518 1371 εει
531 1326 554 1371 ει
568 1320 709 1373 idirinitate
728 1323 802 1385 ipsius

50 1394 208 1443 damascenus
226 1392 314 1456 dicit),
333 1395 357 1442 et
375 1390 389 1441 a
405 1392 477 1455 gloria
490 1392 572 1443 animae
586 1393 645 1456 ejus.
661 1392 725 1452 Quod
740 1394 801 1443 euim

40 1464 133 1529 iincipio
156 1462 314 1526 conceptionis
327 1462 412 1513 Christi
424 1463 495 1527 gloria
513 1464 595 1515 animae
610 1477 657 1514 non
668 1465 804 1516 redundaret

42 1549 124 1600 eorpus
132 1572 143 1598 ,
159 1548 188 1585 ca
202 1534 299 1597 quadam
311 1533 479 1599 dispensatione
490 1535 567 1585 diuina
581 1536 666 1586 iactum
680 1542 729 1597 est,
743 1539 769 1584 ut
778 1533 803 1587 in

40 1620 89 1669 pere
104 1606 214 1671 passibili
228 1610 311 1656 nostrae
326 1606 489 1671 redemptionis
502 1608 604 1671 expleret
617 1607 732 1671 mpsten‘a,
745 1608 805 1658 sicut

43 1680 63 1727 r'a
79 1680 173 1731 dietum
186 1681 224 1727 est
237 1678 287 1742 (qn.
305 1680 344 1738 tt,
358 1682 401 1727 art.
422 1681 450 1740 l,
465 1678 494 1728 ad
504 1680 538 1739 ι).
552 1682 694 1729 nontamen
707 1690 748 1743 per
760 1679 805 1729 lroc

42 1756 101 1815 rupta
124 1755 165 1801 est
186 1748 277 1798 Christo
298 1752 398 1812 potestas
420 1748 650 1814 derivandi,gloriam
673 1749 755 1801 enimn
775 1749 805 1802 ad

41 1836 87 1883 pas.
101 1822 133 1872 llt
147 1822 196 1871 lroc
206 1818 299 1883 quidem
313 1819 375 1882 feeit,
386 1826 498 1882 quantum
512 1820 540 1870 ad
553 1820 629 1884 gloriae
640 1822 766 1873 cleritatem
780 1821 804 1871 iu

40 1890 202 1957 usliguratiene
211 1907 218 1954 3
227 1891 292 1942 aliter
302 1896 379 1941 tamen
390 1890 458 1955 quarn
469 1891 494 1941 in
502 1904 596 1956 corpore
605 1892 805 1956 glorificato,num

42 1978 121 2030 cerpus
133 1963 289 2029 glorificatum
302 1962 412 2013 redundat
428 1962 519 2014 claritas
534 1964 563 2013 ab
576 1964 664 2028 anima,
679 1965 739 2015 sicut
749 1978 805 2028 qna·

44 2038 176 2100 squmdam
187 2047 341 2099 permanens,
356 2047 439 2099 eorpus
452 2035 555 2085 allidens
570 2049 576 2084 :
592 2037 653 2087 unde
663 2035 805 2099 dulgerecer-

40 2108 169 2160 aliternon
191 2110 228 2157 est
249 2104 409 2156 miraculosum
428 2105 454 2155 in
476 2118 569 2169 cerpom
590 2105 698 2169 glorioso.
711 2107 757 2157 Sed
777 2108 805 2156 ad

42 2194 80 2242 pus
94 2180 185 2233 Christi
200 2178 226 2227 in
236 2172 435 2241 transfiguratione
452 2177 553 2228 derivata
569 2182 605 2228 est
617 2178 708 2229 caritas
721 2177 735 2229 d
748 2178 806 2229 diri·

41 2258 70 2303 ale
85 2251 206 2304 stenima
222 2250 288 2314 ejus,
306 2262 352 2299 non
365 2262 405 2313 per
421 2250 511 2301 modum
531 2249 648 2313 qualitatis
661 2250 806 2301 immanentis

46 2324 167 2375 alimentis
183 2320 261 2385 ipsum
276 2332 374 2385 corpus,
390 2320 430 2370 sed
447 2321 521 2383 magis
534 2334 575 2385 per
590 2323 681 2371 modum
695 2321 807 2385 passienis

40 2398 153 2460 assentis,
168 2394 231 2445 sicut
242 2390 294 2441 cim
313 2406 350 2442 aer
363 2391 592 2443 illuminatnrdsole.
606 2394 671 2444 Unde
684 2393 723 2443 ille
733 2392 807 2455 fulgor

40 2480 55 2514 ro
74 2468 98 2518 ia
117 2477 220 2531 corpore
234 2461 316 2513 Christi
333 2476 458 2527 apparens,
475 2464 623 2515 miraculosus
639 2464 697 2527 luit,
711 2464 770 2514 sicut
784 2465 807 2512 ει

40 2551 47 2585 e
64 2540 138 2603 ipsum
163 2535 229 2601 qudd
246 2534 369 2584 ambulavit
382 2547 450 2599 super
467 2536 541 2585 undas
558 2535 634 2585 maris.
648 2536 712 2585 Unde
725 2535 809 2596 ltionp·

40 2622 52 2656 a
66 2612 119 2661 dicit
130 2611 155 2661 in
169 2606 249 2671 Epist.
267 2606 297 2655 lll
310 2604 345 2654 od
359 2606 451 2655 Goa'um
464 2622 472 2653 :
487 2607 584 2671 «Super
599 2606 716 2657 homiuem
730 2616 809 2667 epera-

40 2686 66 2729 ter
79 2683 192 2733 christus
212 2690 240 2728 ea
253 2690 303 2741 pua
316 2681 370 2727 snut
382 2677 498 2740 hominis3
519 2684 543 2729 et
562 2680 606 2728 lrec
619 2679 728 2728 monstrat
740 2676 809 2739 virgo

40 2753 206 2812 pernaluraliter
217 2748 368 2811 concipicus,
382 2752 406 2797 et
423 2760 482 2812 aqua
495 2749 607 2800 instabilis
620 2746 768 2798 materialium
786 2750 810 2797 et

40 2838 140 2875 ¹reiorum
154 2821 247 2889 pedum
264 2819 382 2870 sustinens
400 2820 542 2883 grauitatem.
554 2836 569 2869 a
583 2820 648 2871 Unde
661 2832 708 2870 nou
723 2820 758 2867 est
774 2817 808 2869 di·

40 2898 98 2948 ulem
121 2895 206 2962 (deut
230 2890 297 2956 lingo
318 2892 346 2943 de
363 2892 388 2944 S.
409 2890 500 2945 Victore
521 2892 610 2958 dicit),
626 2890 687 2955 qudd
707 2890 812 2943 edusius
