1917 3317
139 157 185 206 tlt
334 165 393 203 raus
409 167 437 201 ιιι
441 188 451 215 ‚
468 165 561 209 ounsr.
578 164 636 214 xm,
653 163 711 200 nur.
730 164 749 200 ι.

136 244 186 308 ipsa
201 242 276 291 anima
290 241 375 290 Christi
389 239 515 291 secundum
532 241 635 290 eamdem
648 239 824 303 perfectionem
837 244 863 290 et
881 241 915 289 ιι

137 319 198 374 tem,
214 313 339 363 secunrlhm
354 327 421 376 quarn
436 316 491 363 sunt
501 311 618 361 iunctura
631 310 720 361 diviua.
732 312 762 360 lit
772 310 833 362 inde
844 318 882 361 cst
896 328 917 373 q

136 385 233 437 scicntia
247 387 328 434 enimn
347 385 432 434 Christi
454 389 490 436 est
506 384 600 434 interior
614 382 712 434 scientia
729 382 831 448 divini,
844 398 913 448 quan·

136 459 166 508 ad
185 458 277 507 mortum
295 455 462 520 cognoscendi,
485 455 538 519 quia
553 457 614 505 Deus
633 454 762 519 pericctiirs
779 460 905 519 cognoscit

137 529 205 594 qu'am
216 530 291 579 anima
305 527 406 591 Christi,
417 532 441 578 et
451 527 521 578 etiam
530 531 641 590 quantum
653 529 820 577 adnumerum
832 530 903 577 scitor

136 601 190 666 quia
202 601 277 649 anima
293 599 378 648 Christi
391 613 438 649 non
456 599 573 662 cognoscit
589 598 667 649 omnia
681 611 734 661 quae
748 599 817 650 licus
831 607 904 662 potest
918 596 920 679 l

137 685 189 724 cere
197 711 203 734 ,
211 686 261 734 quoe
270 677 345 722 tomen
355 673 416 721 lleus
423 672 540 734 cognoscit
548 669 645 720 scientil
654 668 768 732 simplicis
774 669 907 733 intelligen

135 743 190 794 licto
207 747 329 804 cognoscat
347 743 422 792 omnia
441 741 578 806 presentia,
601 741 717 805 praeterita
736 746 764 789 et
783 741 883 803 tutnra,
906 802 909 803 ⁷

136 815 198 866 neus
213 814 330 878 cognoscit
341 813 436 865 scientih
450 814 555 865 visionis.
571 814 600 862 Et
613 813 719 863 similitor
733 813 901 864 similitudine-

137 899 188 936 rum
203 886 284 936 anlmae
299 886 384 936 Christi
403 887 498 948 indite,
513 898 560 936 nou
578 885 699 948 adaequant
712 884 832 934 virtutem
854 889 905 935 dist

137 959 163 1009 in
177 960 263 1021 agendo
271 996 280 1022 ,
299 962 325 1008 ut
344 959 430 1010 scihcet
443 959 532 1022 possint
542 957 618 1007 omnia
632 970 701 1020 agere
717 970 772 1019 quae
785 958 855 1008 Deus
868 973 895 1021 pc·

138 1031 263 1081 ueletiam
281 1044 308 1080 eo
325 1031 391 1080 ruodo
413 1044 481 1093 agere
498 1030 559 1079 sicut
577 1030 638 1079 llens
659 1029 721 1090 agit,
736 1028 780 1091 qni
799 1030 855 1093 agit
868 1032 908 1077 in.

138 1102 237 1162 uirtute,
252 1105 317 1163 cujus
335 1105 436 1152 creatura
454 1114 501 1151 uon
517 1104 552 1149 est
568 1113 650 1163 capax.
664 1101 735 1150 Nulla
751 1101 838 1150 antem
853 1116 903 1151 res·

136 1173 169 1222 ad
183 1173 249 1234 cujus
263 1173 417 1235 cognitionem
436 1171 564 1236 aliqualiter
583 1172 713 1221 hahendam
728 1172 866 1234 requiratur
883 1188 901 1219 u

139 1242 246 1303 infinita,
260 1243 316 1293 lic'ot
326 1244 408 1307 aliquis
421 1245 501 1294 modus
513 1243 667 1306 cognoscendi
680 1242 711 1293 sit
725 1243 826 1293 uirtutis
842 1245 894 1292 imin

139 1315 244 1378 quedam
258 1318 334 1364 tamen
353 1319 468 1379 suntque
485 1329 531 1366 nou
546 1319 645 1378 possunt
658 1313 709 1364 fieri
723 1313 771 1363 nisi
788 1313 802 1364 a
818 1316 895 1365 viror

139 1385 222 1448 finita,
238 1386 297 1437 sicut
309 1388 394 1438 creatio
409 1391 432 1438 el
453 1387 498 1438 alia
514 1386 661 1450 hujusmodi,
675 1389 701 1435 nt
720 1389 789 1449 putet
803 1400 839 1436 cx
859 1389 888 1437 hi,

139 1457 164 1508 in
177 1459 196 1508 l.
213 1463 278 1522 porte
293 1459 353 1508 dicta
369 1464 422 1508 sunt
435 1460 492 1524 (qu.
510 1459 568 1521 ot).
582 1459 610 1508 Et
628 1458 681 1508 ideo
694 1457 778 1507 anima
791 1457 888 1508 Chrish.

140 1529 192 1581 chm
210 1529 372 1593 stercutum,
390 1537 426 1582 est
445 1530 537 1581 uirtutis
552 1530 636 1590 linita,
659 1533 737 1592 potest
758 1529 858 1592 quinem
880 1545 890 1577 o

136 1615 293 1666 cognoscere,
308 1603 348 1652 sed
364 1617 410 1653 uon
423 1617 463 1666 per
481 1616 573 1653 omnem
589 1602 697 1664 modum3
711 1613 759 1650 non
772 1606 857 1664 potest
877 1617 894 1649 a.

140 1673 216 1724 omnia
236 1674 309 1724 fecere
325 1709 332 1734 ‚
346 1675 407 1738 quod
425 1675 525 1739 pertinet
538 1674 567 1722 ad
584 1673 695 1723 rationcrn
719 1673 894 1736 omnipotentia

138 1743 201 1796 inter
218 1749 299 1794 coetera
313 1747 458 1796 manifestum
477 1750 514 1795 est
526 1745 586 1809 qutd
598 1758 645 1794 non
658 1747 735 1806 potest
744 1756 828 1795 creare
842 1748 898 1807 seip-

172 1815 205 1864 hd
218 1815 311 1864 tertium
328 1817 465 1878 dicendum,
478 1817 538 1879 quod
552 1819 627 1866 animo
643 1815 729 1865 Christi
743 1816 829 1865 hahuit
838 1822 862 1867 et
875 1833 889 1865 ι

140 1885 196 1934 tiam
208 1886 330 1950 practicam
345 1891 367 1937 ct
382 1889 561 1952 speculativum
573 1901 619 1938 non
632 1891 710 1937 tamen
722 1891 814 1951 oportet
829 1889 889 1951 qnhl

141 1956 205 2007 nium
227 1955 317 2008 illorum
343 1961 426 2010 haheat
450 1959 567 2010 scientiam
586 1958 727 2023 practicam,
749 1973 853 2022 quornm
876 1962 896 2006 h

139 2029 261 2078 scientiam
273 2031 445 2094 speculativam.
460 2033 493 2081 hri
513 2031 632 2082 scientiam
651 2030 713 2079 enim
728 2030 893 2094 speculativam

142 2099 239 2150 hendam
250 2103 336 2151 snl'hcit
349 2105 396 2152 sola
407 2103 555 2153 conformitas
564 2101 601 2152 vel
610 2101 744 2151 assimilatio
752 2102 852 2154 scientis
865 2105 890 2151 a}

141 2171 237 2234 scitam3
250 2173 278 2221 arl
296 2173 414 2224 scientium
428 2175 505 2224 autem
518 2173 643 2237 practicam
656 2171 784 2236 requiritur
798 2173 862 2236 quod
875 2175 901 2220 io

141 2255 217 2292 rerum
235 2257 285 2306 qnae
306 2245 395 2294 suntin
416 2243 553 2306 intellectu,
566 2245 613 2294 sint
634 2243 736 2294 factivae.
752 2244 809 2295 Plus
825 2251 898 2294 auleis

141 2313 226 2364 hahere
244 2313 338 2364 formam
359 2319 382 2366 ιι
401 2315 532 2379 imprimere
552 2315 649 2367 formam
668 2315 775 2366 habitum
796 2317 822 2366 in
845 2317 896 2364 altr:

142 2384 211 2448 quim
225 2385 298 2436 sellun
318 2387 401 2436 hahere
418 2387 533 2450 sormam,
547 2385 608 2436 siem
618 2386 669 2450 plus
683 2391 719 2436 est
731 2388 811 2438 lucere
826 2392 851 2438 ιι
864 2388 898 2435 ihi

143 2469 212 2516 nare,
227 2457 294 2520 quim
310 2457 382 2508 sollum
401 2459 488 2508 lucere.
509 2459 539 2508 ut
556 2457 610 2507 inde
625 2460 662 2506 cst
684 2455 747 2520 quhd
767 2459 847 2508 anima
864 2460 898 2506 tl:

141 2527 211 2579 hahet
224 2530 315 2593 quidem
330 2531 495 2594 speculativam
507 2529 627 2580 scientiam
640 2529 734 2579 creandi
744 2530 806 2594 (scit
817 2531 876 2580 enirn
889 2542 899 2587 r]
918 2578 920 2585 ,

141 2597 194 2650 liter
206 2601 266 2651 lleus
275 2605 356 2663 creat),
370 2603 409 2654 sed
421 2616 468 2652 oon
477 2602 547 2651 hahet
556 2601 627 2664 hujus
640 2600 674 2652 rei
684 2601 903 2667 scicntiampractir.;
918 2610 920 2643 r

141 2671 196 2736 quia
209 2686 255 2722 non
267 2673 335 2724 hahet
345 2673 464 2724 scientiam
474 2672 595 2723 creationis
604 2672 726 2724 lactiram.
