1917 3317
154 193 199 240 tat
347 202 407 238 runs
423 202 465 250 111,
482 201 574 246 onnes.
591 199 643 248 ιιι,
660 197 714 237 ιιι.
732 195 756 232 ιι.

152 281 202 333 Llll
216 293 221 328 :
236 294 250 326 o
259 278 352 328 Oblatus
366 281 409 337 est,
418 276 473 341 quia
484 275 534 340 ipse
548 275 633 338 uoluit3
643 272 821 338 uctloquitnrde
830 269 911 322 obtati:

158 353 186 402 ad
198 350 337 416 passionem.
353 349 397 398 Sed
411 349 519 398 voluntas
530 348 653 412 opponitur
662 344 795 398 densitati.
805 345 858 406 Ergo
868 343 903 391 tt»

156 427 195 476 tus
211 436 257 473 non
266 436 296 472 ex
307 421 444 472 necessitate
455 420 571 484 subjacuit
583 419 738 483 corporalibus
749 417 873 467 defectibus.

187 500 212 545 Ξ.
223 497 350 554 Praeterea,
363 496 515 544 damascenus
525 492 580 542 dicit
590 492 615 541 in
626 493 668 542 lll.
678 491 719 541 lib.
732 489 791 554 (cap.
801 489 836 549 lt)
848 504 853 536 :
866 488 897 533 ab

156 570 258 618 coactum
272 568 297 616 in
308 565 397 616 Christo
411 564 573 626 consideratur,
592 564 633 614 sed
649 563 726 613 omnia
738 560 863 612 adnuntia.
876 574 910 603 r

156 639 216 702 quod
230 641 266 687 est
283 636 450 696 uoluntarium,
466 648 513 686 non
526 640 562 684 est
574 634 739 685 neeessariam.
752 633 812 696 Ergo
821 632 901 695 hujuso

155 707 258 760 delectus
272 721 316 758 nou
334 708 426 757 luerunt
440 721 470 757 ex
482 707 624 756 necessitate
636 705 662 754 in
677 704 775 756 thanen.

188 785 212 830 3.
228 782 356 841 Preterea,
373 779 499 829 necessitas
520 779 616 827 inlertur
630 777 659 828 ab
678 777 752 840 aliquo
765 774 886 840 potentiori.
899 775 907 800 ⁴

157 852 221 902 nulla
240 856 342 900 creatura
366 854 401 900 est
420 849 536 913 potentior
550 861 618 911 quan
634 847 711 897 anima
730 846 832 910 Christi,
845 848 892 906 adp

158 921 285 987 pertinebat
301 921 418 985 proprium
432 934 516 983 corpus
535 932 682 970 conservare.
695 920 755 982 Ergo
774 918 893 983 hujusnob

157 994 232 1046 lectus
245 1007 285 1044 seu
301 991 443 1042 infirmitates
461 1005 508 1042 non
521 991 613 1041 luerunt
624 991 649 1041 in
662 991 752 1041 Christo
766 1005 796 1042 ex
814 1000 900 1040 necess:

190 1065 234 1116 Sed
246 1069 325 1116 contra
335 1070 383 1127 cst,
393 1065 453 1127 quod
464 1064 586 1127 Apostolus
594 1062 651 1112 dicit
657 1062 694 1112 od
702 1065 786 1117 Rom„
797 1063 849 1111 titi
859 1077 864 1109 :
874 1080 885 1105 a
894 1062 902 1106 ss=

160 1136 221 1187 Deus
234 1135 316 1184 Filium
329 1148 396 1198 suurn
406 1134 430 1183 in
443 1133 616 1185 similitudinem
629 1133 704 1182 carnis
717 1133 816 1198 peccati.
827 1150 841 1179 u
851 1132 889 1181 Sei

159 1207 215 1259 ditio
228 1207 302 1256 carnis
316 1205 405 1269 peccati
419 1210 464 1267 est,
475 1204 535 1269 qudd
550 1205 633 1255 habeat
644 1205 806 1256 necessitatem
816 1203 892 1254 morien

161 1276 287 1329 sustinendi
307 1277 362 1326 alias
379 1276 512 1341 hujusmodi
532 1276 660 1340 passiones.
683 1279 744 1341 Ergo
766 1277 820 1327 talis
839 1290 896 1326 nece}

161 1348 290 1400 sustinendi
302 1349 345 1399 hos
359 1348 461 1398 delectus
475 1347 518 1397 luit
533 1350 558 1396 in
575 1361 643 1402 carne
654 1346 750 1397 Christi.

194 1420 389 1485 (Coucuusrn-
398 1421 486 1485 Corpus
500 1419 585 1469 Christi
598 1417 696 1469 naturali
705 1420 846 1470 necessitate
855 1434 892 1479 sec.

160 1493 277 1544 materiam
289 1505 370 1555 exque
385 1492 429 1541 luit
439 1491 599 1556 compositum,
608 1491 676 1541 morti
688 1493 829 1555 calensque
844 1506 892 1552 corp

160 1566 203 1616 bus
224 1563 349 1615 defectibus
367 1564 498 1627 subjectum
514 1562 572 1627 luit3
589 1563 650 1612 nulla
669 1566 748 1612 autern
769 1562 815 1613 fuit
828 1563 853 1612 in
872 1564 898 1610 ι”ι

161 1636 282 1688 coactionis
294 1634 419 1685 necessitas
436 1646 566 1699 repugnans
580 1633 664 1684 diriuae
677 1633 716 1682 vel
731 1635 841 1685 humanae
853 1637 891 1683 rol

81 1729 83 1740 =
161 1706 277 1769 absolute,
291 1706 331 1756 sed
343 1706 415 1757 solum
427 1703 553 1755 secundhrn
567 1705 693 1755 naturalem
706 1709 798 1756 motuni
816 1707 890 1756 rotuur

191 1779 327 1842 Respondes
341 1776 477 1839 dicendum,
492 1775 553 1840 qubd
571 1776 656 1838 duplex
668 1778 706 1826 est
720 1778 851 1827 necenitas
860 1780 888 1840 tt)

161 1849 269 1914 quidem,
286 1849 435 1910 coactionis,
455 1861 505 1912 quae
522 1849 548 1897 tit
567 1848 596 1897 ab
607 1851 689 1910 agente
704 1847 853 1903 extrinseco.
873 1852 890 1897 ct

161 1919 254 1984 quidem
274 1919 397 1970 necessitas
409 1917 559 1969 contrariatur
578 1922 602 1969 et
615 1921 701 1969 natura
721 1921 748 1969 et
761 1920 886 1979 uoluntas
898 1941 907 1978 ι,

161 2005 212 2042 rum
224 1994 343 2055 utrumque
357 1993 391 2042 est
401 1989 537 2057 principium
548 1991 707 2041 intrinsecum.
723 1993 775 2042 Alia
787 1995 865 2043 autern
875 1996 902 2040 est

162 2063 264 2113 cessitas
273 2061 418 2122 naturalis,
430 2075 480 2125 quac
492 2061 639 2124 consequitur
649 2061 765 2126 principia
776 2064 909 2120 naturalia.²

162 2134 270 2192 formam,
286 2133 347 2184 sicut
365 2132 519 2184 necessarium
538 2138 575 2184 est
591 2133 668 2197 ignem
681 2133 827 2196 calefacere,
840 2136 878 2185 rel
893 2147 908 2179 n

161 2204 232 2268 riam,
247 2203 306 2254 sicud
323 2205 476 2255 necessarium
488 2208 524 2255 est
537 2218 619 2269 corpus
635 2217 664 2254 ex
675 2206 800 2256 contrariis
813 2219 907 2268 compos

162 2274 264 2328 dissolui.
278 2276 404 2327 Secundum
418 2275 487 2339 igitur
497 2278 558 2338 hanc
571 2275 731 2336 necessitatem
738 2314 748 2341 ‚
758 2292 810 2342 quae
821 2291 898 2336 conset

162 2347 297 2410 materiam,
314 2361 395 2412 corpus
407 2347 490 2398 Christi
503 2348 630 2411 subjectum
643 2347 688 2396 luit
701 2351 840 2401 necessitati
855 2365 902 2400 unos

162 2419 257 2470 aliorum
270 2418 401 2484 hujusmodi
412 2419 554 2483 defectuum3
570 2419 638 2483 quia,
654 2418 714 2468 sicut
727 2421 820 2474 dicmur
833 2429 879 2482 est,
893 2440 902 2460 «ι

162 2492 276 2556 beplacito
287 2491 370 2542 diuinae
384 2490 509 2541 uoluntatis
518 2529 524 2554 ‚
533 2490 597 2540 carun
611 2489 698 2541 Christi
710 2493 900 2556 permittebatur

162 2565 186 2614 et
201 2562 310 2628 patique
323 2561 448 2626 propria.»
460 2561 513 2613 llac
525 2565 600 2613 autern
611 2561 739 2614 necessitas
750 2571 860 2620 causatur
871 2580 906 2620 er¹

194 2734 227 2798 (1)
244 2737 356 2788 Quantum
372 2735 402 2780 ad
413 2735 544 2780 institutum
552 2747 667 2793 prensens,
678 2732 721 2781 ubi
735 2741 762 2782 et
771 2741 867 2785 coactio
878 2750 895 2778 u

161 2799 217 2844 tiam
233 2797 333 2842 exteribs
344 2795 431 2848 illatam
442 2797 569 2854 significan
580 2799 621 2843 sed
631 2804 668 2844 est
679 2797 741 2843 aliud
752 2813 831 2857 genus
840 2813 904 2847 eoae.

160 2859 406 2978 lerplcmrggpuupertincns
414 2892 420 2918 ‚
432 2864 456 2906 et
473 2861 508 2920 11,
520 2860 599 2911 sent,
615 2862 670 2910 dist.
685 2860 731 2922 25,
741 2871 832 2914 muira
846 2869 902 2912 lau»
